[{"full_name":"EL CORTE INGLES aceitunas rellenas de anchoa pack 3 latas 50 g neto escurrido","name":"aceitunas rellenas de anchoa pack 3 latas 50 g neto escurrido","brand":"EL CORTE INGLES ","img":"https://sgfm.elcorteingles.es/SGFM/dctm/MEDIA03/201608/26/00120940801168____3__600x600.jpg","price":"1,99 €","price_unit":"(13,27 € / Kilo)","categories":["Supermercado","Alimentación General","Aceitunas y variantes","Aceitunas rellenas","EL CORTE INGLES aceitunas rellenas de anchoa pack 3 latas 50 g neto escurrido"],"general_information":["Denominación del alimento: ACEITUNAS VERDES RELLENAS DE ANCHOA","Nombre del operador: Elaborado para El Corte Inglés por\nACEITUNAS CAZORLA, S.L. \nCtra. Madrid, 69\n03007 Alicante\nEspaña","Lugar de procedencia del alimento: Producto de España","Cantidad Neta: 360 g","Peso neto escurrido: 150 g","Número de raciones por envase: 6"],"ingredients":[" Ingredientes: \nAgua, aceitunas, pasta de anchoa 6%* (anchoa, estabilizante (E 401)), sal, potenciadores del sabor (E 621, E 635), acidulante (E 330) y antioxidante (E 300).\n*Referenciado al peso neto escurrido. Puede contener trazas de gambas, almendras y queso."],"conservation":" Conservar en lugar fresco y seco. Evitar en la medida de lo posible la luz directa del sol.\nUna vez abierto, conservar refrigerado y consumir preferentemente antes de 7 días.","ean":"8433329056441"},{"full_name":"EL CORTE INGLES aceitunas rellenas de pimiento morrón pack 3 latas 50 g neto escurrido","name":"aceitunas rellenas de pimiento morrón pack 3 latas 50 g neto escurrido","brand":"EL CORTE INGLES ","img":"https://sgfm.elcorteingles.es/SGFM/dctm/MEDIA03/201608/26/00120940801184____3__600x600.jpg","price":"1,99 €","price_unit":"(13,27 € / Kilo)","categories":["Supermercado","Alimentación General","Aceitunas y variantes","Aceitunas rellenas","EL CORTE INGLES aceitunas rellenas de pimiento morrón pack 3 latas 50 g neto escurrido"],"general_information":["Denominación del alimento: ACEITUNAS VERDES RELLENAS DE PIMIENTO MORRÓN","Nombre del operador: Elaborado para El Corte Inglés por\nACEITUNAS CAZORLA, S.L. \nCtra. Madrid, 69\n03007 Alicante\nEspaña","Lugar de procedencia del alimento: Producto de España","Cantidad Neta: 360 g","Peso neto escurrido: 150 g","Número de raciones por envase: 6"],"ingredients":[" Ingredientes: \nAgua, aceitunas, pasta de pimiento 6% (pimiento asado, estabilizador (E401)), sal, potenciadores del sabor (E621, E635), acidulante (E330) y antioxidante (E300) Puede contener trazas de pescado, gambas, almendras y queso."],"conservation":" Conservar en lugar fresco y seco. Evitar en la medida de lo posible la luz directa del sol.\nUna vez abierto, conservar refrigerado y consumir preferentemente antes de 7 días.","ean":"8433329056465"},{"full_name":"ALIADA aceitunas rellenas de anchoa pack 6 latas 50 g neto escurrido","name":"aceitunas rellenas de anchoa pack 6 latas 50 g neto escurrido","brand":"ALIADA ","img":"https://sgfm.elcorteingles.es/SGFM/dctm/MEDIA02/CONTENIDOS/201511/05/00120940801143____3__600x600.jpg","price":"2,00 €","price_unit":"(6,67 € / Kilo)","categories":["Supermercado","Alimentación General","Aceitunas y variantes","Aceitunas rellenas","ALIADA aceitunas rellenas de anchoa pack 6 latas 50 g neto escurrido"],"general_information":["Denominación del alimento: ACEITUNAS VERDES RELLENAS DE ANCHOA","Nombre del operador: Elaborado para\nEl  Grupo El Corte Inglés \nHermosilla, 112 ? 28009 Madrid ? España \npor NIF: B-03158920","Lugar de procedencia del alimento: Producto de España","Cantidad Neta: 720 g","Peso neto escurrido: 300 g","Número de raciones por envase: 12"],"ingredients":[" Ingredientes: \nAceitunas, agua, pasta de anchoa 6% (anchoa, estabilizador (E401)), sal, potenciadores del sabor (E621, E635), acidulante (E330) y antioxidante (E300) Puede contener trazas de gamba, almendra y queso"],"conservation":" Conservar en lugar fresco y seco. \nUna vez abierto, conservar refrigerado y consumir preferentemente antes de 7 días.","ean":"8433329056243"},{"full_name":"ALIADA aceitunas rellenas de anchoa pack 3 latas 150 g neto escurrido","name":"aceitunas rellenas de anchoa pack 3 latas 150 g neto escurrido","brand":"ALIADA ","img":"https://sgfm.elcorteingles.es/SGFM/dctm/MEDIA02/CONTENIDOS/201512/04/00120940801192____1__600x600.jpg","price":"1,89 €","price_unit":"(4,20 € / Kilo)","categories":["Supermercado","Alimentación General","Aceitunas y variantes","Aceitunas rellenas","ALIADA aceitunas rellenas de anchoa pack 3 latas 150 g neto escurrido"],"general_information":["Denominación del alimento: ACEITUNAS VERDES RELLENAS DE ANCHOA","Nombre del operador: Elaborado para\nEl  Grupo El Corte Inglés \nHermosilla, 112 ? 28009 Madrid ? España \npor NIF: B-03158920","Lugar de procedencia del alimento: Producto de España","Cantidad Neta: 1050 g","Peso neto escurrido: 450 g","Número de raciones por envase: 18"],"ingredients":[" Ingredientes: \nAceitunas,agua, pasta de anchoa 6% (anchoa, estabilizador (E401)), sal, potenciadores del sabor (E621, E635), acidulante (E330) y antioxidante (E300) Puede contener trazas de gamba, almendra y queso"],"conservation":" Conservar en lugar fresco y seco. \nUna vez abierto, conservar refrigerado y consumir preferentemente antes de 7 días.","ean":"8433329056250"},{"full_name":"ALIADA aceitunas rellenas de anchoa suaves 35% menos sal lata 150 g neto escurrido","name":"aceitunas rellenas de anchoa suaves 35% menos sal lata 150 g neto escurrido","brand":"ALIADA ","img":"https://sgfm.elcorteingles.es/SGFM/dctm/MEDIA02/CONTENIDOS/201509/22/00120940801135____2__600x600.jpg","price":"0,75 €","price_unit":"(5 € / Kilo)","categories":["Supermercado","Alimentación General","Aceitunas y variantes","Aceitunas rellenas","ALIADA aceitunas rellenas de anchoa suaves 35% menos sal lata 150 g neto escurrido"],"general_information":["Denominación del alimento: ACEITUNAS VERDES RELLENAS DE ANCHOA.","Nombre del operador: Elaborado para\nEl  Grupo El Corte Inglés \nHermosilla, 112 ? 28009 Madrid ? España \npor NIF: B-03158920","Lugar de procedencia del alimento: Producto de España","Cantidad Neta: 350 g","Peso neto escurrido: 150 g","Número de raciones por envase: 6"],"ingredients":[" Ingredientes: \nAgua, aceitunas, pasta de anchoa 6% (anchoa, estabilizador (E401)), sal, potenciadores del sabor (E621, E635), acidulante (E330) y antioxidante (E300) Puede contener trazas de gamba, almendra y queso."],"conservation":" Conservar en lugar fresco y seco. \nUna vez abierto, conservar refrigerado y consumir preferentemente antes de 7 días.","ean":"8433329056274"},{"full_name":"ALIADA aceitunas rellenas de anchoa lata 130 g neto escurrido","name":"aceitunas rellenas de anchoa lata 130 g neto escurrido","brand":"ALIADA ","img":"https://sgfm.elcorteingles.es/SGFM/dctm/MEDIA02/CONTENIDOS/201509/22/00120940801127____2__600x600.jpg","price":"0,79 €","price_unit":"(6,08 € / Kilo)","categories":["Supermercado","Alimentación General","Aceitunas y variantes","Aceitunas rellenas","ALIADA aceitunas rellenas de anchoa lata 130 g neto escurrido"],"general_information":["Denominación del alimento: ACEITUNAS VERDES RELLENAS DE ANCHOA","Nombre del operador: Elaborado para\nEl  Grupo El Corte Inglés \nHermosilla, 112 ? 28009 Madrid ? España \npor NIF: B-03158920","Lugar de procedencia del alimento: Producto de España","Cantidad Neta: 300 g","Peso neto escurrido: 130 g","Número de raciones por envase: 5"],"ingredients":[" Ingredientes: \nAgua, aceitunas, pasta de anchoa 6% (anchoa, estabilizador (E401)), sal, potenciadores del sabor (E621, E635), acidulante (E330) y antioxidante (E300) Puede contener trazas de gamba, almendra y queso"],"conservation":" Conservar en lugar fresco y seco. \nUna vez abierto, conservar refrigerado y consumir preferentemente antes de 7 días.","ean":"8433329056267"},{"full_name":"EL CORTE INGLES aceitunas rellenas de anchoa lata 150 g neto escurrido","name":"aceitunas rellenas de anchoa lata 150 g neto escurrido","brand":"EL CORTE INGLES ","img":"https://sgfm.elcorteingles.es/SGFM/dctm/MEDIA03/201703/28/00120940801176____3__600x600.jpg","price":"1,26 €","price_unit":"(8,40 € / Kilo)","categories":["Supermercado","Alimentación General","Aceitunas y variantes","Aceitunas rellenas","EL CORTE INGLES aceitunas rellenas de anchoa lata 150 g neto escurrido"],"general_information":["Denominación del alimento: ACEITUNAS VERDES RELLENAS DE ANCHOA","Nombre del operador: Elaborado para El Corte Inglés por\nACEITUNAS CAZORLA, S.L. \nCtra. Madrid, 69\n03007 Alicante\nEspaña","Lugar de procedencia del alimento: Producto de España","Cantidad Neta: 350 g","Peso neto escurrido: 150 g","Número de raciones por envase: 6"],"ingredients":[" Ingredientes: \nAgua, aceitunas, pasta de anchoa 6%* (anchoa, estabilizador (E401)), sal, potenciadores del sabor (E621, E635), acidulante (E330) y antioxidante (E300).\n*Referenciado al peso neto escurrido. Puede contener trazas de gambas, almendras y queso."],"conservation":" Conservar en lugar fresco y seco. Evitar en la medida de lo posible la luz directa del sol.\nUna vez abierto, conservar refrigerado y consumir preferentemente antes de 7 días.","ean":"8433329056458"},{"full_name":"LA ESPAÑOLA Deluxe aceitunas rellenas de anchoa lata 150 g neto escurrido","name":"Deluxe aceitunas rellenas de anchoa lata 150 g neto escurrido","brand":"LA ESPAÑOLA ","img":"https://sgfm.elcorteingles.es/SGFM/dctm/MEDIA03/201603/14/00120940801226____1__600x600.jpg","price":"1,71 €","price_unit":"(11,40 € / Kilo)","categories":["Supermercado","Alimentación General","Aceitunas y variantes","Aceitunas rellenas","LA ESPAÑOLA Deluxe aceitunas rellenas de anchoa lata 150 g neto escurrido"],"general_information":["Denominación del alimento: Aceitunas rellenas de anchoa Deluxe","Nombre del operador: La Española Alimentaria Alcoyana, S.A.","Dirección del operador: C/Arzobispo Doménech, 7  03804-Alcoy(Alicante)","Cantidad Neta: 350 g","Peso neto escurrido: 150 g"],"ingredients":[" Aceitunas manzanilla fina verdes aderezadas, , sal, relleno de anchoa 6%(anchoa, estabilizante: alginato sódico), potenciador del sabor:glutamato monosódico, acidulante: ácido cítrico, antioxidante:ácido ascórbico."],"conservation":" Consumir dentro de los 7 días después de la apertura. Una vez abierto , conservar cerrado en el frigorífico con el máximo de líquido posible.","ean":"8410226011568"},{"full_name":"SERPIS GRAN SELECCION aceitunas rellenas de anchoa lata 590 g neto escurrido","name":"aceitunas rellenas de anchoa lata 590 g neto escurrido","brand":"SERPIS GRAN SELECCION ","img":"https://sgfm.elcorteingles.es/SGFM/00/94/7/0120940800947/0120940800947000g01011.jpg","price":"9,84 €","categories":["Supermercado","Alimentación General","Aceitunas y variantes","Aceitunas rellenas","SERPIS GRAN SELECCION aceitunas rellenas de anchoa lata 590 g neto escurrido"],"general_information":["Denominación del alimento: Aceituna manzanilla verde rellena de anchoa","Nombre del operador: CANDIDO MIRO, S.A.","Dirección del operador: Ctra. Banyeres, Km 2 03802 Alcoy- ESPAÑA","Cantidad Neta: 1500 g","Peso neto escurrido: 590 g"],"ingredients":[" aceituna manzanilla verde, relleno 6%(anchoa,estabilizador:alginato sódico), sal, potenciador del sabor: glutamato monosódico, acidulante: ácido cítrico, antioxidante: ácido L-ascórbico. PASTEURIZADO"],"conservation":" Una vez abierto el envase consérvese en frigorifico","ean":"8410344105903"},{"full_name":"SERPIS GRAN SELECCION aceitunas rellenas de anchoas lata 150 g neto escurrido","name":"aceitunas rellenas de anchoas lata 150 g neto escurrido","brand":"SERPIS GRAN SELECCION ","img":"https://sgfm.elcorteingles.es/SGFM/dctm/MEDIA02/CONTENIDOS/201409/01/00200440800787____2__600x600.jpg","price":"1,65 €","price_unit":"(11 € / Kilo)","categories":["Supermercado","Alimentación General","Aceitunas y variantes","Aceitunas rellenas","SERPIS GRAN SELECCION aceitunas rellenas de anchoas lata 150 g neto escurrido"],"general_information":["Denominación del alimento: Aceituna manzanilla verde rellena de anchoa","Nombre del operador: CANDIDO MIRO, S.A.","Dirección del operador: Ctra. Banyeres, Km 2 03802 Alcoy- ESPAÑA","Cantidad Neta: 350 g","Peso neto escurrido: 150 g"],"ingredients":[" aceituna manzanilla verde, relleno 6%(anchoa,estabilizador:alginato sódico), sal, potenciador del sabor: glutamato monosódico, acidulante: ácido cítrico, antioxidante: ácido L-ascórbico. PASTEURIZADO"],"conservation":" Una vez abierto el envase consérvese en frigorifico","ean":"8410344152006"},{"full_name":"SERPIS GRAN SELECCION aceitunas rellenas de anchoa pack 3 latas 50 g neto escurrido","name":"aceitunas rellenas de anchoa pack 3 latas 50 g neto escurrido","brand":"SERPIS GRAN SELECCION ","img":"https://sgfm.elcorteingles.es/SGFM/00/56/6/0120940800566/0120940800566000g01011.jpg","price":"3,25 €","price_unit":"(21,67 € / Kilo)","categories":["Supermercado","Alimentación General","Aceitunas y variantes","Aceitunas rellenas","SERPIS GRAN SELECCION aceitunas rellenas de anchoa pack 3 latas 50 g neto escurrido"],"general_information":["Denominación del alimento: Aceituna manzanilla verde rellena de anchoa","Nombre del operador: CANDIDO MIRO, S.A.","Dirección del operador: Ctra. Banyeres, Km 2 03802 Alcoy- ESPAÑA","Cantidad Neta: 360 g","Peso neto escurrido: 150 g"],"ingredients":[" aceituna manzanilla verde, relleno 6%(anchoa,estabilizador:alginato sódico), sal, potenciador del sabor: glutamato monosódico, acidulante: ácido cítrico, antioxidante: ácido L-ascórbico. PASTEURIZADO"],"conservation":" Una vez abierto el envase consérvese en frigorifico","ean":"8410344222006"},{"full_name":"SERPIS aceitunas rellenas de anchoa pack 2 latas 85 g neto escurrido","name":"aceitunas rellenas de anchoa pack 2 latas 85 g neto escurrido","brand":"SERPIS ","img":"https://sgfm.elcorteingles.es/SGFM/00/90/5/0120940800905/0120940800905000g01011.jpg","price":"1,99 €","price_unit":"(11,71 € / Kilo)","categories":["Supermercado","Alimentación General","Aceitunas y variantes","Aceitunas rellenas","SERPIS aceitunas rellenas de anchoa pack 2 latas 85 g neto escurrido"],"general_information":["Denominación del alimento: Aceituna manzanilla verde rellena de anchoa","Nombre del operador: CANDIDO MIRO, S.A.","Dirección del operador: Ctra. Banyeres, Km 2 03802 Alcoy- ESPAÑA","Cantidad Neta: 400 g","Peso neto escurrido: 170 g"],"ingredients":[" aceituna manzanilla verde, relleno 6%(anchoa,estabilizador:alginato sódico), sal, potenciador del sabor: glutamato monosódico, acidulante: ácido cítrico, antioxidante: ácido L-ascórbico. PASTEURIZADO"],"conservation":" Una vez abierto el envase consérvese en frigorifico","ean":"8410344150873"},{"full_name":"SERPIS aceitunas rellenas de anchoa lata 150 g neto escurrido","name":"aceitunas rellenas de anchoa lata 150 g neto escurrido","brand":"SERPIS ","img":"https://sgfm.elcorteingles.es/SGFM/00/12/9/0120940800129/0120940800129000g01011.jpg","price":"1,59 €","price_unit":"(10,60 € / Kilo)","categories":["Supermercado","Alimentación General","Aceitunas y variantes","Aceitunas rellenas","SERPIS aceitunas rellenas de anchoa lata 150 g neto escurrido"],"general_information":["Denominación del alimento: Aceituna manzanilla verde rellena de anchoa","Nombre del operador: CANDIDO MIRO, S.A.","Dirección del operador: Ctra. Banyeres, Km 2 03802 Alcoy- ESPAÑA","Cantidad Neta: 350 g","Peso neto escurrido: 150 g"],"ingredients":[" aceituna manzanilla verde, relleno 6%(anchoa,estabilizador:alginato sódico), sal, potenciador del sabor: glutamato monosódico, acidulante: ácido cítrico, antioxidante: ácido L-ascórbico. PASTEURIZADO"],"conservation":" Una vez abierto el envase consérvese en frigorifico","ean":"8410344151504"},{"full_name":"SERPIS aceitunas rellenas de anchoa pack 3 latas 50 g neto escurrido","name":"aceitunas rellenas de anchoa pack 3 latas 50 g neto escurrido","brand":"SERPIS ","img":"https://sgfm.elcorteingles.es/SGFM/00/14/5/0120940800145/0120940800145000g01011.jpg","price":"2,52 €","price_unit":"(16,80 € / Kilo)","categories":["Supermercado","Alimentación General","Aceitunas y variantes","Aceitunas rellenas","SERPIS aceitunas rellenas de anchoa pack 3 latas 50 g neto escurrido"],"general_information":["Denominación del alimento: Aceituna manzanilla verde rellena de anchoa","Nombre del operador: CANDIDO MIRO, S.A.","Dirección del operador: Ctra. Banyeres, Km 2 03802 Alcoy- ESPAÑA","Cantidad Neta: 480 g","Peso neto escurrido: 200 g"],"ingredients":[" aceituna manzanilla verde, relleno 6%(anchoa,estabilizador:alginato sódico), sal, potenciador del sabor: glutamato monosódico, acidulante: ácido cítrico, antioxidante: ácido L-ascórbico. PASTEURIZADO"],"conservation":" Una vez abierto el envase consérvese en frigorifico","ean":"8410344222501"},{"full_name":"SERPIS aceitunas rellenas de anchoa ligeras lata 150 g neto escurrido","name":"aceitunas rellenas de anchoa ligeras lata 150 g neto escurrido","brand":"SERPIS ","img":"https://sgfm.elcorteingles.es/SGFM/00/16/0/0120940800160/0120940800160000g01011.jpg","price":"1,46 €","price_unit":"(9,73 € / Kilo)","categories":["Supermercado","Alimentación General","Aceitunas y variantes","Aceitunas rellenas","SERPIS aceitunas rellenas de anchoa ligeras lata 150 g neto escurrido"],"general_information":["Denominación del alimento: Aceituna manzanilla verde rellena de anchoa","Nombre del operador: CANDIDO MIRO, S.A.","Dirección del operador: Ctra. Banyeres, Km 2 03802 Alcoy- ESPAÑA","Cantidad Neta: 350 g","Peso neto escurrido: 150 g"],"ingredients":[" aceituna manzanilla verde, relleno 6%(anchoa,estabilizador:alginato sódico), sal, potenciador del sabor: glutamato monosódico, acidulante: ácido cítrico, antioxidante: ácido L-ascórbico. PASTEURIZADO"],"conservation":" Una vez abierto el envase consérvese en frigorifico","ean":"8410344113502"},{"full_name":"SERPIS aceitunas rellenas de anchoa + ligeras 35% menos sal pack 3 envases 50 g neto escurrido","name":"aceitunas rellenas de anchoa + ligeras 35% menos sal pack 3 envases 50 g neto escurrido","brand":"SERPIS ","img":"https://sgfm.elcorteingles.es/SGFM/00/64/0/0120940800640/0120940800640000g01011.jpg","price":"2,52 €","price_unit":"(16,80 € / Kilo)","categories":["Supermercado","Alimentación General","Aceitunas y variantes","Aceitunas rellenas","SERPIS aceitunas rellenas de anchoa + ligeras 35% menos sal pack 3 envases 50 g neto escurrido"],"general_information":["Denominación del alimento: Aceituna manzanilla verde rellena de anchoa","Nombre del operador: CANDIDO MIRO, S.A.","Dirección del operador: Ctra. Banyeres, Km 2 03802 Alcoy- ESPAÑA","Cantidad Neta: 480 g","Peso neto escurrido: 200 g"],"ingredients":[" aceituna manzanilla verde, relleno 6%(anchoa,estabilizador:alginato sódico), sal, potenciador del sabor: glutamato monosódico, acidulante: ácido cítrico, antioxidante: ácido L-ascórbico. PASTEURIZADO"],"conservation":" Una vez abierto el envase consérvese en frigorifico","ean":"8410344111287"},{"full_name":"SERPIS Benefit aceitunas rellenas de anchoa con 75% menos sal lata 130 g neto escurrido","name":"Benefit aceitunas rellenas de anchoa con 75% menos sal lata 130 g neto escurrido","brand":"SERPIS ","img":"https://sgfm.elcorteingles.es/SGFM/dctm/MEDIA02/CONTENIDOS/201507/03/00120940801093____1__600x600.jpg","price":"1,43 €","price_unit":"(11 € / Kilo)","categories":["Supermercado","Alimentación General","Aceitunas y variantes","Aceitunas rellenas","SERPIS Benefit aceitunas rellenas de anchoa con 75% menos sal lata 130 g neto escurrido"],"general_information":["Denominación del alimento: Aceituna manzanilla verde rellena de anchoa","Nombre del operador: CANDIDO MIRO, S.A.","Dirección del operador: Ctra. Banyeres, Km 2 03802 Alcoy- ESPAÑA","Cantidad Neta: 300 g","Peso neto escurrido: 130 g"],"ingredients":[" aceituna manzanilla verde, relleno 6%(anchoa,estabilizador:alginato sódico), acidulante: ácido cítrico, potenciadores del sabor: inosinato disódico y guanilato disódico, Antioxidante: ácido L- ascórbico. PASTEURIZADO"],"conservation":" Una vez abierto el envase consérvese en frigorifico","ean":"8410344111317"},{"full_name":"SERPIS aceitunas rellenas de pimiento lata 150 g neto escurrido","name":"aceitunas rellenas de pimiento lata 150 g neto escurrido","brand":"SERPIS ","img":"https://sgfm.elcorteingles.es/SGFM/00/15/2/0120940800152/0120940800152000g01011.jpg","price":"2,15 €","price_unit":"(14,33 € / Kilo)","categories":["Supermercado","Alimentación General","Aceitunas y variantes","Aceitunas rellenas","SERPIS aceitunas rellenas de pimiento lata 150 g neto escurrido"],"general_information":["Denominación del alimento: Aceituna manzanilla verde rellena de pimieno.","Nombre del operador: CANDIDO MIRO, S.A.","Dirección del operador: Ctra. Banyeres, Km 2 03802 Alcoy- ESPAÑA","Cantidad Neta: 350 g","Peso neto escurrido: 150 g"],"ingredients":[" Aceituna manzanilla verde,  pasta de pimiento 14% (pimiento natural, estabilizante: alginato sódico), sal, acidulantes (ácido cítrico y ácido láctico), antioxidante: ácido L- ascórbico y potenciador del sabor (glutamato monosódico).  PASTEURIZADO"],"conservation":" Una vez abierto el envase consérvese en frigorifico","ean":"8410344700030"},{"full_name":"SERPIS TABASCO aceitunas picantes rellenas de pimiento frasco 200 g neto escurrido","name":"TABASCO aceitunas picantes rellenas de pimiento frasco 200 g neto escurrido","brand":"SERPIS ","img":"https://sgfm.elcorteingles.es/SGFM/dctm/MEDIA02/CONTENIDOS/201507/03/00120940801101____1__600x600.jpg","price":"2,54 €","price_unit":"(12,70 € / Kilo)","categories":["Supermercado","Alimentación General","Aceitunas y variantes","Aceitunas rellenas","SERPIS TABASCO aceitunas picantes rellenas de pimiento frasco 200 g neto escurrido"],"general_information":["Denominación del alimento: Aceituna manzanilla verde rellena de pimiento","Nombre del operador: CANDIDO MIRO, S.A.","Dirección del operador: Ctra. Banyeres, Km 2 03802 Alcoy- ESPAÑA","Cantidad Neta: 340 g","Peso neto escurrido: 200 g"],"ingredients":[" Aceituna manzanilla verde, relleno 14% (pimiento, agua, estabilizador: alginato sódico), sal, acidulantes (ácido cítrico  ácido láctico) TABASCO (pimiento rojo picante, vinagre destilado y sal) antioxidante: ácido L- ascórbico y potenciador del sabor (glutamato monosódico). PASTEURIZADO"],"conservation":" Una vez abierto el envase consérvese en frigorifico","ean":"8410344702126"},{"full_name":"SERPIS SABORES aceitunas rellenas de jamón serrano lata 130 g neto escurrido","name":"aceitunas rellenas de jamón serrano lata 130 g neto escurrido","brand":"SERPIS SABORES ","img":"https://sgfm.elcorteingles.es/SGFM/dctm/MEDIA03/201704/06/00120940801234____6__600x600.jpg","price":"2,09 €","price_unit":"(16,08 € / Kilo)","categories":["Supermercado","Alimentación General","Aceitunas y variantes","Aceitunas rellenas","SERPIS SABORES aceitunas rellenas de jamón serrano lata 130 g neto escurrido"],"general_information":[],"ingredients":[],"ean":"8410344900089"},{"full_name":"SERPIS SABORES aceitunas rellenas de queso manchego lata 130 g neto escurrido","name":"aceitunas rellenas de queso manchego lata 130 g neto escurrido","brand":"SERPIS SABORES ","img":"https://sgfm.elcorteingles.es/SGFM/dctm/MEDIA03/201704/06/00120940801259____1__600x600.jpg","price":"2,09 €","price_unit":"(16,08 € / Kilo)","categories":["Supermercado","Alimentación General","Aceitunas y variantes","Aceitunas rellenas","SERPIS SABORES aceitunas rellenas de queso manchego lata 130 g neto escurrido"],"general_information":[],"ingredients":[],"ean":"8410344900140"},{"full_name":"LA ESPAÑOLA aceitunas verdes rellenas de anchoa lata 600 g neto escurrido","name":"aceitunas verdes rellenas de anchoa lata 600 g neto escurrido","brand":"LA ESPAÑOLA ","img":"https://sgfm.elcorteingles.es/SGFM/dctm/MEDIA03/201612/27/00120940801218____6__600x600.jpg","price":"9,63 €","price_unit":"(16,05 € / Kilo)","categories":["Supermercado","Alimentación General","Aceitunas y variantes","Aceitunas rellenas","LA ESPAÑOLA aceitunas verdes rellenas de anchoa lata 600 g neto escurrido"],"general_information":["Denominación del alimento: Aceitunas verdes rellenas de anchoa ORO","Nombre del operador: La Española Alimentaria Alcoyana, S.A.","Dirección del operador: C/Arzobispo Doménech, 7  03804-Alcoy(Alicante)","Cantidad Neta: 1460 g","Peso neto escurrido: 600 g"],"ingredients":[" Aceitunas manzanilla fina verdes aderezadas, , sal, relleno de anchoa 6%(anchoa, estabilizante: alginato sódico), potenciador del sabor:glutamato monosódico, acidulante: ácido cítrico, antioxidante:ácido ascórbico."],"conservation":" Consumir dentro de los 7 días después de la apertura. Una vez abierto , conservar cerrado en el frigorífico con el máximo de líquido posible.","ean":"8410226011087"},{"full_name":"LA ESPAÑOLA aceitunas rellenas de anchoa pack 3 latas 150 g neto escurrido","name":"aceitunas rellenas de anchoa pack 3 latas 150 g neto escurrido","brand":"LA ESPAÑOLA ","img":"https://sgfm.elcorteingles.es/SGFM/dctm/MEDIA02/CONTENIDOS/201409/01/00120940800418____1__600x600.jpg","price":"3,59 €","price_unit":"(7,98 € / Kilo)","categories":["Supermercado","Alimentación General","Aceitunas y variantes","Aceitunas rellenas","LA ESPAÑOLA aceitunas rellenas de anchoa pack 3 latas 150 g neto escurrido"],"general_information":["Denominación del alimento: Aceitunas rellenas de anchoa Clásicas","Nombre del operador: La Española Alimentaria Alcoyana, S.A.","Dirección del operador: C/Arzobispo Doménech, 7  03804-Alcoy(Alicante)","Cantidad Neta: 1050 g","Peso neto escurrido: 450 g"],"ingredients":[" Aceitunas manzanilla fina verdes aderezadas, , sal, relleno de anchoa 6%(anchoa, estabilizante: alginato sódico), potenciador del sabor:glutamato monosódico, acidulante: ácido cítrico, antioxidante:ácido ascórbico."],"conservation":" Consumir dentro de los 7 días después de la apertura. Una vez abierto , conservar cerrado en el frigorífico con el máximo de líquido posible.","ean":"8410226011384"},{"full_name":"LA ESPAÑOLA aceitunas rellenas de anchoa pack 6 lata 50 g neto escurrido","name":"aceitunas rellenas de anchoa pack 6 lata 50 g neto escurrido","brand":"LA ESPAÑOLA ","img":"https://sgfm.elcorteingles.es/SGFM/00/57/4/0120940800574/0120940800574000g01011.jpg","price":"3,94 €","price_unit":"(13,13 € / Kilo)","categories":["Supermercado","Alimentación General","Aceitunas y variantes","Aceitunas rellenas","LA ESPAÑOLA aceitunas rellenas de anchoa pack 6 lata 50 g neto escurrido"],"general_information":["Denominación del alimento: Aceitunas rellenas de anchoa Clásicas","Nombre del operador: La Española Alimentaria Alcoyana, S.A.","Dirección del operador: C/Arzobispo Doménech, 7  03804-Alcoy(Alicante)","Cantidad Neta: 720 g","Peso neto escurrido: 300 g"],"ingredients":[" Aceitunas manzanilla fina verdes aderezadas, , sal, relleno de anchoa 6%(anchoa, estabilizante: alginato sódico), potenciador del sabor:glutamato monosódico, acidulante: ácido cítrico, antioxidante:ácido ascórbico."],"conservation":" Consumir dentro de los 7 días después de la apertura. Una vez abierto , conservar cerrado en el frigorífico con el máximo de líquido posible.","ean":"8410226011193"},{"full_name":"LA ESPAÑOLA aceitunas suaves rellenas de anchoa pack 3 latas 50 g neto escurrido","name":"aceitunas suaves rellenas de anchoa pack 3 latas 50 g neto escurrido","brand":"LA ESPAÑOLA ","img":"https://sgfm.elcorteingles.es/SGFM/dctm/MEDIA02/CONTENIDOS/201409/01/00120940800095____1__600x600.jpg","price":"2,08 €","price_unit":"(13,87 € / Kilo)","categories":["Supermercado","Alimentación General","Aceitunas y variantes","Aceitunas rellenas","LA ESPAÑOLA aceitunas suaves rellenas de anchoa pack 3 latas 50 g neto escurrido"],"general_information":["Denominación del alimento: Aceituna verdes rellenas de anchoa Suaves","Nombre del operador: La Española Alimentaria Alcoyana, S.A.","Dirección del operador: C/Arzobispo Doménech, 7  03804-Alcoy(Alicante)","Cantidad Neta: 360 g","Peso neto escurrido: 150 g"],"ingredients":[" Aceitunas manzanilla fina verdes aderezadas, , sal, relleno de anchoa 6%(anchoa, estabilizante: alginato sódico), potenciador del sabor:glutamato monosódico, acidulante: ácido cítrico, antioxidante:ácido ascórbico."],"conservation":" Consumir dentro de los 7 días después de la apertura. Una vez abierto , conservar cerrado en el frigorífico con el máximo de líquido posible.","ean":"8410226011780"},{"full_name":"LA ESPAÑOLA aceitunas rellenas de anchoa pack 3 latas 50 g neto escurrido","name":"aceitunas rellenas de anchoa pack 3 latas 50 g neto escurrido","brand":"LA ESPAÑOLA ","img":"https://sgfm.elcorteingles.es/SGFM/dctm/MEDIA02/CONTENIDOS/201409/01/00120940800210____1__600x600.jpg","price":"2,08 €","price_unit":"(13,87 € / Kilo)","categories":["Supermercado","Alimentación General","Aceitunas y variantes","Aceitunas rellenas","LA ESPAÑOLA aceitunas rellenas de anchoa pack 3 latas 50 g neto escurrido"],"general_information":["Denominación del alimento: Aceitunas verdes rellenas de anchoa Clásicas","Nombre del operador: La Española Alimentaria Alcoyana, S.A.","Dirección del operador: C/Arzobispo Doménech, 7  03804-Alcoy(Alicante)","Cantidad Neta: 360 g","Peso neto escurrido: 150 g"],"ingredients":[" Aceitunas manzanilla fina verdes aderezadas, , sal, relleno de anchoa 6%(anchoa, estabilizante: alginato sódico), potenciador del sabor:glutamato monosódico, acidulante: ácido cítrico, antioxidante:ácido ascórbico."],"conservation":" Consumir dentro de los 7 días después de la apertura. Una vez abierto , conservar cerrado en el frigorífico con el máximo de líquido posible.","ean":"8410226011186"},{"full_name":"LA ESPAÑOLA aceitunas suaves rellenas de anchoa lata 150 g neto escurrido","name":"aceitunas suaves rellenas de anchoa lata 150 g neto escurrido","brand":"LA ESPAÑOLA ","img":"https://sgfm.elcorteingles.es/SGFM/dctm/MEDIA02/CONTENIDOS/201409/01/00120940800178____1__600x600.jpg","price":"1,45 €","price_unit":"(9,67 € / Kilo)","categories":["Supermercado","Alimentación General","Aceitunas y variantes","Aceitunas rellenas","LA ESPAÑOLA aceitunas suaves rellenas de anchoa lata 150 g neto escurrido"],"general_information":["Denominación del alimento: Aceitunas verdes rellenas de anchos Suaves","Nombre del operador: La Española Alimentaria Alcoyana, S.A.","Dirección del operador: C/Arzobispo Doménech, 7  03804-Alcoy(Alicante)","Cantidad Neta: 350 g","Peso neto escurrido: 150 g"],"ingredients":[" Aceitunas manzanilla fina verdes aderezadas, , sal, relleno de anchoa 6%(anchoa, estabilizante: alginato sódico), potenciador del sabor:glutamato monosódico, acidulante: ácido cítrico, antioxidante:ácido ascórbico."],"conservation":" Consumir dentro de los 7 días después de la apertura. Una vez abierto , conservar cerrado en el frigorífico con el máximo de líquido posible.","ean":"8410226011735"},{"full_name":"LA ESPAÑOLA Clásicas aceitunas rellenas de anchoa lata 150 g neto escurrido","name":"Clásicas aceitunas rellenas de anchoa lata 150 g neto escurrido","brand":"LA ESPAÑOLA ","img":"https://sgfm.elcorteingles.es/SGFM/00/20/2/0120940800202/0120940800202000g01011.jpg","price":"1,45 €","price_unit":"(9,67 € / Kilo)","categories":["Supermercado","Alimentación General","Aceitunas y variantes","Aceitunas rellenas","LA ESPAÑOLA Clásicas aceitunas rellenas de anchoa lata 150 g neto escurrido"],"general_information":[],"ingredients":[],"ean":"8410226011551"},{"full_name":"LA ESPAÑOLA TE CUIDA aceitunas rellenas de anchoa con omega 3 pack 3 latas 50 g neto escurrido","name":"aceitunas rellenas de anchoa con omega 3 pack 3 latas 50 g neto escurrido","brand":"LA ESPAÑOLA TE CUIDA ","img":"https://sgfm.elcorteingles.es/SGFM/00/23/6/0120940800236/0120940800236000g01011.jpg","price":"2,08 €","price_unit":"(13,87 € / Kilo)","categories":["Supermercado","Alimentación General","Aceitunas y variantes","Aceitunas rellenas","LA ESPAÑOLA TE CUIDA aceitunas rellenas de anchoa con omega 3 pack 3 latas 50 g neto escurrido"],"general_information":["Denominación del alimento: Aceitunas verdes rellenas de anchoa ricas en Omega 3","Nombre del operador: La Española Alimentaria Alcoyana, S.A.","Dirección del operador: C/Arzobispo Doménech, 7  03804-Alcoy(Alicante)","Cantidad Neta: 360 g","Peso neto escurrido: 150 g"],"ingredients":[" Aceituna manzanilla verde aderezada, relleno 6% (anchoa, aceites marinos 4%, Estabilizante E-401), sal , potenciador del sabor E-621, acidulante: ácido cítrico, antioxidante: ácido ascórbico."],"conservation":" Consumir dentro de los 7 días después de la apertura. Una vez abierto , conservar cerrado en el frigorífico con el máximo de líquido posible.","ean":"8410226011988"},{"full_name":"LA ESPAÑOLA DELUXE aceitunas rellenas de anchoa pack 2 latas 85 g neto escurrido","name":"aceitunas rellenas de anchoa pack 2 latas 85 g neto escurrido","brand":"LA ESPAÑOLA DELUXE ","img":"https://sgfm.elcorteingles.es/SGFM/00/26/9/0120940800269/0120940800269000g01011.jpg","price":"2,63 €","price_unit":"(15,47 € / Kilo)","categories":["Supermercado","Alimentación General","Aceitunas y variantes","Aceitunas rellenas","LA ESPAÑOLA DELUXE aceitunas rellenas de anchoa pack 2 latas 85 g neto escurrido"],"general_information":["Denominación del alimento: Aceitunas rellenas de anchoa Deluxe","Nombre del operador: La Española Alimentaria Alcoyana, S.A.","Dirección del operador: C/Arzobispo Doménech, 7  03804-Alcoy(Alicante)","Cantidad Neta: 400 g","Peso neto escurrido: 170 g"],"ingredients":[" Aceitunas manzanilla fina verdes aderezadas, , sal, relleno de anchoa 6%(anchoa, estabilizante: alginato sódico), potenciador del sabor:glutamato monosódico, acidulante: ácido cítrico, antioxidante:ácido ascórbico."],"conservation":" Consumir dentro de los 7 días después de la apertura. Una vez abierto , conservar cerrado en el frigorífico con el máximo de líquido posible.","ean":"8410226011650"},{"full_name":"FRAGATA aceitunas manzanilla rellenas de anchoa lata 345 g neto escurrido","name":"aceitunas manzanilla rellenas de anchoa lata 345 g neto escurrido","brand":"FRAGATA ","img":"https://sgfm.elcorteingles.es/SGFM/dctm/MEDIA03/201706/30/00120940801267____1__600x600.jpg","price":"3,29 €","price_unit":"(9,54 € / Kilo)","categories":["Supermercado","Alimentación General","Aceitunas y variantes","Aceitunas rellenas","FRAGATA aceitunas manzanilla rellenas de anchoa lata 345 g neto escurrido"],"general_information":["Denominación del alimento: Aceitunas manzanilla verdes con relleno de anchoa","Nombre del operador: Ángel Camacho Alimentación, S.L.","Dirección del operador: Avda. del Pilar, 6 - 41530 Morón de la Frontera (Sevilla)","Lugar de procedencia del alimento: Producto de España","Cantidad Neta: 900 g","Peso neto escurrido: 345 g","Otras menciones obligatorias en la etiqueta: Categoría selecta"],"ingredients":[" Agua, aceitunas verdes, relleno de anchoa, 9,5% s/p.n.e. (agua, anchoa, gelificante: alginato sódico), sal marina, potenciador del sabor: glutamato monosódico, correctores de acidez: ácido láctico y ácido cítrico, antioxidante: ácido ascórbico"],"conservation":" Una vez abierto conservar refrigerado en un recipiente adecuado y consumir antes de 15 días","ean":"8410134021376"},{"full_name":"FRAGATA aceitunas rellenas de anchoa lata 150 g neto escurrido","name":"aceitunas rellenas de anchoa lata 150 g neto escurrido","brand":"FRAGATA ","img":"https://sgfm.elcorteingles.es/SGFM/dctm/MEDIA03/201705/19/00120940800582____5__600x600.jpg","price":"1,27 €","price_unit":"(8,47 € / Kilo)","categories":["Supermercado","Alimentación General","Aceitunas y variantes","Aceitunas rellenas","FRAGATA aceitunas rellenas de anchoa lata 150 g neto escurrido"],"general_information":["Denominación del alimento: Aceitunas manzanilla verdes con relleno de anchoa","Nombre del operador: Ángel Camacho Alimentación, S.L.","Dirección del operador: Avda. del Pilar, 6 - 41530 Morón de la Frontera (Sevilla)","Lugar de procedencia del alimento: Producto de España","Cantidad Neta: 350 g","Peso neto escurrido: 150 g","Otras menciones obligatorias en la etiqueta: Categoría selecta"],"ingredients":[" Agua, aceitunas verdes, relleno de anchoa, 9,5% s/p.n.e. (agua, anchoa, gelificante: alginato sódico), sal marina, potenciador del sabor: glutamato monosódico, correctores de acidez: ácido láctico y ácido cítrico, antioxidante: ácido ascórbico"],"conservation":" Una vez abierto conservar refrigerado en un recipiente adecuado y consumir antes de 15 días","ean":"8410134017324"},{"full_name":"ARTES DE JOLCA aceitunas verdes rellenas de anchoa del Cantábrico lata 150 g neto escurrido","name":"aceitunas verdes rellenas de anchoa del Cantábrico lata 150 g neto escurrido","brand":"ARTES DE JOLCA ","img":"https://sgfm.elcorteingles.es/SGFM/00/79/8/0120940800798/0120940800798000g01011.jpg","price":"1,52 €","price_unit":"(10,13 € / Kilo)","categories":["Supermercado","Alimentación General","Aceitunas y variantes","Aceitunas rellenas","ARTES DE JOLCA aceitunas verdes rellenas de anchoa del Cantábrico lata 150 g neto escurrido"],"general_information":["Denominación del alimento: Aceitunas rellenas","País de origen: España","Nombre del operador: Jolca S.A.","Dirección del operador: Ctra. Huelva-Sevilla km 22,5 - 41830 Huevar del Aljarafe (Sevilla)","Cantidad Neta: 350 g","Peso neto escurrido: 150 g"],"ingredients":[" Agua, aceitunas verdes (Manzanilla Fina), anchoas trituradas con estabilizante 6% (anchoa, alginato sódico), potenciador del sabor (glutamato monosódico), sal, acidulantes (ácido cítrico, ácido láctico), antioxidante (ácido ascórbico). Contiene pescado (anchoa)."],"conservation":" Conservar en lugar seco y fresco","ean":"8410667020471"},{"full_name":"ARTES DE JOLCA aceitunas rellenas con pimiento del Piquillo lata 150 g neto escurrido","name":"aceitunas rellenas con pimiento del Piquillo lata 150 g neto escurrido","brand":"ARTES DE JOLCA ","img":"https://sgfm.elcorteingles.es/SGFM/dctm/MEDIA02/CONTENIDOS/201407/21/00120940800988____1__600x600.jpg","price":"2,42 €","price_unit":"(16,13 € / Kilo)","categories":["Supermercado","Alimentación General","Aceitunas y variantes","Aceitunas rellenas","ARTES DE JOLCA aceitunas rellenas con pimiento del Piquillo lata 150 g neto escurrido"],"general_information":["Denominación del alimento: Aceitunas manzanilla","País de origen: España","Nombre del operador: Jolca S.A.","Dirección del operador: Ctra. Huelva-Sevilla km 22,5 - 41830 Huevar del Aljarafe (Sevilla)","Cantidad Neta: 350 g","Peso neto escurrido: 150 g"],"ingredients":[" Agua, aceitunas verdes (Manzanilla Fina), relleno de Pimiento del Piquillo 6% (Pimiento del piquillo, estabilizante: alginato sódico), potenciador del sabor: glutamato monosódico, sal, acidulantes: ácido cítrico y ácido láctico, antioxidante: ácido ascórbico."],"conservation":" Conservar en lugar seco y fresco","ean":"8410667020686"},{"full_name":"LA EXPLANADA aceitunas rellenas de anchoa lata 150 g neto escurrido","name":"aceitunas rellenas de anchoa lata 150 g neto escurrido","brand":"LA EXPLANADA ","img":"https://sgfm.elcorteingles.es/SGFM/00/37/6/0120940800376/0120940800376000g01011.jpg","price":"1,32 €","price_unit":"(8,80 € / Kilo)","categories":["Supermercado","Alimentación General","Aceitunas y variantes","Aceitunas rellenas","LA EXPLANADA aceitunas rellenas de anchoa lata 150 g neto escurrido"],"general_information":["Denominación del alimento: Aceitunas verdes rellenas de anchoa.","País de origen: España","Nombre del operador: Aceitunas Cazorla S.L.","Dirección del operador: Ctra Madrid, 69  03007 Alicante","Lugar de procedencia del alimento: España","Cantidad Neta: 350 g","Peso neto escurrido: 150 g","Otras menciones obligatorias en la etiqueta: Categoría comercial extra. Producto de España. Pasteurizado."],"ingredients":[" Aceitunas verdes, pasta de anchoa 6% , (anchoa, espesante: alginato sodico E-401), sal, potenciador del sabor: glutamato monosódico E-621, acidulante: ácido cítrico E-330, antioxidante: acido ascorbico E-300.Contiene pescado, Puede contener trazas de crustaceos, frutos de cáscara (almendra), leche (queso)."],"conservation":" Una vez abierto, conservar refrigerado y consumir preferentemente en 7 dias","ean":"8410791114015"},{"full_name":"RIOVERDE aceitunas gordal rellenas de pepinillo frasco 180 g neto escurrido","name":"aceitunas gordal rellenas de pepinillo frasco 180 g neto escurrido","brand":"RIOVERDE ","img":"https://sgfm.elcorteingles.es/SGFM//01/90/2/0120940401902/0120940401902000g01011.jpg","price":"3,51 €","price_unit":"(19,50 € / Kilo)","categories":["Supermercado","Alimentación General","Aceitunas y variantes","Aceitunas rellenas","RIOVERDE aceitunas gordal rellenas de pepinillo frasco 180 g neto escurrido"],"general_information":["Denominación del alimento: Aceituna con pepinillo","Nombre del operador: Rioverde S.A","Dirección del operador: Carretera del Cortijo Km 3 -26006 Logroño - La Rioja","Cantidad Neta: 345,0 g","Peso neto escurrido: 180,0 g"],"ingredients":[" Aceituna verde, pepinillo, vinagre, sal, potenciadores del sabor: E-621, E631, E-627, corrector de la acidez: E-330,conservadores: E211, E-202 y antioxidante: E-300. Contiene Sulfitos"],"conservation":" Una vez abierto conservar en el frigorífico.","ean":"8410954000131"},{"full_name":"EL FARO Gourmet aceituna gordal rellena de pimiento natural frasco 180 g neto escurrido","name":"Gourmet aceituna gordal rellena de pimiento natural frasco 180 g neto escurrido","brand":"EL FARO ","img":"https://sgfm.elcorteingles.es/SGFM/dctm/MEDIA03/201705/23/00120940801200____1__600x600.jpg","price":"2,36 €","categories":["Supermercado","Alimentación General","Aceitunas y variantes","Aceitunas rellenas","EL FARO Gourmet aceituna gordal rellena de pimiento natural frasco 180 g neto escurrido"],"general_information":[],"ingredients":[],"ean":"8410813216871"},{"full_name":"EL FARO aceitunas gigantes rellenas de anchoa lata 150 g neto escurrido","name":"aceitunas gigantes rellenas de anchoa lata 150 g neto escurrido","brand":"EL FARO ","img":"https://sgfm.elcorteingles.es/SGFM/dctm/MEDIA02/CONTENIDOS/201410/08/00120940800392____1__600x600.jpg","price":"1,67 €","price_unit":"(11,13 € / Kilo)","categories":["Supermercado","Alimentación General","Aceitunas y variantes","Aceitunas rellenas","EL FARO aceitunas gigantes rellenas de anchoa lata 150 g neto escurrido"],"general_information":[],"ingredients":[],"ean":"8410813211173"},{"full_name":"KIMBO aceitunas rellenas de pepinillo frasco 160 g neto escurrido","name":"aceitunas rellenas de pepinillo frasco 160 g neto escurrido","brand":"KIMBO ","img":"https://sgfm.elcorteingles.es/SGFM/dctm/MEDIA02/CONTENIDOS/201506/22/00120940801077____1__600x600.jpg","price":"2,16 €            ","price_unit":"(12,81 € / Kilo)","categories":["Supermercado","Alimentación General","Aceitunas y variantes","Aceitunas rellenas","KIMBO aceitunas rellenas de pepinillo frasco 160 g neto escurrido"],"general_information":["Denominación del alimento: Navarras","Nombre del operador: Kimbo Snacks, S.L.","Dirección del operador: Pológono Indutrial La Serna 31500 Tudela (Navarra)","Cantidad Neta: 370 g","Peso neto escurrido: 160 g"],"ingredients":[" Aceituna gordal, pepino, sal común, agua, acidulante (E-330), potenciadores de sabor (E-621), (E-631), (E-627), antioxidante (E-300), conservadores (E-260), (E-202) y (E-211)."],"ean":"8410044001222"},{"full_name":"CAMPOMAR aceitunas rellenas de anchoa envase 600 g neto escurrido","name":"aceitunas rellenas de anchoa envase 600 g neto escurrido","brand":"CAMPOMAR ","img":"https://sgfm.elcorteingles.es/SGFM/00/95/4/0120940800954/0120940800954000g01011.jpg","price":"5,56 €","price_unit":"(9,27 € / Kilo)","categories":["Supermercado","Alimentación General","Aceitunas y variantes","Aceitunas rellenas","CAMPOMAR aceitunas rellenas de anchoa envase 600 g neto escurrido"],"general_information":["Denominación del alimento: Aceitunas verdes rellenas de anchoa.","País de origen: España","Nombre del operador: Aceitunas Cazorla S.L.","Dirección del operador: Ctra Madrid, nº 69 km   03007 Alicante","Lugar de procedencia del alimento: España","Cantidad Neta: 1400 g","Peso neto escurrido: 600 g","Otras menciones obligatorias en la etiqueta: Categoría primera. Producto de España. Puede contener hueso."],"ingredients":[" Aceitunas verdes, pasta de anchoa 6% , (anchoa, espesante: alginato sodico), sal, potenciador del sabor: glutamato monosódico, acidulante: ácido cítrico, antioxidante: acido ascorbico. Contiene pescado"],"conservation":" Consumir preferentemente antes de siete dias.Una vez abierto, conservese refrigerado en recipiente de plástico.","ean":"8410791272319"},{"full_name":"UBIDEA aceitunas rellenas con piparra frasco 90 g neto escurrido","name":"aceitunas rellenas con piparra frasco 90 g neto escurrido","brand":"UBIDEA ","img":"https://sgfm.elcorteingles.es/SGFM/dctm/MEDIA02/CONTENIDOS/201409/04/00120940801069____1__600x600.jpg","price":"3,00 €","price_unit":"(33,33 € / Kilo)","categories":["Supermercado","Alimentación General","Aceitunas y variantes","Aceitunas rellenas","UBIDEA aceitunas rellenas con piparra frasco 90 g neto escurrido"],"general_information":["Denominación del alimento: Aceitunas con piparras.","Nombre del operador: Ubidea Alimentación S.L.","Dirección del operador: Polígono Industrial-Alkaiaga 2 (31780 Zalain, Navarra).","Cantidad Neta: 180,0 g","Peso neto escurrido: 90,0 g"],"ingredients":[" Guindilla 32.65%, aceituna 63.26%, agua, sal, vinagre,E-621, E-270, E-300, E-202, E-211."],"ean":"8437000729495"},{"full_name":"ROSSELLO aceitunas rellenas de anchoa lata 125 g neto escurrido","name":"aceitunas rellenas de anchoa lata 125 g neto escurrido","brand":"ROSSELLO ","img":"https://sgfm.elcorteingles.es/SGFM/00/22/8/0120940800228/0120940800228000g01011.jpg","price":"1,00 €","price_unit":"(8 € / Kilo)","categories":["Supermercado","Alimentación General","Aceitunas y variantes","Aceitunas rellenas","ROSSELLO aceitunas rellenas de anchoa lata 125 g neto escurrido"],"general_information":["Denominación del alimento: Aceituna Rellena de Anchoa","Nombre del operador: Conservas Rosello, S.L.","Dirección del operador: Ctra. De Inca - Aatá, Km. 9 - 07430 Llubi (Mallorca)","Cantidad Neta: 350 g","Peso neto escurrido: 150 g"],"ingredients":[" Aceituna manzanilla, agua, anchoa, sal, ácido cítrico (E-330), ácido láctico (E-270), ácido ascorbico(E-300), alginato sódico (E-401, glutamato monosódico (E-621) y inoxinato sódico (E-631)"],"conservation":" Consérvese en lugar fresco y seco.","ean":"8410585400065"},{"full_name":"SARASA aceitunas verdes rellenas de anchoa envase 235 g neto escurrido","name":"aceitunas verdes rellenas de anchoa envase 235 g neto escurrido","brand":"SARASA ","img":"https://sgfm.elcorteingles.es/SGFM/dctm/MEDIA03/201612/29/00120940801283____1__600x600.jpg","price":"2,99 €","price_unit":"(12,72 € / Kilo)","categories":["Supermercado","Alimentación General","Aceitunas y variantes","Aceitunas rellenas","SARASA aceitunas verdes rellenas de anchoa envase 235 g neto escurrido"],"general_information":[],"ingredients":[],"ean":"8420403096202"},{"full_name":"ACEITUNERA JIENNENSE aceitunas rellenas sabor anchoa Hojiblanca tarro 700 g neto escurrido","name":"aceitunas rellenas sabor anchoa Hojiblanca tarro 700 g neto escurrido","brand":"ACEITUNERA JIENNENSE ","img":"https://sgfm.elcorteingles.es/SGFM/01/76/1/0120940401761/0120940401761000g01011.jpg","price":"3,79 €","price_unit":"(5,41 € / Kilo)","categories":["Supermercado","Alimentación General","Aceitunas y variantes","Aceitunas rellenas","ACEITUNERA JIENNENSE aceitunas rellenas sabor anchoa Hojiblanca tarro 700 g neto escurrido"],"general_information":["Denominación del alimento: Aceituna Sabor Anchoa Hojiblanca","Nombre del operador: Aceitunera Jiennense S.A.","Dirección del operador: Pol.Ind. Los Olivares, C/Cazalilla 39. 23009 Jaén","Cantidad Neta: 1.2 Kilogramos","Peso neto escurrido: 700 g","Otras menciones obligatorias en la etiqueta: Aceituna verde tipo sevillana, categoría: Estándar."],"ingredients":[" Aceituna, agua, potenciador del sabor (E-621, E-627, E-631), acidulante E-330, conservantes (E-211, E-202, E-223), antioxidante E-300 y sal."],"conservation":" Mantener en sitio fresco protegido de la luz. Una vez abierto conservar en frigorífico máximo 15 días.","ean":"8437012732384"},{"full_name":"EL CORTE INGLES aceitunas negras Hojiblanca deshuesadas Extra lata 150 g neto escurrido","name":"aceitunas negras Hojiblanca deshuesadas Extra lata 150 g neto escurrido","brand":"EL CORTE INGLES ","img":"https://sgfm.elcorteingles.es/SGFM/dctm/MEDIA03/201606/20/00120941700336____1__600x600.jpg","price":"0,70 €","price_unit":"(4,67 € / Kilo)","categories":["Supermercado","Alimentación General","Aceitunas y variantes","Aceitunas negras","EL CORTE INGLES aceitunas negras Hojiblanca deshuesadas Extra lata 150 g neto escurrido"],"general_information":["Denominación del alimento: ACEITUNAS NEGRAS DESHUESADAS","Nombre del operador: Elaborado para El Corte Inglés por\nACEITUNAS CAZORLA, S.L. \nCtra. Madrid, 69\n03007 Alicante\nEspaña","Lugar de procedencia del alimento: Producto de España","Cantidad Neta: 350 g","Peso neto escurrido: 150 g","Número de raciones por envase: 6"],"ingredients":[" Ingredientes: \nAgua, aceituna, sal, estabilizante (E-579). Puede contener trazas de almendras"],"conservation":" Conservar en lugar fresco y seco. \nUna vez abierto, conservar refrigerado y consumir preferentemente antes de 7 días.","ean":"8433329068413"},{"full_name":"SERPIS aceitunas negras cacereñas sin hueso pack 2 bote 85 g neto escurrido","name":"aceitunas negras cacereñas sin hueso pack 2 bote 85 g neto escurrido","brand":"SERPIS ","img":"https://sgfm.elcorteingles.es/SGFM//00/23/7/0120941700237/0120941700237000g01011.jpg","price":"1,98 €","price_unit":"(11,65 € / Kilo)","categories":["Supermercado","Alimentación General","Aceitunas y variantes","Aceitunas negras","SERPIS aceitunas negras cacereñas sin hueso pack 2 bote 85 g neto escurrido"],"general_information":["Denominación del alimento: Aceituna negra cacereña deshuesada.","Nombre del operador: CANDIDO MIRO, S.A.","Dirección del operador: Ctra. Banyeres, Km 2 03802 Alcoy- ESPAÑA","Cantidad Neta: 400 g","Peso neto escurrido: 170 g"],"ingredients":[" Aceituna cacereña deshuesada, sal, acidulante: ácido láctico, estabilizante: lactato ferroso y aromas naturales. ESTERILIZADO"],"conservation":" Una vez abierto el envase consérvese en frigorifico","ean":"8410344322201"},{"full_name":"SERPIS aceitunas negras cacereñas con hueso lata 185 g neto escurrido","name":"aceitunas negras cacereñas con hueso lata 185 g neto escurrido","brand":"SERPIS ","img":"https://sgfm.elcorteingles.es/SGFM//00/12/0/0120941700120/0120941700120000g01011.jpg","price":"1,46 €","price_unit":"(7,89 € / Kilo)","categories":["Supermercado","Alimentación General","Aceitunas y variantes","Aceitunas negras","SERPIS aceitunas negras cacereñas con hueso lata 185 g neto escurrido"],"general_information":["Denominación del alimento: Aceituna negra cacereña con hueso.","Nombre del operador: CANDIDO MIRO, S.A.","Dirección del operador: Ctra. Banyeres, Km 2 03802 Alcoy- ESPAÑA","Cantidad Neta: 350 g","Peso neto escurrido: 185 g"],"ingredients":[" Aceituna cacereña entera, sal, acidulante: ácido láctico, estabilizante: lactato ferroso y aromas naturales. ESTERILIZADO"],"conservation":" Una vez abierto el envase consérvese en frigorifico","ean":"8410344302005"},{"full_name":"SERPIS aceitunas negras cacereñas sin hueso lata 150 g neto escurrido","name":"aceitunas negras cacereñas sin hueso lata 150 g neto escurrido","brand":"SERPIS ","img":"https://sgfm.elcorteingles.es/SGFM//00/13/8/0120941700138/0120941700138000g01011.jpg","price":"1,46 €","price_unit":"(9,73 € / Kilo)","categories":["Supermercado","Alimentación General","Aceitunas y variantes","Aceitunas negras","SERPIS aceitunas negras cacereñas sin hueso lata 150 g neto escurrido"],"general_information":["Denominación del alimento: Aceituna negra cacereña deshuesada.","Nombre del operador: CANDIDO MIRO, S.A.","Dirección del operador: Ctra. Banyeres, Km 2 03802 Alcoy- ESPAÑA","Cantidad Neta: 350 g","Peso neto escurrido: 150 g"],"ingredients":[" Aceituna cacereña deshuesada, sal, acidulante: ácido láctico, estabilizante: lactato ferroso y aromas naturales. ESTERILIZADO"],"conservation":" Una vez abierto el envase consérvese en frigorifico","ean":"8410344320016"},{"full_name":"CAMPOMAR NATURE aceitunas negras ecológicas sabor natural sin caldo frasco 210 g neto escurrido","name":"aceitunas negras ecológicas sabor natural sin caldo frasco 210 g neto escurrido","brand":"CAMPOMAR NATURE ","img":"https://sgfm.elcorteingles.es/SGFM/dctm/MEDIA02/CONTENIDOS/201411/14/00200448800060____1__600x600.jpg","price":"2,42 €","price_unit":"(11,52 € / Kilo)","categories":["Supermercado","Alimentación General","Aceitunas y variantes","Aceitunas negras","CAMPOMAR NATURE aceitunas negras ecológicas sabor natural sin caldo frasco 210 g neto escurrido"],"general_information":["Denominación del alimento: Aceituna Negra de Aragón natural seca ecológica.","País de origen: España","Nombre del operador: Campomar Nature, S.L.","Dirección del operador: Ctra. de Madrid, 69 - 03007 Alicante - P.I. Bujeo, 41567 Herrera (Sevilla)","Lugar de procedencia del alimento: Aragón","Cantidad Neta: 350 g","Peso neto escurrido: 210 g","Otras menciones obligatorias en la etiqueta: Código de autoridad de control ES-ECO-001-AN. Agricultura UE."],"ingredients":[" Aceituna Negra de Aragón natural con hueso*, sal y aceite de oliva virgen extra*. *Ecológico."],"conservation":" Una vez abierto, conservar refrigerado y consumir preferentemente en 7 días.","ean":"8410791504601"},{"full_name":"CAMPOMAR NATURE aceitunas negras ecológicas de Aragón al natural frasco 200 g neto escurrido","name":"aceitunas negras ecológicas de Aragón al natural frasco 200 g neto escurrido","brand":"CAMPOMAR NATURE ","img":"https://sgfm.elcorteingles.es/SGFM/00/05/5/0120948800055/0120948800055000g01011.jpg","price":"1,68 €","price_unit":"(8,40 € / Kilo)","categories":["Supermercado","Alimentación General","Aceitunas y variantes","Aceitunas negras","CAMPOMAR NATURE aceitunas negras ecológicas de Aragón al natural frasco 200 g neto escurrido"],"general_information":["Denominación del alimento: Aceituna Negra de Aragón ecológica.","País de origen: España","Nombre del operador: Campomar Nature, S.L.","Dirección del operador: Ctra.Madrid 03007 Alicante - P.I. Bujeo, 41567 Herrera (Sevilla)","Lugar de procedencia del alimento: Aragón","Cantidad Neta: 350 g","Peso neto escurrido: 200 g","Otras menciones obligatorias en la etiqueta: Código de autoridad de control ES-ECO-001-AN. Agricultura UE."],"ingredients":[" Aceituna negra de aragón con hueso*, agua , sal ,vinagre*, ácido cítrico y ácido láctico. *Ecológico."],"conservation":" Una vez abierto, conservar refrigerado y consumir preferentemente en 7 días.","ean":"8410791002015"},{"full_name":"FRAGATA aceitunas negras sin hueso aliñadas a las finas hierbas frasco 163 g neto escurrido","name":"aceitunas negras sin hueso aliñadas a las finas hierbas frasco 163 g neto escurrido","brand":"FRAGATA ","img":"https://sgfm.elcorteingles.es/SGFM/dctm/MEDIA03/201705/17/00120941700351____1__600x600.jpg","price":"1,55 €","price_unit":"(9,51 € / Kilo)","categories":["Supermercado","Alimentación General","Aceitunas y variantes","Aceitunas negras","FRAGATA aceitunas negras sin hueso aliñadas a las finas hierbas frasco 163 g neto escurrido"],"general_information":[],"ingredients":[],"ean":"8410134021451"},{"full_name":"FRAGATA aceitunas negras en rodajas frasco 130 g neto escurrido","name":"aceitunas negras en rodajas frasco 130 g neto escurrido","brand":"FRAGATA ","img":"https://sgfm.elcorteingles.es/SGFM//00/41/5/0120941900415/0120941900415000g01011.jpg","price":"1,36 €","price_unit":"(10,46 € / Kilo)","categories":["Supermercado","Alimentación General","Aceitunas y variantes","Aceitunas negras","FRAGATA aceitunas negras en rodajas frasco 130 g neto escurrido"],"general_information":["Denominación del alimento: Aceitunas negras en rodajas.","Nombre del operador: Ángel Camacho Alimentación, S.L.","Dirección del operador: Avda. del Pilar, 6 - 41530 Morón de la Frontera (Sevilla)","Lugar de procedencia del alimento: Producto de España","Cantidad Neta: 235 g","Peso neto escurrido: 120 g","Otras menciones obligatorias en la etiqueta: Categoría selecta"],"ingredients":[" Aceitunas negras, agua, sal marina y estabilizante: gluconato ferroso (esterilizado)."],"conservation":" Una vez abierto conservar refrigerado y consumir antes de 7 días","ean":"8410134074808"},{"full_name":"LOU-OLIVA aceitunas negras empeltre del Bajo Aragón frasco 200 g neto escurrido","name":"aceitunas negras empeltre del Bajo Aragón frasco 200 g neto escurrido","brand":"LOU-OLIVA ","img":"https://sgfm.elcorteingles.es/SGFM//00/20/3/0120941700203/0120941700203000g01011.jpg","price":"1,86 €","price_unit":"(9,30 € / Kilo)","categories":["Supermercado","Alimentación General","Aceitunas y variantes","Aceitunas negras","LOU-OLIVA aceitunas negras empeltre del Bajo Aragón frasco 200 g neto escurrido"],"general_information":["Denominación del alimento: Aceituna negra","País de origen: España","Nombre del operador: LA CALANDINA S.COOP. LTDA.","Dirección del operador: Ctra Alcolea-Tarragona, s/n. 44570 Calanda. Teruel. SPAIN","Lugar de procedencia del alimento: Bajo Aragón","Cantidad Neta: 200 g","Otras menciones obligatorias en la etiqueta: Calibre 401-450. Categoria primera."],"ingredients":[" Aceitunas negras (empeltre) y sal"],"conservation":" Una vez abierto, conservese en frigorifico y consumir preferentemente antes de 7 dias","ean":"8425774400610"},{"full_name":"CAIMARI aceitunas negras pansidas mallorquina frasco 250 g neto escurrido","name":"aceitunas negras pansidas mallorquina frasco 250 g neto escurrido","brand":"CAIMARI ","img":"https://sgfm.elcorteingles.es/SGFM//00/11/2/0120941700112/0120941700112000g01011.jpg","price":"1,64 €","price_unit":"(6,56 € / Kilo)","categories":["Supermercado","Alimentación General","Aceitunas y variantes","Aceitunas negras","CAIMARI aceitunas negras pansidas mallorquina frasco 250 g neto escurrido"],"general_information":[],"ingredients":[],"ean":"8412520511447"},{"full_name":"LELIA aceituna negra con hueso Kalamata lata 250 g neto escurrido","name":"aceituna negra con hueso Kalamata lata 250 g neto escurrido","brand":"LELIA ","img":"https://sgfm.elcorteingles.es/SGFM/dctm/MEDIA02/CONTENIDOS/201507/03/00120941700294____1__600x600.jpg","price":"3,87 €","price_unit":"(15,48 € / Kilo)","categories":["Supermercado","Alimentación General","Aceitunas y variantes","Aceitunas negras","LELIA aceituna negra con hueso Kalamata lata 250 g neto escurrido"],"general_information":["Denominación del alimento: Olivas Kalamata","Nombre del operador: Codina Aliments, S.L.","Dirección del operador: Indústria Polígono Industrial Sur de Papiol, 45, 08754, El Papiol (Barcelona)","Cantidad Neta: 250 g"],"ingredients":[" Olivas de Kalamata, agua, vinagre de vino negro, sal de mar, Aceite de oliva extra virgen, oregano natural y ácido láctico."],"conservation":" Manteniendo a temperatura entre 4 a 8°C","ean":"5202302000152"},{"full_name":"ACEITUNERA JIENNENSE aceitunas negras partidas naturales envase 650 g neto escurrido","name":"aceitunas negras partidas naturales envase 650 g neto escurrido","brand":"ACEITUNERA JIENNENSE ","img":"https://sgfm.elcorteingles.es/SGFM//00/08/8/0120941700088/0120941700088000g01011.jpg","price":"3,55 €","price_unit":"(5,46 € / Kilo)","categories":["Supermercado","Alimentación General","Aceitunas y variantes","Aceitunas negras","ACEITUNERA JIENNENSE aceitunas negras partidas naturales envase 650 g neto escurrido"],"general_information":["Denominación del alimento: Aceituna Negra 100% Natural Rayada","Nombre del operador: Aceitunera Jiennense S.A.","Dirección del operador: Pol.Ind. Los Olivares, C/Cazalilla 39. 23009 Jaén","Cantidad Neta: 1.2 Kilogramos","Peso neto escurrido: 700 g","Otras menciones obligatorias en la etiqueta: Aceituna verde curada en salmuera categoría: Estándar"],"ingredients":[" Aceituna, agua, tomillo, hinojoso, ajo y sal."],"conservation":" Mantener en sitio fresco protegido de la luz. Una vez abierto conservar en frigorífico máximo 15 días.","ean":"8437012732360"},{"full_name":"ISMAEL aceitunas negras con hueso extra frasco 180 g neto escurrido","name":"aceitunas negras con hueso extra frasco 180 g neto escurrido","brand":"ISMAEL ","img":"https://sgfm.elcorteingles.es/SGFM/dctm/MEDIA02/CONTENIDOS/201510/23/00120949500068____1__600x600.jpg","price":"2,00 €","price_unit":"(11,11 € / Kilo)","categories":["Supermercado","Alimentación General","Aceitunas y variantes","Aceitunas negras","ISMAEL aceitunas negras con hueso extra frasco 180 g neto escurrido"],"general_information":[],"ingredients":[],"ean":"8424641100301"},{"full_name":"SERPIS aceitunas negras sin hueso con tabasco lata 150 g neto escurrido","name":"aceitunas negras sin hueso con tabasco lata 150 g neto escurrido","brand":"SERPIS ","img":"https://sgfm.elcorteingles.es/SGFM/dctm/MEDIA03/201702/06/00120941700344____2__600x600.jpg","price":"2,10 €","price_unit":"(14 € / Kilo)","categories":["Supermercado","Alimentación General","Aceitunas y variantes","Aceitunas negras","SERPIS aceitunas negras sin hueso con tabasco lata 150 g neto escurrido"],"general_information":["Denominación del alimento: Aceituna negra cacereña deshuesada.","Nombre del operador: CANDIDO MIRO, S.A.","Dirección del operador: Ctra. Banyeres, Km 2 03802 Alcoy- ESPAÑA","Cantidad Neta: 350 g","Peso neto escurrido: 150 g"],"ingredients":[" Agua, aceituna cacereña negra deshuesada, sal, acidulante: ácido láctico, TABASCO, (pimiento rojo picante, vinagre destilado, sal), estabilizante: lactato ferroso, aromas naturales. ESTERILIZADO"],"conservation":" Una vez abierto el envase consérvese en frigorifico","ean":"8410344700283"},{"full_name":"EL CORTE INGLES aceitunas manzanilla enteras frasco 500 g neto escurrido","name":"aceitunas manzanilla enteras frasco 500 g neto escurrido","brand":"EL CORTE INGLES ","img":"https://sgfm.elcorteingles.es/SGFM/dctm/MEDIA03/201608/26/00120940402041____3__600x600.jpg","price":"2,31 €","price_unit":"(4,62 € / Kilo)","categories":["Supermercado","Alimentación General","Aceitunas y variantes","Aceitunas manzanilla","EL CORTE INGLES aceitunas manzanilla enteras frasco 500 g neto escurrido"],"general_information":["Denominación del alimento: ACEITUNAS MANZANILLA VERDES ENTERAS","Nombre del operador: Elaborado para El Corte Inglés por\nACEITUNAS CAZORLA, S.L. \nCtra. Madrid, 69\n03007 Alicante\nEspaña","Lugar de procedencia del alimento: Producto de España","Cantidad Neta: 835 g","Peso neto escurrido: 500 g","Número de raciones por envase: 20"],"ingredients":[" Ingredientes: \nAceituna, agua, sal, acidulante (E330) y antioxidante (E300). Puede contener trazas de sulfitos, mostaza y \nalmendras"],"conservation":" Conservar en lugar fresco y seco. Evitar en la medida de lo posible la luz directa del sol.\nUna vez abierto, conservar refrigerado y consumir preferentemente antes de 7 días.","ean":"8433329056434"},{"full_name":"ALIADA aceitunas verdes deshuesadas pack 3 envases 70 g neto escurrido","name":"aceitunas verdes deshuesadas pack 3 envases 70 g neto escurrido","brand":"ALIADA ","img":"https://sgfm.elcorteingles.es/SGFM/dctm/MEDIA02/CONTENIDOS/201511/16/00120940402058____1__600x600.jpg","price":"1,07 €","price_unit":"(5,10 € / Kilo)","categories":["Supermercado","Alimentación General","Aceitunas y variantes","Aceitunas manzanilla","ALIADA aceitunas verdes deshuesadas pack 3 envases 70 g neto escurrido"],"general_information":["Denominación del alimento: ACEITUNAS VERDES DESHUESADAS","Nombre del operador: Elaborado para\nEl  Grupo El Corte Inglés \nHermosilla, 112 ? 28009 Madrid ? España \npor NIF: B-03158920","Lugar de procedencia del alimento: Producto de España","Cantidad Neta: 480 g","Peso neto escurrido: 210 g","Número de raciones por envase: 6"],"ingredients":[" Ingredientes: \nAceituna, agua, sal, acidulante (E330) y antioxidante (E300) Puede contener trazas de sulfitos."],"conservation":" Conservar en lugar fresco y seco. \nUna vez abierto, conservar refrigerado y consumir preferentemente antes de 7 días.","ean":"8433329056328"},{"full_name":"JOLCA aceitunas manzanilla sabor anchoa lata 190 g neto escurrido","name":"aceitunas manzanilla sabor anchoa lata 190 g neto escurrido","brand":"JOLCA ","img":"https://sgfm.elcorteingles.es/SGFM/00/25/0/0120940400250/0120940400250000g01011.jpg","price":"1,14 €","price_unit":"(6 € / Kilo)","categories":["Supermercado","Alimentación General","Aceitunas y variantes","Aceitunas manzanilla","JOLCA aceitunas manzanilla sabor anchoa lata 190 g neto escurrido"],"general_information":["Denominación del alimento: Aceitunas verdes","País de origen: España","Nombre del operador: Jolca S.A.","Dirección del operador: Ctra. Huelva-Sevilla km 22,5 - 41830 Huevar del Aljarafe (Sevilla)","Cantidad Neta: 350 g","Peso neto escurrido: 185 g"],"ingredients":[" Aceitunas verdes enteras (Manzanilla Fina), agua, potenciadores del sabor (Glutamato Monosódico, Inosinato disódico, Guanilato disódico), acidulantes (ácido cítrico y ácido láctico), antioxidante (ácido ascórbico)."],"conservation":" Conservar en lugar seco y fresco","ean":"8410667004006"},{"full_name":"JOLCA aceitunas manzanilla con hueso bolsa 100 g neto escurrido","name":"aceitunas manzanilla con hueso bolsa 100 g neto escurrido","brand":"JOLCA ","img":"https://sgfm.elcorteingles.es/SGFM/00/22/7/0120940400227/0120940400227000g01011.jpg","price":"0,56 €","price_unit":"(5,60 € / Kilo)","categories":["Supermercado","Alimentación General","Aceitunas y variantes","Aceitunas manzanilla","JOLCA aceitunas manzanilla con hueso bolsa 100 g neto escurrido"],"general_information":["Denominación del alimento: Aceitunas manzanilla","País de origen: España","Nombre del operador: Jolca S.A.","Dirección del operador: Ctra. Huelva-Sevilla km 22,5 - 41830 Huevar del Aljarafe (Sevilla)","Cantidad Neta: 195 g","Peso neto escurrido: 100 g"],"ingredients":[" Aceitunas verdes enteras (Manzanilla Fina), agua, sal, acidulantes (ácido cítrico y ácido láctico), antioxidante (ácido ascórbico), conservante (sorbato potásico)."],"conservation":" Conservar en lugar seco y fresco","ean":"8410667001005"},{"full_name":"JOLCA aceitunas manzanilla sin hueso bolsa 75 g neto escurrido","name":"aceitunas manzanilla sin hueso bolsa 75 g neto escurrido","brand":"JOLCA ","img":"https://sgfm.elcorteingles.es/SGFM/00/23/5/0120940400235/0120940400235000g01011.jpg","price":"0,56 €","price_unit":"(7,47 € / Kilo)","categories":["Supermercado","Alimentación General","Aceitunas y variantes","Aceitunas manzanilla","JOLCA aceitunas manzanilla sin hueso bolsa 75 g neto escurrido"],"general_information":["Denominación del alimento: Aceitunas manzanilla","País de origen: España","Nombre del operador: Jolca S.A.","Dirección del operador: Ctra. Huelva-Sevilla km 22,5 - 41830 Huevar del Aljarafe (Sevilla)","Cantidad Neta: 180 g","Peso neto escurrido: 75 g"],"ingredients":[" Agua, aceitunas verdes deshuesadas (Manzanilla Fina), sal, acidulantes (ácido cítrico y ácido láctico), antioxidante (ácido ascórbico), conservante (sorbato potásico)."],"conservation":" Conservar en lugar seco y fresco","ean":"8410667001104"},{"full_name":"CARBONELL aceitunas verdes con hueso tarro 400 g neto escurrido","name":"aceitunas verdes con hueso tarro 400 g neto escurrido","brand":"CARBONELL ","img":"https://sgfm.elcorteingles.es/SGFM/dctm/MEDIA03/201607/11/00120940401589____1__600x600.jpg","price":"3,50 €","price_unit":"(8,75 € / Kilo)","categories":["Supermercado","Alimentación General","Aceitunas y variantes","Aceitunas manzanilla","CARBONELL aceitunas verdes con hueso tarro 400 g neto escurrido"],"general_information":["Denominación del alimento: Aceitunas Verdes Con Hueso","País de origen: España","Nombre del operador: Deoleo S.A.","Dirección del operador: Ctra. N.IV. Km.388-14610 Alcolea (Córdoba)","Cantidad Neta: 425 g"],"ingredients":[" Aceitunas manzanilla, agua, sal, acidulantes: (E-330, E-270), antioxidante: E-300. Puede contener trazas de: pescado, cacahuete, leche, frutos de cáscara, anhídrido sulfuroso, sulfitos y/o derivados."],"conservation":" Mantener en lugar fresco y seco.","ean":"8410010402985"},{"full_name":"SERPIS aceitunas manzanilla con hueso lata 185 g neto escurrido","name":"aceitunas manzanilla con hueso lata 185 g neto escurrido","brand":"SERPIS ","img":"https://sgfm.elcorteingles.es/SGFM/00/32/6/0120940400326/0120940400326000g01011.jpg","price":"1,84 €","price_unit":"(9,95 € / Kilo)","categories":["Supermercado","Alimentación General","Aceitunas y variantes","Aceitunas manzanilla","SERPIS aceitunas manzanilla con hueso lata 185 g neto escurrido"],"general_information":["Denominación del alimento: Aceituna manzanilla verde con hueso.","Nombre del operador: CANDIDO MIRO, S.A.","Dirección del operador: Ctra. Banyeres, Km 2 03802 Alcoy- ESPAÑA","Cantidad Neta: 350 g","Peso neto escurrido: 185 g"],"ingredients":[" Aceituna manzanilla verde con hueso, sal, vinagre,  acidulantes: ácido cítrico y ácido láctico, antioxidante: ácido L- ascórbico. PASTEURIZADO"],"conservation":" Una vez abierto el envase consérvese en frigorifico","ean":"8410344202008"},{"full_name":"GUERRA aceitunas manzanilla de Campo Real sin hueso envase 700 g neto escurrido","name":"aceitunas manzanilla de Campo Real sin hueso envase 700 g neto escurrido","brand":"GUERRA ","img":"https://sgfm.elcorteingles.es/SGFM/dctm/MEDIA02/CONTENIDOS/201409/03/00120940300419____1__600x600.jpg","price":"4,60 €","price_unit":"(6,57 € / Kilo)","categories":["Supermercado","Alimentación General","Aceitunas y variantes","Aceitunas manzanilla","GUERRA aceitunas manzanilla de Campo Real sin hueso envase 700 g neto escurrido"],"general_information":["Denominación del alimento: Aceituna verde deshuesada","Nombre del operador: Aceitunas Guerra, SL","Dirección del operador: C/ Pirotécnia, 33 28052 Madrid - España","Cantidad Neta: 8400 g","Peso neto escurrido: 4900 g","Otras menciones obligatorias en la etiqueta: Variedad: Cacereña, Calibre: 160/320, Categoría: I (primera)."],"ingredients":[" Aceituna verde sin hueso cacereña , agua, sal, conservadores: E-202 (sorbato potásico), E-211 (benzoato sódico), cloruro sodico, acidulante E-330 (ácido cítrico), antioxidante E-300 (ácido ascorbico) y aromas naturales de ajo y comino."],"conservation":" Conservar en frio de 2° a 10°C y una vez abierto consumir preferentemente antes de 15 días.","ean":"8412749008100"},{"full_name":"GUERRA aceituna manzanilla con hueso sabor anchoa envase 250 g neto escurrido","name":"aceituna manzanilla con hueso sabor anchoa envase 250 g neto escurrido","brand":"GUERRA ","img":"https://sgfm.elcorteingles.es/SGFM/dctm/MEDIA02/CONTENIDOS/201409/03/00120940300500____1__600x600.jpg","price":"2,71 €","price_unit":"(10,84 € / Kilo)","categories":["Supermercado","Alimentación General","Aceitunas y variantes","Aceitunas manzanilla","GUERRA aceituna manzanilla con hueso sabor anchoa envase 250 g neto escurrido"],"general_information":["Denominación del alimento: Aceituna manzanilla sabor anchoa","Nombre del operador: Aceitunas Guerra, SL","Dirección del operador: C/ Pirotécnia, 33 28052 Madrid - España","Cantidad Neta: 500 g","Peso neto escurrido: 250 g","Otras menciones obligatorias en la etiqueta: Variedad: Manzanilla - Carrasqueña, Calibre: 180 - 220 frutos/kg, Categoría: I (primera)."],"ingredients":[" Aceitunas con hueso manzanilla, agua, sal, conservadores: E-202 (sorbato potásico), E-211 (benzoato sódico), cloruro sódico, acidulante E-330 (ácido cítrico), antioxidante E-300 (ácido ascórbico), potenciadores del sabor: Glutamato monosódico E-621, Inosinato 5´ disódico (IMP) E-631 y guanilato 5´disodico (GMP) E-627."],"conservation":" Conservar en frío de 2° a 10°C y una vez abierto consumir preferentemente antes de 15 días.","ean":"8412749007653"},{"full_name":"GUERRA aceituna manzanilla deshuesada aliñada envase 225 g neto escurrido","name":"aceituna manzanilla deshuesada aliñada envase 225 g neto escurrido","brand":"GUERRA ","img":"https://sgfm.elcorteingles.es/SGFM/dctm/MEDIA02/CONTENIDOS/201409/03/00120940300559____1__600x600.jpg","price":"3,00 €","price_unit":"(13,33 € / Kilo)","categories":["Supermercado","Alimentación General","Aceitunas y variantes","Aceitunas manzanilla","GUERRA aceituna manzanilla deshuesada aliñada envase 225 g neto escurrido"],"general_information":["Denominación del alimento: Aceituna manzanilla deshuesada","Nombre del operador: Aceitunas Guerra, SL","Dirección del operador: C/ Pirotécnia, 33 28052 Madrid - España","Cantidad Neta: 500 g","Peso neto escurrido: 225 g","Otras menciones obligatorias en la etiqueta: Variedad: Manzanilla - Carrasqueña, Calibre: 200 - 220 frutos/kg, Categoría: I (primera)."],"ingredients":[" Aceitunas sin hueso manzanilla (98%), agua, sal, vinagre, conservadores: E-202 (sorbato potásico), E-211 (benzoato sódico), cloruro sódico, acidulante E-330 (acido cítrico), antioxidante E-300 (acido ascórbico), aromas naturales de ajo, comino y pimentón (colorante E-160c). Puede contener trazas de sulfitos."],"conservation":" Conservar en frío de 2° a 10°C y una vez abierto consumir preferentemente antes de 15 días.","ean":"8412749007950"},{"full_name":"GUERRA aceitunas manzanilla con hueso aliño gazpacha envase 250 g neto escurrido","name":"aceitunas manzanilla con hueso aliño gazpacha envase 250 g neto escurrido","brand":"GUERRA ","img":"https://sgfm.elcorteingles.es/SGFM/dctm/MEDIA02/CONTENIDOS/201409/03/00120940300476____1__600x600.jpg","price":"2,71 €","price_unit":"(10,84 € / Kilo)","categories":["Supermercado","Alimentación General","Aceitunas y variantes","Aceitunas manzanilla","GUERRA aceitunas manzanilla con hueso aliño gazpacha envase 250 g neto escurrido"],"general_information":["Denominación del alimento: Aceituna gazpacha","Nombre del operador: Aceitunas Guerra, SL","Dirección del operador: C/ Pirotécnia, 33 28052 Madrid - España","Cantidad Neta: 500 g","Peso neto escurrido: 250 g","Otras menciones obligatorias en la etiqueta: Variedad: Gordalilla/Manzanilla, Calibre: 160 - 200 frutos/kg, Categoría: I (primera)."],"ingredients":[" Aceituna con hueso gordalilla o manzanilla (machacada), pimiento rojo, zanahoria, pepinillo, cebollita, piparra, agua, sal, vinagre, conservadores: E-202 (sorbato potásico), E-211 (benzoato sódico), cloruro sódico, acidulante E-330 (acido cítrico), antioxidante E-300 (acido ascórbico), aromas naturales de ajo, comino y pimentón (colorante E-160c). Puede contener trazas de sulfitos."],"conservation":" Conservar en frío de 2° a 10°C y una vez abierto consumir preferentemente antes de 15 días.","ean":"8412749007622"},{"full_name":"GUERRA aceitunas manzanilla de Campo Real con hueso envase 250 g neto escurrido","name":"aceitunas manzanilla de Campo Real con hueso envase 250 g neto escurrido","brand":"GUERRA ","img":"https://sgfm.elcorteingles.es/SGFM/dctm/MEDIA02/CONTENIDOS/201509/10/00120940300575____1__600x600.jpg","price":"2,40 €","price_unit":"(9,60 € / Kilo)","categories":["Supermercado","Alimentación General","Aceitunas y variantes","Aceitunas manzanilla","GUERRA aceitunas manzanilla de Campo Real con hueso envase 250 g neto escurrido"],"general_information":["Denominación del alimento: Aceituna verde entera","Nombre del operador: Aceitunas Guerra, SL","Dirección del operador: C/ Pirotécnia, 33 28052 Madrid - España","Cantidad Neta: 485 g","Peso neto escurrido: 250 g","Otras menciones obligatorias en la etiqueta: Variedad: Cacereña, Calibre: 160 - 320 frutos/kg, Categoría: I (primera)."],"ingredients":[" Aceitunas verdes con hueso cacereña (98%), agua, sal, conservadores: E-202 (sorbato potásico), E-211 (benzoato sódico), E-551a (dióxido de silicio),  cloruro sódico, acidulante E-330 (ácido cítrico), antioxidante E-300 (ácido ascórbico) y aromas naturales de ajo y comino."],"conservation":" Una vez abierto el envase, conservar en frío de 2° a 10°C y una vez abierto consumir preferentemente antes de 15 días.","ean":"8412749008759"},{"full_name":"GUERRA aceitunas manzanilla de Campo Real sin hueso envase 225 g neto escurrido","name":"aceitunas manzanilla de Campo Real sin hueso envase 225 g neto escurrido","brand":"GUERRA ","img":"https://sgfm.elcorteingles.es/SGFM/dctm/MEDIA02/CONTENIDOS/201509/10/00120940300583____1__600x600.jpg","price":"2,40 €","price_unit":"(10,67 € / Kilo)","categories":["Supermercado","Alimentación General","Aceitunas y variantes","Aceitunas manzanilla","GUERRA aceitunas manzanilla de Campo Real sin hueso envase 225 g neto escurrido"],"general_information":["Denominación del alimento: Aceituna Verde Deshuesada","Nombre del operador: Aceitunas Guerra, SL","Dirección del operador: C/ Pirotécnia, 33 28052 Madrid - España","Cantidad Neta: 485 g","Peso neto escurrido: 225 g","Otras menciones obligatorias en la etiqueta: Variedad: Cacereña, Calibre: 160 - 320 frutos/kg, Categoría: I (primera)."],"ingredients":[" Aceitunas verdes sin hueso cacereña (100%), agua, sal, conservadores: E-202 (sorbato potásico), E-211 (benzoato sódico), E-551a (dióxido de silicio), cloruro sódico, acidulante E-330 (ácido cítrico), antioxidante E-300 (ácido ascórbico) y aromas naturales de ajo y comino. EXCEPCIONALMENTE PUEDE CONTENER ALGUN HUESO."],"conservation":" Una vez abierto el envase, conservar en frío de 2° a 10°C y una vez abierto consumir preferentemente antes de 15 días.","ean":"8412749008766"},{"full_name":"ROSSELLO aceitunas manzanilla extra frasco 550 g neto escurrido","name":"aceitunas manzanilla extra frasco 550 g neto escurrido","brand":"ROSSELLO ","img":"https://sgfm.elcorteingles.es/SGFM/00/63/1/0120940400631/0120940400631000g01011.jpg","price":"2,79 €","price_unit":"(5,07 € / Kilo)","categories":["Supermercado","Alimentación General","Aceitunas y variantes","Aceitunas manzanilla","ROSSELLO aceitunas manzanilla extra frasco 550 g neto escurrido"],"general_information":["Denominación del alimento: Aceituna Manzanilla Extra","Nombre del operador: Conservas Rosello, S.L.","Dirección del operador: Ctra. De Inca - Aatá, Km. 9 - 07430 Llubi (Mallorca)","Cantidad Neta: 1000 g","Peso neto escurrido: 600 g"],"ingredients":[" Aceitunas verdes, agua, sal, benzoato sódico (E-211), ácido cítrico (E-330) y ácido láctico (E-270)"],"conservation":" Consérvese en lugar fresco y seco.","ean":"8410585101818"},{"full_name":"ARTES DE JOLCA aceitunas manzanilla Gran Selección con hueso frasco 420 g neto escurrido","name":"aceitunas manzanilla Gran Selección con hueso frasco 420 g neto escurrido","brand":"ARTES DE JOLCA ","img":"https://sgfm.elcorteingles.es/SGFM/dctm/MEDIA02/CONTENIDOS/201511/05/00120940402066____1__600x600.jpg","price":"3,98 €","price_unit":"(9,48 € / Kilo)","categories":["Supermercado","Alimentación General","Aceitunas y variantes","Aceitunas manzanilla","ARTES DE JOLCA aceitunas manzanilla Gran Selección con hueso frasco 420 g neto escurrido"],"general_information":["Denominación del alimento: Aceitunas manzanilla","País de origen: España","Nombre del operador: Jolca S.A.","Dirección del operador: Ctra. Huelva-Sevilla km 22,5 - 41830 Huevar del Aljarafe (Sevilla)","Cantidad Neta: 720 g","Peso neto escurrido: 420 g"],"ingredients":[" Aceitunas verdes enteras (Manzanilla Fina), agua, sal, acidulantes (ácido cítrico y ácido láctico), antioxidante (ácido ascórbico)."],"conservation":" Conservar en lugar seco y fresco","ean":"8410667020945"},{"full_name":"FRAGATA aceitunas manzanilla sin hueso aliñadas con pimientos frasco 163 g neto escurrido","name":"aceitunas manzanilla sin hueso aliñadas con pimientos frasco 163 g neto escurrido","brand":"FRAGATA ","img":"https://sgfm.elcorteingles.es/SGFM/dctm/MEDIA03/201705/17/00120941900902____1__600x600.jpg","price":"1,52 €","price_unit":"(9,33 € / Kilo)","categories":["Supermercado","Alimentación General","Aceitunas y variantes","Aceitunas manzanilla","FRAGATA aceitunas manzanilla sin hueso aliñadas con pimientos frasco 163 g neto escurrido"],"general_information":[],"ingredients":[],"ean":"8410134021420"},{"full_name":"FRAGATA aceitunas manzanillas sin hueso aliñadas con tomillo frasco 163 g neto escurrido","name":"aceitunas manzanillas sin hueso aliñadas con tomillo frasco 163 g neto escurrido","brand":"FRAGATA ","img":"https://sgfm.elcorteingles.es/SGFM/dctm/MEDIA03/201705/17/00120941900910____1__600x600.jpg","price":"1,55 €","price_unit":"(9,51 € / Kilo)","categories":["Supermercado","Alimentación General","Aceitunas y variantes","Aceitunas manzanilla","FRAGATA aceitunas manzanillas sin hueso aliñadas con tomillo frasco 163 g neto escurrido"],"general_information":["Denominación del alimento: Aceitunas manzanilla verdes deshuesadas aliñadas con tomillo","Nombre del operador: Ángel Camacho Alimentación, S.L.","Dirección del operador: Avda. del Pilar, 6 - 41530 Morón de la Frontera (Sevilla)","Lugar de procedencia del alimento: Producto de España","Cantidad Neta: 330 g","Peso neto escurrido: 163 g","Otras menciones obligatorias en la etiqueta: Categoría selecta"],"ingredients":[" Aceitunas manzanilla verdes (calibre 180/200), agua, sal marina, corrector de acidez: ácido láctico, ajo, tomillo (0,1%)."],"conservation":" Una vez abierto conservar refrigerado en un recipiente adecuado y consumir antes de 15 días","ean":"8410134021437"},{"full_name":"ANTONIO aceitunas manzanilla sabor mediterraneo frasco 300 g neto escurrido","name":"aceitunas manzanilla sabor mediterraneo frasco 300 g neto escurrido","brand":"ANTONIO ","img":"https://sgfm.elcorteingles.es/SGFM/dctm/MEDIA03/201707/14/00120941900993____1__600x600.jpg","price":"2,60 €","price_unit":"(8,67 € / Kilo)","categories":["Supermercado","Alimentación General","Aceitunas y variantes","Aceitunas manzanilla","ANTONIO aceitunas manzanilla sabor mediterraneo frasco 300 g neto escurrido"],"general_information":["Denominación del alimento: Aceitunas Manzanilla Deshuesadas","Nombre del operador: Conservas Manchegas Antonio, S.L.","Dirección del operador: Ctra. De Torralba, Km 180 - 13260 Balaños de Cua (Ciudad Real) - España.","Cantidad Neta: 550 g","Peso neto escurrido: 250 g"],"ingredients":[" Aceituna manzanilla verde deshuesada calibre 220/260, agua, vinagre, especias, sal, aceite de oliva, acidulante: Acido Citrico y antioxidante: Acido Ascorbico"],"conservation":" Una vez abierto, consérvese refrigerado y consúmase antes de 15 días.","ean":"8411471342322"},{"full_name":"LA SOTA aceitunas manzanilla frasco 250 g neto escurrido","name":"aceitunas manzanilla frasco 250 g neto escurrido","brand":"LA SOTA ","img":"https://sgfm.elcorteingles.es/SGFM/00/81/0/0200440400810/0200440400810000g01011.jpg","price":"1,69 €","price_unit":"(6,76 € / Kilo)","categories":["Supermercado","Alimentación General","Aceitunas y variantes","Aceitunas manzanilla","LA SOTA aceitunas manzanilla frasco 250 g neto escurrido"],"general_information":[],"ingredients":[],"ean":"8413064500126"},{"full_name":"CONCEPCION DE LOS REYES aceitunas verdial aliñadas garrafa 1800 g neto escurrido","name":"aceitunas verdial aliñadas garrafa 1800 g neto escurrido","brand":"CONCEPCION DE LOS REYES ","img":"https://sgfm.elcorteingles.es/SGFM//00/58/6/0200441900586/0200441900586000g01011.jpg","price":"6,90 €","price_unit":"(3,83 € / Kilo)","categories":["Supermercado","Alimentación General","Aceitunas y variantes","Aceitunas aliñadas","CONCEPCION DE LOS REYES aceitunas verdial aliñadas garrafa 1800 g neto escurrido"],"general_information":[],"ingredients":[],"ean":"8412834000934"},{"full_name":"FRAGATA aceitunas aliñadas estilo gazpacha frasco 595 g neto escurrido","name":"aceitunas aliñadas estilo gazpacha frasco 595 g neto escurrido","brand":"FRAGATA ","img":"https://sgfm.elcorteingles.es/SGFM/dctm/MEDIA03/201610/04/00120941900928____1__600x600.jpg","price":"3,14 €","price_unit":"(5,28 € / Kilo)","categories":["Supermercado","Alimentación General","Aceitunas y variantes","Aceitunas aliñadas","FRAGATA aceitunas aliñadas estilo gazpacha frasco 595 g neto escurrido"],"general_information":[],"ingredients":[],"ean":"8410134021321"},{"full_name":"FRAGATA aceitunas gordal sin hueso aliñadas estilo casero frasco 450 g neto escurrido","name":"aceitunas gordal sin hueso aliñadas estilo casero frasco 450 g neto escurrido","brand":"FRAGATA ","img":"https://sgfm.elcorteingles.es/SGFM/dctm/MEDIA03/201704/26/00120941900894____1__600x600.jpg","price":"3,98 €","price_unit":"(8,84 € / Kilo)","categories":["Supermercado","Alimentación General","Aceitunas y variantes","Aceitunas aliñadas","FRAGATA aceitunas gordal sin hueso aliñadas estilo casero frasco 450 g neto escurrido"],"general_information":["Denominación del alimento: Aceitunas gordal verdes desguesadas aliñadas al estilo casero.","Nombre del operador: Ángel Camacho Alimentación, S.L.","Dirección del operador: Avda. del Pilar, 6 - 41530 Morón de la Frontera (Sevilla)","Lugar de procedencia del alimento: Producto de España","Cantidad Neta: 900 g","Peso neto escurrido: 450 g","Otras menciones obligatorias en la etiqueta: Categoría selecta"],"ingredients":[" Agua, aceitunas gordal verdes (calibre 80/90),sal marina, pimiento rojo, ajo, correctores de acidez: ácido láctico y ácido cítrico, oregano, romero, conservador sulfito sódico."],"conservation":" Una vez abierto conservar refrigerado y consumir antes de 15 días","ean":"8410134021468"},{"full_name":"ESCAMILLA aceituna verdial partida aliñada frasco 198 g neto escurrido","name":"aceituna verdial partida aliñada frasco 198 g neto escurrido","brand":"ESCAMILLA ","img":"https://sgfm.elcorteingles.es/SGFM/dctm/MEDIA03/201610/25/00120941900712____2__600x600.jpg","price":"1,40 €","price_unit":"(7,07 € / Kilo)","categories":["Supermercado","Alimentación General","Aceitunas y variantes","Aceitunas aliñadas","ESCAMILLA aceituna verdial partida aliñada frasco 198 g neto escurrido"],"general_information":["Denominación del alimento: Verdial verde partida \"aliñada\"","Nombre del operador: Escamilla, S.A.T 2080","Dirección del operador: C/Domingo Martínez 32, 41806 Umbrete, Sevilla.","Lugar de procedencia del alimento: Sevilla","Cantidad Neta: 340 g","Peso neto escurrido: 195 g","Otras menciones obligatorias en la etiqueta: Pasteurizado"],"ingredients":[" Aceituna, agua, pimiento, ajos, sal, vinagre, potenciador del sabor (E621), acidulante (E270), E330), antioxidante (E300) y especias autorizadas."],"conservation":" Una vez abierto conservar en frío.","ean":"8412732200818"},{"full_name":"ESCAMILLA aceituna verdial partida gazpacha frasco 198 g neto escurrido","name":"aceituna verdial partida gazpacha frasco 198 g neto escurrido","brand":"ESCAMILLA ","img":"https://sgfm.elcorteingles.es/SGFM/dctm/MEDIA03/201610/25/00120941900720____2__600x600.jpg","price":"1,44 €","price_unit":"(7,27 € / Kilo)","categories":["Supermercado","Alimentación General","Aceitunas y variantes","Aceitunas aliñadas","ESCAMILLA aceituna verdial partida gazpacha frasco 198 g neto escurrido"],"general_information":["Denominación del alimento: Verdial verde partida \"gazpacha\"","Nombre del operador: Escamilla, S.A.T 2080","Dirección del operador: C/Domingo Martínez 32, 41806 Umbrete, Sevilla.","Lugar de procedencia del alimento: Sevilla","Cantidad Neta: 340 g","Peso neto escurrido: 195 g","Otras menciones obligatorias en la etiqueta: Pasteurizado"],"ingredients":[" Aceituna, agua, pepinillos, zanahorias, cebollitas, pimiento, guindillas, ajos, pimentón, vinagre, sal, acidulante (E270, E330) y antioxidante (E300)."],"conservation":" Una vez abierto conservar en frío.","ean":"8412732200825"},{"full_name":"ESCAMILLA aceituna rayadas con aliño campero frasco 198 g neto escurrido","name":"aceituna rayadas con aliño campero frasco 198 g neto escurrido","brand":"ESCAMILLA ","img":"https://sgfm.elcorteingles.es/SGFM/dctm/MEDIA03/201610/25/00120941900738____2__600x600.jpg","price":"1,44 €","price_unit":"(7,27 € / Kilo)","categories":["Supermercado","Alimentación General","Aceitunas y variantes","Aceitunas aliñadas","ESCAMILLA aceituna rayadas con aliño campero frasco 198 g neto escurrido"],"general_information":["Denominación del alimento: Aceitunas rayadas aliño campero","Nombre del operador: Escamilla, S.A.T 2080","Dirección del operador: C/Domingo Martínez 32, 41806 Umbrete, Sevilla.","Lugar de procedencia del alimento: Sevilla","Cantidad Neta: 340 g","Peso neto escurrido: 195 g","Otras menciones obligatorias en la etiqueta: Pasteurizado"],"ingredients":[" Aceituna, agua, sal, pimiento, ajo, vinagre, potenciador del sabor (E621), acidulante (E270, E330), antioxidante (E300) y especias autorizadas."],"conservation":" Una vez abierto conservar en frío.","ean":"8412732200832"},{"full_name":"ESCAMILLA aceituna verdial partida aliño receta de la abuela frasco 198 g neto escurrido","name":"aceituna verdial partida aliño receta de la abuela frasco 198 g neto escurrido","brand":"ESCAMILLA ","img":"https://sgfm.elcorteingles.es/SGFM/dctm/MEDIA03/201610/25/00120941900704____2__600x600.jpg","price":"1,40 €","price_unit":"(7,07 € / Kilo)","categories":["Supermercado","Alimentación General","Aceitunas y variantes","Aceitunas aliñadas","ESCAMILLA aceituna verdial partida aliño receta de la abuela frasco 198 g neto escurrido"],"general_information":["Denominación del alimento: Verdial verde partida \"receta de la abuela\"","Nombre del operador: Escamilla, S.A.T 2080","Dirección del operador: C/Domingo Martínez 32, 41806 Umbrete, Sevilla.","Lugar de procedencia del alimento: Sevilla","Cantidad Neta: 340 g","Peso neto escurrido: 195 g","Otras menciones obligatorias en la etiqueta: Pasteurizado"],"ingredients":[" Aceituna, agua, sal, pimiento, ajo, vinagre, potenciador del sabor (E621), acidulante (E270, E330), antioxidante (E300) y especias autorizadas."],"conservation":" Una vez abierto conservar en frío.","ean":"8412732200801"},{"full_name":"JOLCA aceituna verde aloreña partida aliñada frasco 500 g neto escurrido","name":"aceituna verde aloreña partida aliñada frasco 500 g neto escurrido","brand":"JOLCA ","img":"https://sgfm.elcorteingles.es/SGFM//00/61/3/0120941900613/0120941900613000g01011.jpg","price":"3,39 €","price_unit":"(6,78 € / Kilo)","categories":["Supermercado","Alimentación General","Aceitunas y variantes","Aceitunas aliñadas","JOLCA aceituna verde aloreña partida aliñada frasco 500 g neto escurrido"],"general_information":["Denominación del alimento: Aceitunas aloreñas","País de origen: España","Nombre del operador: Jolca S.A.","Dirección del operador: Ctra. Huelva-Sevilla km 22,5 - 41830 Huevar del Aljarafe (Sevilla)","Cantidad Neta: 850 g","Peso neto escurrido: 500 g"],"ingredients":[" Aceitunas verdes partidas (Aloreña), agua, sal, ajo, especias, acidulantes (ácido cítrico y ácido láctico), vinagre y conservante (sorbato potásico). Puede contener sulfitos."],"conservation":" Conservar en lugar seco y fresco","ean":"8410667020990"},{"full_name":"LA ESPAÑOLA aceitunas verdes partidas aliñadas Ibiza tarro 446 g neto escurrido","name":"aceitunas verdes partidas aliñadas Ibiza tarro 446 g neto escurrido","brand":"LA ESPAÑOLA ","img":"https://sgfm.elcorteingles.es/SGFM/dctm/MEDIA03/201707/28/00120940402009____2__600x600.jpg","price":"3,63 €            ","price_unit":"(7,71 € / Kilo)","categories":["Supermercado","Alimentación General","Aceitunas y variantes","Aceitunas aliñadas","LA ESPAÑOLA aceitunas verdes partidas aliñadas Ibiza tarro 446 g neto escurrido"],"general_information":["Denominación del alimento: Aceitunas verdes partidas y aderezadas al estilo mediterráneo tradicional","Nombre del operador: La Española Alimentaria Alcoyana, S.A.","Dirección del operador: C/Arzobispo Doménech, 7  03804-Alcoy(Alicante)","Cantidad Neta: 430 g","Peso neto escurrido: 250 g"],"ingredients":[" Aceituna aderezada, sal, vinagre, especias, potenciador del sabor: E-621, acidulante: ácido cítrico y antioxidante: ácido ascórbico."],"conservation":" Consumir dentro de los 7 días después de la apertura. Una vez abierto , conservar cerrado en el frigorífico con el máximo de líquido posible.","ean":"8410226041121"},{"full_name":"LA ESPAÑOLA aceituna verde gordal aliñada Sevilla tarro 446 g neto escurrido","name":"aceituna verde gordal aliñada Sevilla tarro 446 g neto escurrido","brand":"LA ESPAÑOLA ","img":"https://sgfm.elcorteingles.es/SGFM/dctm/MEDIA03/201707/28/00120941900811____2__600x600.jpg","price":"3,63 €            ","price_unit":"(7,71 € / Kilo)","categories":["Supermercado","Alimentación General","Aceitunas y variantes","Aceitunas aliñadas","LA ESPAÑOLA aceituna verde gordal aliñada Sevilla tarro 446 g neto escurrido"],"general_information":["Denominación del alimento: Aceitunas gordal sin hueso con ajo y pimiento rojo","Nombre del operador: La Española Alimentaria Alcoyana, S.A.","Dirección del operador: C/Arzobispo Doménech, 7  03804-Alcoy(Alicante)","Cantidad Neta: 430 g","Peso neto escurrido: 200 g"],"ingredients":[" Aceitunas aderezadas, pimiento rojo trozos, ajos enteros,sal, vinagre, potenciador del sabor: E-621, acidulante: ácido cítrico y antioxidante: ácido ascórbico y especias."],"conservation":" Consumir dentro de los 7 días después de la apertura. Una vez abierto , conservar cerrado en el frigorífico con el máximo de líquido posible.","ean":"8410226041152"},{"full_name":"LA ESPAÑOLA aceitunas verdes gazpacha Marbella tarro 446 g neto escurrido","name":"aceitunas verdes gazpacha Marbella tarro 446 g neto escurrido","brand":"LA ESPAÑOLA ","img":"https://sgfm.elcorteingles.es/SGFM/dctm/MEDIA03/201707/28/00120941900803____2__600x600.jpg","price":"3,63 €            ","price_unit":"(7,71 € / Kilo)","categories":["Supermercado","Alimentación General","Aceitunas y variantes","Aceitunas aliñadas","LA ESPAÑOLA aceitunas verdes gazpacha Marbella tarro 446 g neto escurrido"],"general_information":["Denominación del alimento: Aceitunas verdes partidas con cebollitas, pepinillos, zanahorias, vinagre y pimentón.","Nombre del operador: La Española Alimentaria Alcoyana, S.A.","Dirección del operador: C/Arzobispo Doménech, 7  03804-Alcoy(Alicante)","Cantidad Neta: 430 g","Peso neto escurrido: 250 g"],"ingredients":[" Aceitunas verdes aderezada partidas, cebollitas, pepinillos y zanahorias, sal, vinagre, potenciador del sabor: glutamato monosódico, acidulante: ácido cítrico, antioxidante: ácido ascórbico, colorante: E-160 C y especias."],"conservation":" Consumir dentro de los 7 días después de la apertura. Una vez abierto , conservar cerrado en el frigorífico con el máximo de líquido posible.","ean":"8410226041145"},{"full_name":"ROSSELLO Aceituna Malagueña aliñada frasco 550 g neto escurrido","name":"Aceituna Malagueña aliñada frasco 550 g neto escurrido","brand":"ROSSELLO ","img":"https://sgfm.elcorteingles.es/SGFM//00/36/5/0120941900365/0120941900365000g01011.jpg","price":"3,74 €","price_unit":"(6,80 € / Kilo)","categories":["Supermercado","Alimentación General","Aceitunas y variantes","Aceitunas aliñadas","ROSSELLO Aceituna Malagueña aliñada frasco 550 g neto escurrido"],"general_information":["Denominación del alimento: Aceituna Aliñada Malagueña","Nombre del operador: Conservas Rosello, S.L.","Dirección del operador: Ctra. De Inca - Aatá, Km. 9 - 07430 Llubi (Mallorca)","Cantidad Neta: 1000 g","Peso neto escurrido: 600 g"],"ingredients":[" Aceitunas verdes malagueñas partidas, agua, sal, vinagre, oregano, tomillo y conservante E-211"],"conservation":" Consérvese en lugar fresco y seco.","ean":"8410585101849"},{"full_name":"ROSSELLO aceitunas mallorquina aliñadas frasco 550 g neto escurrido","name":"aceitunas mallorquina aliñadas frasco 550 g neto escurrido","brand":"ROSSELLO ","img":"https://sgfm.elcorteingles.es/SGFM/00/65/6/0120940400656/0120940400656000g01011.jpg","price":"3,45 €","price_unit":"(6,27 € / Kilo)","categories":["Supermercado","Alimentación General","Aceitunas y variantes","Aceitunas aliñadas","ROSSELLO aceitunas mallorquina aliñadas frasco 550 g neto escurrido"],"general_information":["Denominación del alimento: Aceituna Verde Partida Payesa","Nombre del operador: Conservas Rosello, S.L.","Dirección del operador: Ctra. De Inca - Aatá, Km. 9 - 07430 Llubi (Mallorca)","Cantidad Neta: 1000 g","Peso neto escurrido: 600 g"],"ingredients":[" Aceitunas verdes partidas, agua, sal, hinojo, pimientos picantes y conservante E-211. Contiene sulfitos."],"conservation":" Consérvese en lugar fresco y seco.","ean":"8410585101825"},{"full_name":"ARTES DE JOLCA aceitunas gordal aliñadas sin hueso frasco 360 g neto escurrido","name":"aceitunas gordal aliñadas sin hueso frasco 360 g neto escurrido","brand":"ARTES DE JOLCA ","img":"https://sgfm.elcorteingles.es/SGFM//00/49/8/0120941900498/0120941900498000g01011.jpg","price":"4,30 €","price_unit":"(11,94 € / Kilo)","categories":["Supermercado","Alimentación General","Aceitunas y variantes","Aceitunas aliñadas","ARTES DE JOLCA aceitunas gordal aliñadas sin hueso frasco 360 g neto escurrido"],"general_information":["Denominación del alimento: Aceitunas gordal","País de origen: España","Nombre del operador: Jolca S.A.","Dirección del operador: Ctra. Huelva-Sevilla km 22,5 - 41830 Huevar del Aljarafe (Sevilla)","Cantidad Neta: 680 g","Peso neto escurrido: 360 g"],"ingredients":[" Agua, aceitunas verdes deshuesadas (Gordal), pimiento, ajo, limón, vinagre de vino, especias naturales, antioxidante (ácido ascórbico) y conservante (sorbato potásico). Puede contener sulfitos."],"conservation":" Conservar en lugar seco y fresco","ean":"8410667020822"},{"full_name":"LA SOTA aceitunas gazpacha aliñadas frasco 250 g neto escurrido","name":"aceitunas gazpacha aliñadas frasco 250 g neto escurrido","brand":"LA SOTA ","img":"https://sgfm.elcorteingles.es/SGFM//00/29/0/0120941900290/0120941900290000g01011.jpg","price":"2,00 €","price_unit":"(8 € / Kilo)","categories":["Supermercado","Alimentación General","Aceitunas y variantes","Aceitunas aliñadas","LA SOTA aceitunas gazpacha aliñadas frasco 250 g neto escurrido"],"general_information":["Denominación del alimento: Aceituna verde aliñada","País de origen: España","Nombre del operador: La Sota Foods S.L.","Dirección del operador: C/ Cal Ros Dels Ocells, 16. Poligon Coll de la Manya. Granollers (Barcelona)","Cantidad Neta: 450 g","Peso neto escurrido: 250 g","Otras menciones obligatorias en la etiqueta: Categoria primera."],"ingredients":[" Aceituna verde, agua, pepino, zanahoria, pimiento, cebolla, guindilla, sal, vinagre, comino, pimenton, acidulante: E-330, conservantes: E-211 y E- 202, colorante: E-160c."],"conservation":" Mantener en lugar fresaco y seco,una vez abierto mantener refrigerado","ean":"8413645327357"},{"full_name":"CASTILLO aceitunas aloreñas de Málaga envase 1250 g neto escurrido","name":"aceitunas aloreñas de Málaga envase 1250 g neto escurrido","brand":"CASTILLO ","img":"https://sgfm.elcorteingles.es/SGFM/dctm/MEDIA02/CONTENIDOS/201411/14/00120941900480____1__600x600.jpg","price":"4,85 €","price_unit":"(3,88 € / Kilo)","categories":["Supermercado","Alimentación General","Aceitunas y variantes","Aceitunas aliñadas","CASTILLO aceitunas aloreñas de Málaga envase 1250 g neto escurrido"],"general_information":[],"ingredients":[],"ean":"8412295999631"},{"full_name":"CASTILLO aceitunas partidas aliñadas variedad Aloreñas de Malaga tarro 700 g neto escurrido","name":"aceitunas partidas aliñadas variedad Aloreñas de Malaga tarro 700 g neto escurrido","brand":"CASTILLO ","img":"https://sgfm.elcorteingles.es/SGFM/dctm/MEDIA02/CONTENIDOS/201411/14/00120941900670____1__600x600.jpg","price":"2,50 €","price_unit":"(3,57 € / Kilo)","categories":["Supermercado","Alimentación General","Aceitunas y variantes","Aceitunas aliñadas","CASTILLO aceitunas partidas aliñadas variedad Aloreñas de Malaga tarro 700 g neto escurrido"],"general_information":[],"ingredients":[],"ean":"8412295000306"},{"full_name":"CAMPOMAR NATURE aceituna verde deshuesada aliñada ecológica frasco 350 g neto escurrido","name":"aceituna verde deshuesada aliñada ecológica frasco 350 g neto escurrido","brand":"CAMPOMAR NATURE ","img":"https://sgfm.elcorteingles.es/SGFM/dctm/MEDIA02/CONTENIDOS/201509/08/00120948900020____1__600x600.jpg","price":"2,46 €","price_unit":"(7,03 € / Kilo)","categories":["Supermercado","Alimentación General","Aceitunas y variantes","Aceitunas aliñadas","CAMPOMAR NATURE aceituna verde deshuesada aliñada ecológica frasco 350 g neto escurrido"],"general_information":["Denominación del alimento: Aceitunas","Nombre del operador: Campomar Nature S.L.","Dirección del operador: Ctra. Madrid 69, 03007 Alicante / P.I. Bujeo, 41567 Herrera (Sevilla)","Cantidad Neta: 350 g","Peso neto escurrido: 170 g"],"ingredients":[" Aceituna verde deshuesada*, agua, sal, ajo*, pimiento rojo*, vinagre de vino*, especias* y ácido cítrico. *Ecológico. Pasteurizado."],"conservation":" Una vez abierto, conservar refrigerado y consumir preferentemente en 7 días.","ean":"8436530673742"},{"full_name":"CONCEPCION DE LOS REYES aceitunas gordal morada aliñadas garrafa 1800 g neto escurrido","name":"aceitunas gordal morada aliñadas garrafa 1800 g neto escurrido","brand":"CONCEPCION DE LOS REYES ","img":"https://sgfm.elcorteingles.es/SGFM//00/31/6/0120941900316/0120941900316000g01011.jpg","price":"6,60 €","price_unit":"(3,67 € / Kilo)","categories":["Supermercado","Alimentación General","Aceitunas y variantes","Aceitunas aliñadas","CONCEPCION DE LOS REYES aceitunas gordal morada aliñadas garrafa 1800 g neto escurrido"],"general_information":[],"ingredients":[],"ean":"8412834000941"},{"full_name":"LINOLIVA aceitunas macha aliñadas a la extremeña envase 500 g neto escurrido","name":"aceitunas macha aliñadas a la extremeña envase 500 g neto escurrido","brand":"LINOLIVA ","img":"https://sgfm.elcorteingles.es/SGFM/dctm/MEDIA02/CONTENIDOS/201410/02/00120941900274____2__600x600.jpg","price":"4,49 €","price_unit":"(8,98 € / Kilo)","categories":["Supermercado","Alimentación General","Aceitunas y variantes","Aceitunas aliñadas","LINOLIVA aceitunas macha aliñadas a la extremeña envase 500 g neto escurrido"],"general_information":[],"ingredients":[],"ean":"8436008219465"},{"full_name":"ACEITUNERA JIENNENSE aceitunas aliñadas envase 700 g neto escurrido","name":"aceitunas aliñadas envase 700 g neto escurrido","brand":"ACEITUNERA JIENNENSE ","img":"https://sgfm.elcorteingles.es/SGFM/dctm/MEDIA02/CONTENIDOS/201412/17/00120941900225____1__600x600.jpg","price":"3,81 €","price_unit":"(5,44 € / Kilo)","categories":["Supermercado","Alimentación General","Aceitunas y variantes","Aceitunas aliñadas","ACEITUNERA JIENNENSE aceitunas aliñadas envase 700 g neto escurrido"],"general_information":["Denominación del alimento: Aceituna Adobada Sabor Pimiento","Nombre del operador: Aceitunera Jiennense S.A.","Dirección del operador: Pol.Ind. Los Olivares, C/Cazalilla 39. 23009 Jaén","Cantidad Neta: 1.2 Kilogramos","Peso neto escurrido: 700 g","Otras menciones obligatorias en la etiqueta: Aceituna verde tipo sevillana, categoría: Estándar."],"ingredients":[" Aceituna, agua, potenciadores de sabor (E-621, E-627, E-631), acidulante E-330, conservantes (E-211, E-202, E-223), antioxidante E-300, emulsionante E-433, sustancias aromaticas naturales y sal."],"conservation":" Mantener en sitio fresco protegido de la luz. Una vez abierto conservar en frigorífico máximo 15 días.","ean":"8437012732391"},{"full_name":"EL FARO Gourmet aceitunas verdes partidas con aliño tradicional envase 190 g neto escurrido","name":"Gourmet aceitunas verdes partidas con aliño tradicional envase 190 g neto escurrido","brand":"EL FARO ","img":"https://sgfm.elcorteingles.es/SGFM//00/62/1/0120941900621/0120941900621000g01011.jpg","price":"2,00 €","price_unit":"(10,53 € / Kilo)","categories":["Supermercado","Alimentación General","Aceitunas y variantes","Aceitunas aliñadas","EL FARO Gourmet aceitunas verdes partidas con aliño tradicional envase 190 g neto escurrido"],"general_information":[],"ingredients":[],"ean":"8410813219384"},{"full_name":"EL CORTE INGLES cóctel de aceitunas con sabor a anchoa barril 490 g neto escurrido","name":"cóctel de aceitunas con sabor a anchoa barril 490 g neto escurrido","brand":"EL CORTE INGLES ","img":"https://sgfm.elcorteingles.es/SGFM/dctm/MEDIA03/201705/05/00120965000290____1__600x600.jpg","price":"2,08 €","price_unit":"(4,24 € / Kilo)","categories":["Supermercado","Alimentación General","Aceitunas y variantes","Aceitunas diversas","EL CORTE INGLES cóctel de aceitunas con sabor a anchoa barril 490 g neto escurrido"],"general_information":["Denominación del alimento: ACEITUNAS VERDES Y NEGRAS ENTERAS CON ENCURTIDOS","Nombre del operador: Elaborado para El Corte Inglés por\nACEITUNAS CAZORLA, S.L. \nCtra. Madrid, 69\n03007 Alicante\nEspaña","Cantidad Neta: 835 g","Peso neto escurrido: 490 g"],"ingredients":[" Ingredientes: \nAgua, pepinillo(*), aceituna verde, aceituna negra, cebollitas(*) (en proporciones variables), sal, vinagre, potenciadores del sabor (E 621, E 635), acidulante (E 330) y antioxidante (E 300).\n(*): contiene sulfitos Puede contener trazas de mostaza"],"conservation":" Conservar en lugar fresco y seco. Evitar en la medida de lo posible la luz directa del sol.\nUna vez abierto, conservar refrigerado y consumir preferentemente antes de 7 días.","ean":"8433329068420"},{"full_name":"FRAGATA surtido con aceitunas deshuesadas gazpacha lata 600 g neto escurrido","name":"surtido con aceitunas deshuesadas gazpacha lata 600 g neto escurrido","brand":"FRAGATA ","img":"https://sgfm.elcorteingles.es/SGFM/dctm/MEDIA02/CONTENIDOS/201504/29/00120941900753____1__600x600.jpg","price":"3,19 €","price_unit":"(5,32 € / Kilo)","categories":["Supermercado","Alimentación General","Aceitunas y variantes","Aceitunas diversas","FRAGATA surtido con aceitunas deshuesadas gazpacha lata 600 g neto escurrido"],"general_information":["Denominación del alimento: Aceitunas verdes deshuesadas aliñadas al estilo gazpacha","Nombre del operador: Ángel Camacho Alimentación, S.L.","Dirección del operador: Avda. del Pilar, 6 - 41530 Morón de la Frontera (Sevilla)","Lugar de procedencia del alimento: Producto de España","Cantidad Neta: 1400 g","Peso neto escurrido: 600 g","Otras menciones obligatorias en la etiqueta: Categoría Estándar"],"ingredients":[" Agua, aceitunas verdes, sal marina, pepinillos, zanahorias, pimientos, cebollitas, guindillas, potenciadores de sabor: glutamato monosódico, inosinato disódico y guanilato disódico, pimentón, vinagre de alcohol, correctores de acidez: ácido láctico y ácido cítrico, antioxidante: ácido ascórbico y conservador: sulfito sódico."],"conservation":" Una vez abierto conservar refrigerado y consumir antes de 15 días","ean":"8410134020058"},{"full_name":"FRAGATA Gran Selección aceitunas con hueso sabor anchoa lata 150 g neto escurrido","name":"Gran Selección aceitunas con hueso sabor anchoa lata 150 g neto escurrido","brand":"FRAGATA ","img":"https://sgfm.elcorteingles.es/SGFM/01/78/7/0120940401787/0120940401787000g01011.jpg","price":"1,19 €","price_unit":"(7,93 € / Kilo)","categories":["Supermercado","Alimentación General","Aceitunas y variantes","Aceitunas diversas","FRAGATA Gran Selección aceitunas con hueso sabor anchoa lata 150 g neto escurrido"],"general_information":["Denominación del alimento: Aceitunas manzanilla verdes con hueso sabor anchoa","Nombre del operador: Ángel Camacho Alimentación, S.L.","Dirección del operador: Avda. del Pilar, 6 - 41530 Morón de la Frontera (Sevilla)","Lugar de procedencia del alimento: Producto de España","Cantidad Neta: 350 g","Peso neto escurrido: 180 g","Otras menciones obligatorias en la etiqueta: Categoría selecta"],"ingredients":[" Aceitunas verdes, agua, sal marina, acidulantes: ácido láctico y ácido cítrico, potenciadores del sabor: glutamato monosódico, E-635, antioxidante: ácido ascórbico"],"conservation":" Una vez abierto conservar refrigerado en un recipiente adecuado y consumir antes de 15 días","ean":"8410134019045"},{"full_name":"FRAGATA aceitunas en rodajas frasco 130 g neto escurrido","name":"aceitunas en rodajas frasco 130 g neto escurrido","brand":"FRAGATA ","img":"https://sgfm.elcorteingles.es/SGFM//00/26/6/0120941900266/0120941900266000g01011.jpg","price":"1,26 €","price_unit":"(9,69 € / Kilo)","categories":["Supermercado","Alimentación General","Aceitunas y variantes","Aceitunas diversas","FRAGATA aceitunas en rodajas frasco 130 g neto escurrido"],"general_information":["Denominación del alimento: Aceitunas manzanilla verdes en rodajas","Nombre del operador: Ángel Camacho Alimentación, S.L.","Dirección del operador: Avda. del Pilar, 6 - 41530 Morón de la Frontera (Sevilla)","Lugar de procedencia del alimento: Producto de España","Cantidad Neta: 235 g","Peso neto escurrido: 130 g","Otras menciones obligatorias en la etiqueta: Categoría selecta"],"ingredients":[" Aceitunas manzanilla verdes, agua, sal marina, corrector de acidez: ácido láctico"],"conservation":" Una vez abierto conservar refrigerado y consumir antes de 7 días","ean":"8410134074358"},{"full_name":"LA SOTA aceitunas de Aragón frasco 255 g neto escurrido","name":"aceitunas de Aragón frasco 255 g neto escurrido","brand":"LA SOTA ","img":"https://sgfm.elcorteingles.es/SGFM//00/16/1/0120941700161/0120941700161000g01011.jpg","price":"1,90 €","price_unit":"(7,45 € / Kilo)","categories":["Supermercado","Alimentación General","Aceitunas y variantes","Aceitunas diversas","LA SOTA aceitunas de Aragón frasco 255 g neto escurrido"],"general_information":["Denominación del alimento: Aceituna negra","País de origen: España","Nombre del operador: La Sota Foods S.L.","Dirección del operador: C/ Cal Ros Dels Ocells, 16. Poligon Coll de la Manya. Granollers (Barcelona)","Cantidad Neta: 260 g","Peso neto escurrido: 260 g","Otras menciones obligatorias en la etiqueta: Categoría primera."],"ingredients":[" Aceituna negra de Aragón y sal"],"conservation":" Mantener en lugar fresco y seco, una vez abierto mantener refrigerado","ean":"8413064590127"},{"full_name":"GERMANOR aceitunas arbequina enteras frasco 430 g neto escurrido","name":"aceitunas arbequina enteras frasco 430 g neto escurrido","brand":"GERMANOR ","img":"https://sgfm.elcorteingles.es/SGFM/00/07/8/0120940400078/0120940400078000g01011.jpg","price":"3,90 €","price_unit":"(9,07 € / Kilo)","categories":["Supermercado","Alimentación General","Aceitunas y variantes","Aceitunas diversas","GERMANOR aceitunas arbequina enteras frasco 430 g neto escurrido"],"general_information":["Denominación del alimento: Aceituna arbequina","Nombre del operador: Agrupació Olearia Lleidatana S.L Agroles","Dirección del operador: C/ Verge de Montserrat, 29 25400 Les Borges Blanques, Les Garrigues (Lleida) España","Cantidad Neta: 450,0 g","Peso neto escurrido: 400,0 g","Otras menciones obligatorias en la etiqueta: Acidez libre láctica mínima 0.3. Tipo de aceituna: Aceituna arbequina al natural en salmuera."],"ingredients":[" Aceituna arbequina 93 %, sal 7 %"],"ean":"8413511070028"},{"full_name":"CAMPOMAR NATURE aceitunas Hojiblanca morada ecológicas con ajo y orégano frasco 200 g neto escurrido","name":"aceitunas Hojiblanca morada ecológicas con ajo y orégano frasco 200 g neto escurrido","brand":"CAMPOMAR NATURE ","img":"https://sgfm.elcorteingles.es/SGFM/00/04/8/0120948800048/0120948800048000g01011.jpg","price":"1,51 €","price_unit":"(7,55 € / Kilo)","categories":["Supermercado","Alimentación General","Aceitunas y variantes","Aceitunas diversas","CAMPOMAR NATURE aceitunas Hojiblanca morada ecológicas con ajo y orégano frasco 200 g neto escurrido"],"general_information":["Denominación del alimento: Aceitunas","Nombre del operador: Campomar Nature S.L.","Dirección del operador: Ctra. Madrid 69, 03007 Alicante / P.I. Bujeo, 41567 Herrera (Sevilla)","Cantidad Neta: 350 g","Peso neto escurrido: 200 g"],"ingredients":[" Aceituna verde hojiblanca con hueso*, ajo*, arégano*, agua, sal, vinagre*, ácido cítrico y ácido láctico. *Ecológico. Pasteurizado."],"conservation":" Una vez abierto, conservar refrigerado y consumir preferentemente en 7 días.","ean":"8410791001520"},{"full_name":"ROSSELLO aceitunas marcida frasco 550 g neto escurrido","name":"aceitunas marcida frasco 550 g neto escurrido","brand":"ROSSELLO ","img":"https://sgfm.elcorteingles.es/SGFM//00/38/1/0120941900381/0120941900381000g01011.jpg","price":"4,15 €","price_unit":"(7,55 € / Kilo)","categories":["Supermercado","Alimentación General","Aceitunas y variantes","Aceitunas diversas","ROSSELLO aceitunas marcida frasco 550 g neto escurrido"],"general_information":["Denominación del alimento: Aceituna Marcida con Aceite","Nombre del operador: Conservas Rosello, S.L.","Dirección del operador: Ctra. De Inca - Aatá, Km. 9 - 07430 Llubi (Mallorca)","Cantidad Neta: 1000 g","Peso neto escurrido: 600 g"],"ingredients":[" Aceitunas negras naturales enteras, sal, ajo y aceite de girasol. Contiene sulfitos."],"conservation":" Consérvese en lugar fresco y seco.","ean":"8410585101955"},{"full_name":"ROSSELLO aceitunas con guindilla frasco 220 g neto escurrido","name":"aceitunas con guindilla frasco 220 g neto escurrido","brand":"ROSSELLO ","img":"https://sgfm.elcorteingles.es/SGFM//01/00/2/0120940801002/0120940801002000g01011.jpg","price":"2,79 €","price_unit":"(12,68 € / Kilo)","categories":["Supermercado","Alimentación General","Aceitunas y variantes","Aceitunas diversas","ROSSELLO aceitunas con guindilla frasco 220 g neto escurrido"],"general_information":[],"ingredients":[],"ean":"8410585375011"},{"full_name":"ROSSELLO aceitunas mallorquina frasco 220 g neto escurrido","name":"aceitunas mallorquina frasco 220 g neto escurrido","brand":"ROSSELLO ","img":"https://sgfm.elcorteingles.es/SGFM/00/48/2/0120940400482/0120940400482000g01011.jpg","price":"1,95 €","price_unit":"(8,86 € / Kilo)","categories":["Supermercado","Alimentación General","Aceitunas y variantes","Aceitunas diversas","ROSSELLO aceitunas mallorquina frasco 220 g neto escurrido"],"general_information":["Denominación del alimento: Aceituna Verde Partida Payesa","Nombre del operador: Conservas Rosello, S.L.","Dirección del operador: Ctra. De Inca - Aatá, Km. 9 - 07430 Llubi (Mallorca)","Cantidad Neta: 300 g","Peso neto escurrido: 220 g"],"ingredients":[" Aceitunas verdes partidas, agua, sal, hinojo, pimientos picantes y conservante E-211."],"conservation":" Consérvese en lugar fresco y seco.","ean":"8410585375110"},{"full_name":"JOLCA aceituna verde verdial partida gazpacha frasco 500 g neto escurrido","name":"aceituna verde verdial partida gazpacha frasco 500 g neto escurrido","brand":"JOLCA ","img":"https://sgfm.elcorteingles.es/SGFM//00/60/5/0120941900605/0120941900605000g01011.jpg","price":"3,39 €","price_unit":"(6,78 € / Kilo)","categories":["Supermercado","Alimentación General","Aceitunas y variantes","Aceitunas diversas","JOLCA aceituna verde verdial partida gazpacha frasco 500 g neto escurrido"],"general_information":["Denominación del alimento: Aceitunas verdial","País de origen: España","Nombre del operador: Jolca S.A.","Dirección del operador: Ctra. Huelva-Sevilla km 22,5 - 41830 Huevar del Aljarafe (Sevilla)","Cantidad Neta: 850 g","Peso neto escurrido: 500 g"],"ingredients":[" Aceitunas verdes enteras (Verdial), agua, zanahoria, pepinillos, cebollitas, sal, pimiento rojo, ajos blancos, guindilla verde, acidulantes (ácido cítrico), vinagre, especias y antioxidante (ácido ascórbico). Puede contener sulfitos."],"conservation":" Conservar en lugar seco y fresco","ean":"8410667021003"},{"full_name":"GUERRA aceitunas de Campo Real con hueso envase 950 g neto escurrido","name":"aceitunas de Campo Real con hueso envase 950 g neto escurrido","brand":"GUERRA ","img":"https://sgfm.elcorteingles.es/SGFM/00/01/3/0120940300013/0120940300013000g01011.jpg","price":"5,01 €","price_unit":"(5,27 € / Kilo)","categories":["Supermercado","Alimentación General","Aceitunas y variantes","Aceitunas diversas","GUERRA aceitunas de Campo Real con hueso envase 950 g neto escurrido"],"general_information":["Denominación del alimento: Aceituna verde entera","Nombre del operador: Aceitunas Guerra, SL","Dirección del operador: C/ Pirotécnia, 33 28052 Madrid - España","Cantidad Neta: 8400 g","Peso neto escurrido: 5700 g","Otras menciones obligatorias en la etiqueta: Variedad: Cacereña, Calibre: 160/320, Categoría: I (primera)."],"ingredients":[" Aceitunas verdes con hueso cacereña, agua, sal, conservadores: E-202 (sorbato potásico), E-211 (benzoato sódico), cloruro sódico, acidulante E-330 (ácido cítrico), antioxidante E-300 (ácido ascórbico) y aromas naturales de ajo y comino."],"conservation":" Conservar en frio de 2° a 10°C y una vez abierto consumir preferentemente antes de 15 días.","ean":"8412749000296"},{"full_name":"GUERRA aceitunas de Aragón con caldo envase 250 g neto escurrido","name":"aceitunas de Aragón con caldo envase 250 g neto escurrido","brand":"GUERRA ","img":"https://sgfm.elcorteingles.es/SGFM/dctm/MEDIA02/CONTENIDOS/201502/09/00120940300450____1__600x600.jpg","price":"2,98 €","price_unit":"(11,92 € / Kilo)","categories":["Supermercado","Alimentación General","Aceitunas y variantes","Aceitunas diversas","GUERRA aceitunas de Aragón con caldo envase 250 g neto escurrido"],"general_information":["Denominación del alimento: Aceituna negra de Aragón con caldo","Nombre del operador: Aceitunas Guerra, SL","Dirección del operador: C/ Pirotécnia, 33 28052 Madrid - España","Cantidad Neta: 500 g","Peso neto escurrido: 250 g","Otras menciones obligatorias en la etiqueta: Variedad: Aragón / Empeltre, Calibre: 280-320 frutos/kg, Categoría: I (primera)."],"ingredients":[" Aceitunas con hueso Aragón Empeltre (96%), agua, sal, conservadores: E-202 (sorbato potásico), E-211 (benzoato sódico), cloruro sódico, acidulante E-330 (ácido cítrico), antioxidante E-300 (ácido ascórbico) y aromas naturales de ajo y comino."],"conservation":" Conservar en frío de 2° a 10°C y una vez abierto consumir preferentemente antes de 15 días.","ean":"8412749008445"},{"full_name":"GUERRA aceitunas mojo picón envase 250 g neto escurrido","name":"aceitunas mojo picón envase 250 g neto escurrido","brand":"GUERRA ","img":"https://sgfm.elcorteingles.es/SGFM/dctm/MEDIA02/CONTENIDOS/201502/09/00120940300443____1__600x600.jpg","price":"3,00 €","price_unit":"(12 € / Kilo)","categories":["Supermercado","Alimentación General","Aceitunas y variantes","Aceitunas diversas","GUERRA aceitunas mojo picón envase 250 g neto escurrido"],"general_information":["Denominación del alimento: Aceituna rellena de mojo picón","Nombre del operador: Aceitunas Guerra, SL","Dirección del operador: C/ Pirotécnia, 33 28052 Madrid - España","Cantidad Neta: 500 g","Peso neto escurrido: 250 g","Otras menciones obligatorias en la etiqueta: Variedad: Manzanilla rellena, Calibre: 200-300 frutos/kg, Categoría: I (primera)."],"ingredients":[" Aceitunas sin hueso manzanilla rellena de pimiento 70%, pepinillos 15%, cebollitas 15%, agua, sal, conservadores E-202 (sorbato potásico), E-211 (benzoato sódico), cloruro sódico, acidulante E-330 (ácido cítrico), antioxidante E-300 (ácido ascórbico), potenciadores del sabor: Glutamato monosódico E-621, Inosinato 5´ disódico (IMP) E-631 y guanilato 5´disodico (GMP) E-627. Puede contener hueso y trazas de sulfito."],"conservation":" Conservar en frío de 2° a 10°C y una vez abierto consumir preferentemente antes de 15 días.","ean":"8412749008414"},{"full_name":"ROMANICO aceituna arbequina verde entera categoría primera frasco 195 g neto escurrido","name":"aceituna arbequina verde entera categoría primera frasco 195 g neto escurrido","brand":"ROMANICO ","img":"https://sgfm.elcorteingles.es/SGFM/dctm/MEDIA03/201706/16/00120940400201____1__600x600.jpg","price":"2,75 €","price_unit":"(14,10 € / Kilo)","categories":["Supermercado","Alimentación General","Aceitunas y variantes","Aceitunas diversas","ROMANICO aceituna arbequina verde entera categoría primera frasco 195 g neto escurrido"],"general_information":["Denominación del alimento: Aceituna arbequina","Nombre del operador: Agrupació Olearia Lleidatana S.L Agroles","Dirección del operador: C/ Verge de Montserrat, 29 25400 Les Borges Blanques, Les Garrigues (Lleida) España","Cantidad Neta: 195,0 g","Peso neto escurrido: 195,0 g"],"ingredients":[" Aceituna arbequina, agua, sal."],"ean":"8413511070202"},{"full_name":"SARASA Los antojos del Olivar aceitunas verdial con hueso, pepinillos y cebollitas aliñadas frasco 240 g neto escurrido","name":"Los antojos del Olivar aceitunas verdial con hueso, pepinillos y cebollitas aliñadas frasco 240 g neto escurrido","brand":"SARASA ","img":"https://sgfm.elcorteingles.es/SGFM/dctm/MEDIA03/201612/29/00120941900977____1__600x600.jpg","price":"3,14 €","price_unit":"(13,08 € / Kilo)","categories":["Supermercado","Alimentación General","Aceitunas y variantes","Aceitunas diversas","SARASA Los antojos del Olivar aceitunas verdial con hueso, pepinillos y cebollitas aliñadas frasco 240 g neto escurrido"],"general_information":[],"ingredients":[],"ean":"8420403081369"},{"full_name":"SARASA La receta del Cortijo aceitunas verdial con hueso, ajos y pimientos rojos aliñados frasco 240 g neto escurrido","name":"La receta del Cortijo aceitunas verdial con hueso, ajos y pimientos rojos aliñados frasco 240 g neto escurrido","brand":"SARASA ","img":"https://sgfm.elcorteingles.es/SGFM/dctm/MEDIA03/201612/29/00120941900985____1__600x600.jpg","price":"2,99 €","price_unit":"(12,46 € / Kilo)","categories":["Supermercado","Alimentación General","Aceitunas y variantes","Aceitunas diversas","SARASA La receta del Cortijo aceitunas verdial con hueso, ajos y pimientos rojos aliñados frasco 240 g neto escurrido"],"general_information":[],"ingredients":[],"ean":"8420403081352"},{"full_name":"ACEITUNERA JIENNENSE aceitunas naturales machacadas envase 650 g neto escurrido","name":"aceitunas naturales machacadas envase 650 g neto escurrido","brand":"ACEITUNERA JIENNENSE ","img":"https://sgfm.elcorteingles.es/SGFM/00/08/6/0120940400086/0120940400086000g01011.jpg","price":"3,65 €","price_unit":"(5,62 € / Kilo)","categories":["Supermercado","Alimentación General","Aceitunas y variantes","Aceitunas diversas","ACEITUNERA JIENNENSE aceitunas naturales machacadas envase 650 g neto escurrido"],"general_information":["Denominación del alimento: Aceituna Verde 100% Natural Machacada","Nombre del operador: Aceitunera Jiennense S.A.","Dirección del operador: Pol.Ind. Los Olivares, C/Cazalilla 39. 23009 Jaén","Cantidad Neta: 1.2 Kilogramos","Peso neto escurrido: 700 g","Otras menciones obligatorias en la etiqueta: Aceituna verde curada en salmuera categoría: Estándar"],"ingredients":[" Aceituna, agua, tomillo, hinojoso, ajo y sal."],"conservation":" Mantener en sitio fresco protegido de la luz. Una vez abierto conservar en frigorífico máximo 15 días.","ean":"8437012732346"},{"full_name":"BRAVO aceitunas chupadedos tarro 550 g neto escurrido","name":"aceitunas chupadedos tarro 550 g neto escurrido","brand":"BRAVO ","img":"https://sgfm.elcorteingles.es/SGFM/dctm/MEDIA02/CONTENIDOS/201507/14/00200440402162____1__600x600.jpg","price":"4,79 €","price_unit":"(8,71 € / Kilo)","categories":["Supermercado","Alimentación General","Aceitunas y variantes","Aceitunas diversas","BRAVO aceitunas chupadedos tarro 550 g neto escurrido"],"general_information":[],"ingredients":[],"ean":"8422813110592"},{"full_name":"EL CORTE INGLES aceitunas verdes gordal frasco 500 g neto escurrido","name":"aceitunas verdes gordal frasco 500 g neto escurrido","brand":"EL CORTE INGLES ","img":"https://sgfm.elcorteingles.es/SGFM/dctm/MEDIA03/201703/28/00120940402033____3__600x600.jpg","price":"3,49 €","price_unit":"(6,98 € / Kilo)","categories":["Supermercado","Alimentación General","Aceitunas y variantes","Aceitunas gordal","EL CORTE INGLES aceitunas verdes gordal frasco 500 g neto escurrido"],"general_information":["Denominación del alimento: ACEITUNAS VERDES GORDAL ENTERAS","Nombre del operador: Elaborado para El Corte Inglés por\nACEITUNAS CAZORLA, S.L. \nCtra. Madrid, 69\n03007 Alicante\nEspaña","Lugar de procedencia del alimento: Producto de España","Cantidad Neta: 835 g","Peso neto escurrido: 500 g","Número de raciones por envase: 20"],"ingredients":[" Ingredientes: \nAceituna, agua, sal, acidulante (E330) y antioxidante (E300) Puede contener trazas de sulfitos, mostaza y \nalmendras"],"conservation":" Conservar en lugar fresco y seco. Evitar en la medida de lo posible la luz directa del sol.\nUna vez abierto, conservar refrigerado y consumir preferentemente antes de 7 días.","ean":"8433329056427"},{"full_name":"JOLCA aceitunas gordal bolsa 100 g neto escurrido","name":"aceitunas gordal bolsa 100 g neto escurrido","brand":"JOLCA ","img":"https://sgfm.elcorteingles.es/SGFM/00/24/3/0120940400243/0120940400243000g01011.jpg","price":"0,86 €","price_unit":"(8,60 € / Kilo)","categories":["Supermercado","Alimentación General","Aceitunas y variantes","Aceitunas gordal","JOLCA aceitunas gordal bolsa 100 g neto escurrido"],"general_information":["Denominación del alimento: Aceitunas gordal","País de origen: España","Nombre del operador: Jolca S.A.","Dirección del operador: Ctra. Huelva-Sevilla km 22,5 - 41830 Huevar del Aljarafe (Sevilla)","Cantidad Neta: 195 g","Peso neto escurrido: 100 g"],"ingredients":[" Aceitunas verdes enteras (Gordal Sevillana), agua, sal, acidulantes (ácido cítrico y ácido láctico), antioxidante (ácido ascórbico), conservante (sorbato potásico)."],"conservation":" Conservar en lugar seco y fresco","ean":"8410667002002"},{"full_name":"GUERRA aceitunas gordal con pepinillo envase 200 g neto escurrido","name":"aceitunas gordal con pepinillo envase 200 g neto escurrido","brand":"GUERRA ","img":"https://sgfm.elcorteingles.es/SGFM/dctm/MEDIA02/CONTENIDOS/201409/03/00120940300484____1__600x600.jpg","price":"3,75 €","price_unit":"(18,75 € / Kilo)","categories":["Supermercado","Alimentación General","Aceitunas y variantes","Aceitunas gordal","GUERRA aceitunas gordal con pepinillo envase 200 g neto escurrido"],"general_information":["Denominación del alimento: Aceituna gordal rellena con pepino","Nombre del operador: Aceitunas Guerra, SL","Dirección del operador: C/ Pirotécnia, 33 28052 Madrid - España","Cantidad Neta: 500 g","Peso neto escurrido: 200 g","Otras menciones obligatorias en la etiqueta: Calibre: aceituna: 80-100 frutos/kg, pepino: 200-300 frutos/kg Categoría: I (primera)."],"ingredients":[" Aceitunas sin hueso gordal (48%), pepinillo (48%), agua, sal, conservadores: E-202 (sorbato potásico), E-211(benzoato sódico), cloruro sódico, acidulante E-330 (acido cítrico), antioxidante E-300 (acido ascórbico), potenciadores del sabor: Glutamato monosódico E-621, Inosinato 5´ disódico (IMP) E-631 y guanilato 5´disodico (GMP) E-627."],"conservation":" Conservar en frío de 2° a 10°C y una vez abierto consumir preferentemente antes de 15 días.","ean":"8412749007639"},{"full_name":"GUERRA aceitunas gordal sin hueso aliñadas envase 200 g neto escurrido","name":"aceitunas gordal sin hueso aliñadas envase 200 g neto escurrido","brand":"GUERRA ","img":"https://sgfm.elcorteingles.es/SGFM/dctm/MEDIA02/CONTENIDOS/201502/09/00120940300468____1__600x600.jpg","price":"3,00 €","price_unit":"(15 € / Kilo)","categories":["Supermercado","Alimentación General","Aceitunas y variantes","Aceitunas gordal","GUERRA aceitunas gordal sin hueso aliñadas envase 200 g neto escurrido"],"general_information":["Denominación del alimento: Aceituna gordal deshuesada","Nombre del operador: Aceitunas Guerra, SL","Dirección del operador: C/ Pirotécnia, 33 28052 Madrid - España","Cantidad Neta: 500 g","Peso neto escurrido: 250 g","Otras menciones obligatorias en la etiqueta: Variedad: Gordal, Calibre: 80 - 100 frutos/kg, Categoría: I (primera)."],"ingredients":[" Aceitunas sin hueso gordal (98%), agua, sal, vinagre, conservadores: E-202 (sorbato potásico), E-211 (benzoato sódico), cloruro sódico, acidulante E-330 (acido cítrico), antioxidante E-300 (acido ascórbico), aromas naturales de ajo y comino y colorante E-160c. Puede contener trazas de sulfitos."],"conservation":" Conservar en frío de 2° a 10°C y una vez abierto consumir preferentemente antes de 15 días.","ean":"8412749007677"},{"full_name":"CAMPOMAR NATURE aceituna gordal ecológica con ajo, lima y tomillo frasco 200 g neto escurrido","name":"aceituna gordal ecológica con ajo, lima y tomillo frasco 200 g neto escurrido","brand":"CAMPOMAR NATURE ","img":"https://sgfm.elcorteingles.es/SGFM/00/08/9/0120948800089/0120948800089000g01011.jpg","price":"4,69 €","price_unit":"(23,45 € / Kilo)","categories":["Supermercado","Alimentación General","Aceitunas y variantes","Aceitunas gordal","CAMPOMAR NATURE aceituna gordal ecológica con ajo, lima y tomillo frasco 200 g neto escurrido"],"general_information":["Denominación del alimento: Aceitunas gordal ecológica","País de origen: España","Nombre del operador: Campomar Nature, S.L.","Dirección del operador: Ctra. de Madrir 69 - 03007 Alicante - P.I. Bujeo, 41567 Herrera (Sevilla)","Cantidad Neta: 350 g","Peso neto escurrido: 200 g","Otras menciones obligatorias en la etiqueta: Código de autoridad de control ES-ECO-001-AN. Agricultura UE."],"ingredients":[" Aceituna gordal con hueso*, ajo*, limón*, tomillo*, agua, sal, vinagre*, ácido cítrico y ácido láctico. *Ecológico."],"conservation":" Una vez abierto, conservar refrigerado y consumir preferentemente en 7 días.","ean":"8410791001414"},{"full_name":"EL CORTE INGLES pepinillos pequeños en vinagre sabor anchoa envase 250 g neto escurrido","name":"pepinillos pequeños en vinagre sabor anchoa envase 250 g neto escurrido","brand":"EL CORTE INGLES ","img":"https://sgfm.elcorteingles.es/SGFM/dctm/MEDIA03/201611/14/00120940900747____1__600x600.jpg","price":"1,52 €","price_unit":"(6,08 € / Kilo)","categories":["Supermercado","Alimentación General","Aceitunas y variantes","Pepinillos","EL CORTE INGLES pepinillos pequeños en vinagre sabor anchoa envase 250 g neto escurrido"],"general_information":["Denominación del alimento: PEPINILLOS ACIDOS","Nombre del operador: Elaborado para El Corte Inglés por\nACEITUNAS CAZORLA, S.L. \nCtra. Madrid, 69\n03007 Alicante\nEspaña","Lugar de procedencia del alimento: Origen: India","Cantidad Neta: 420 g","Peso neto escurrido: 225 g","Número de raciones por envase: 10"],"ingredients":[" Ingredientes: \nPepinillo (contiene sulfitos), agua, sal, vinagre, potenciadores del sabor (E-621 y E-635), acidulante (E-330) y antioxidante (E-300). Puede contener trazas de mostaza y almendras."],"conservation":" Conservar en lugar fresco y seco. Evitar en la medida de lo posible la luz directa del sol.\nUna vez abierto, conservar refrigerado y consumir preferentemente antes de 7 días.","ean":"8433329068383"},{"full_name":"EL CORTE INGLES pepinillos pequeños agridulces envase 225 g neto escurrido","name":"pepinillos pequeños agridulces envase 225 g neto escurrido","brand":"EL CORTE INGLES ","img":"https://sgfm.elcorteingles.es/SGFM/dctm/MEDIA03/201701/23/00120940900762____1__600x600.jpg","price":"1,52 €","price_unit":"(6,76 € / Kilo)","categories":["Supermercado","Alimentación General","Aceitunas y variantes","Pepinillos","EL CORTE INGLES pepinillos pequeños agridulces envase 225 g neto escurrido"],"general_information":["Denominación del alimento: PEPINILLOS AGRIDULCES","Nombre del operador: Elaborado para El Corte Inglés por\nACEITUNAS CAZORLA, S.L. \nCtra. Madrid, 69\n03007 Alicante\nEspaña","Cantidad Neta: 420 g","Peso neto escurrido: 225 g","Número de raciones por envase: 10"],"ingredients":[" Ingredientes: \nPepinillo (*), agua, azúcar, sal, cebollita(*), pimiento rojo(*), especias, vinagre, acidulante (E 330), antioxidante (E 300), mostaza, endurecedor (E 509), aromas.\n(*) Contiene sulfitos"],"conservation":" Conservar en lugar fresco y seco. Evitar en la medida de lo posible la luz directa del sol.\nUna vez abierto, conservar refrigerado y consumir preferentemente antes de 7 días.","ean":"8433329068376"},{"full_name":"EL CORTE INGLES pepinillos medianos en vinagre sabor anchoa envase 225 g neto escurrido","name":"pepinillos medianos en vinagre sabor anchoa envase 225 g neto escurrido","brand":"EL CORTE INGLES ","img":"https://sgfm.elcorteingles.es/SGFM/dctm/MEDIA03/201701/23/00120940900754____1__600x600.jpg","price":"1,58 €","price_unit":"(7,02 € / Kilo)","categories":["Supermercado","Alimentación General","Aceitunas y variantes","Pepinillos","EL CORTE INGLES pepinillos medianos en vinagre sabor anchoa envase 225 g neto escurrido"],"general_information":["Denominación del alimento: PEPINILLOS ACIDOS","Nombre del operador: Elaborado para El Corte Inglés por\nACEITUNAS CAZORLA, S.L. \nCtra. Madrid, 69\n03007 Alicante\nEspaña","Lugar de procedencia del alimento: Origen: India","Cantidad Neta: 420 g","Peso neto escurrido: 225 g","Número de raciones por envase: 10"],"ingredients":[" Ingredientes: \nPepinillo (contiene sulfitos), agua, sal, vinagre, potenciadores del sabor (E-621 y E-635), acidulante (E-330) y antioxidante (E-300). Puede contener trazas de mostaza y almendras."],"conservation":" Conservar en lugar fresco y seco. Evitar en la medida de lo posible la luz directa del sol.\nUna vez abierto, conservar refrigerado y consumir preferentemente antes de 7 días.","ean":"8433329068390"},{"full_name":"RIOVERDE pepinillos muy finos frasco 380 g neto escurrido","name":"pepinillos muy finos frasco 380 g neto escurrido","brand":"RIOVERDE ","img":"https://sgfm.elcorteingles.es/SGFM/00/04/4/0120940900044/0120940900044000g01011.jpg","price":"4,35 €","price_unit":"(11,45 € / Kilo)","categories":["Supermercado","Alimentación General","Aceitunas y variantes","Pepinillos","RIOVERDE pepinillos muy finos frasco 380 g neto escurrido"],"general_information":["Denominación del alimento: Pepinillos especiados","Nombre del operador: Rioverde S.A","Dirección del operador: Carretera del Cortijo Km 3 -26006 Logroño - La Rioja","Cantidad Neta: 660,0 g","Peso neto escurrido: 380,0 g"],"ingredients":[" Pepinillos, vinagre, sal, cebollita, especias (mostaza),aromas. Contiene Sulfitos"],"conservation":" Una vez abierto conservar en el frigorífico.","ean":"8410954001190"},{"full_name":"RIOVERDE pepinillos muy finos frasco 180 g neto escurrido","name":"pepinillos muy finos frasco 180 g neto escurrido","brand":"RIOVERDE ","img":"https://sgfm.elcorteingles.es/SGFM/00/05/1/0120940900051/0120940900051000g01011.jpg","price":"1,43 €","price_unit":"(7,94 € / Kilo)","categories":["Supermercado","Alimentación General","Aceitunas y variantes","Pepinillos","RIOVERDE pepinillos muy finos frasco 180 g neto escurrido"],"general_information":["Denominación del alimento: Pepinillos especiados","Nombre del operador: Rioverde S.A","Dirección del operador: Carretera del Cortijo Km 3 -26006 Logroño - La Rioja","Cantidad Neta: 345,0 g","Peso neto escurrido: 180,0 g"],"ingredients":[" Pepinillos, vinagre, sal, cebollita, especias (mostaza),aromas. Contiene Sulfitos"],"conservation":" Una vez abierto conservar en el frigorífico.","ean":"8410954000223"},{"full_name":"RIOVERDE pepinillos sabor anchoa frasco 180 g neto escurrido","name":"pepinillos sabor anchoa frasco 180 g neto escurrido","brand":"RIOVERDE ","img":"https://sgfm.elcorteingles.es/SGFM/00/15/0/0120940900150/0120940900150000g01011.jpg","price":"1,35 €","price_unit":"(7,50 € / Kilo)","categories":["Supermercado","Alimentación General","Aceitunas y variantes","Pepinillos","RIOVERDE pepinillos sabor anchoa frasco 180 g neto escurrido"],"general_information":["Denominación del alimento: Pepinillos sabor anchoa","Nombre del operador: Rioverde S.A","Dirección del operador: Carretera del Cortijo Km 3 -26006 Logroño - La Rioja","Cantidad Neta: 345,0 g","Peso neto escurrido: 180,0 g"],"ingredients":[" Pepinillos, vinagre, sal, azúcar, potenciadores de sabor: E-621, E-631, E-627,corrector de acidez: E-330, conservadores: E-211, E-202, antioxidante: E-300 y aromas Contiene Sulfitos."],"conservation":" Una vez abierto conservar en el frigorífico.","ean":"8410954000711"},{"full_name":"RIOVERDE pepinillos en vinagre frasco 180 g neto escurrido","name":"pepinillos en vinagre frasco 180 g neto escurrido","brand":"RIOVERDE ","img":"https://sgfm.elcorteingles.es/SGFM/00/45/7/0120940900457/0120940900457000g01011.jpg","price":"2,20 €","price_unit":"(12,22 € / Kilo)","categories":["Supermercado","Alimentación General","Aceitunas y variantes","Pepinillos","RIOVERDE pepinillos en vinagre frasco 180 g neto escurrido"],"general_information":["Denominación del alimento: Pepinillos tradicionales","Nombre del operador: Rioverde S.A","Dirección del operador: Carretera del Cortijo Km 3 -26006 Logroño - La Rioja","Cantidad Neta: 345,0 g","Peso neto escurrido: 180,0 g"],"ingredients":[" Pepinillos, vinagre, sal. Contiene Sulfitos"],"conservation":" Una vez abierto conservar en el frigorífico.","ean":"8410954000025"},{"full_name":"KUHNE pepinillos frasco 360 g neto escurrido","name":"pepinillos frasco 360 g neto escurrido","brand":"KUHNE ","img":"https://sgfm.elcorteingles.es/SGFM/00/02/8/0120940900028/0120940900028000g01011.jpg","price":"3,15 €","price_unit":"(8,75 € / Kilo)","categories":["Supermercado","Alimentación General","Aceitunas y variantes","Pepinillos","KUHNE pepinillos frasco 360 g neto escurrido"],"general_information":["Denominación del alimento: Pepinillos","Nombre del operador: Bolton Cile España","Dirección del operador: C/ Ombú nº 3 28045 Madrid, España","Cantidad Neta: 670 g"],"ingredients":[" Pepinillos, agua, vinagre de alcohol, jarabe de glucosa-fructosa, eneldo, semilla de MOSTAZA, pimiento rojo, cebolla, sal, azúcar, aroma natural"],"ean":"0000040804651"},{"full_name":"KUHNE pepinillos en rodajas frasco 330 g neto escurrido","name":"pepinillos en rodajas frasco 330 g neto escurrido","brand":"KUHNE ","img":"https://sgfm.elcorteingles.es/SGFM/dctm/MEDIA02/CONTENIDOS/201503/27/00120940900580____1__600x600.jpg","price":"3,10 €","price_unit":"(9,39 € / Kilo)","categories":["Supermercado","Alimentación General","Aceitunas y variantes","Pepinillos","KUHNE pepinillos en rodajas frasco 330 g neto escurrido"],"general_information":["Nombre del operador: Bolton Cile España","Dirección del operador: C\\ Ombú nº 3 28045 Madrid, España"],"ingredients":[],"ean":"4012200401057"},{"full_name":"KUHNE Tapas pepinillos sabor dulce frasco 330 g neto escurrido","name":"Tapas pepinillos sabor dulce frasco 330 g neto escurrido","brand":"KUHNE ","img":"https://sgfm.elcorteingles.es/SGFM/dctm/MEDIA02/CONTENIDOS/201505/08/00120940900606____1__600x600.jpg","price":"3,22 €","price_unit":"(8,94 € / Kilo)","categories":["Supermercado","Alimentación General","Aceitunas y variantes","Pepinillos","KUHNE Tapas pepinillos sabor dulce frasco 330 g neto escurrido"],"general_information":["Nombre del operador: Bolton Cile España","Dirección del operador: C\\ Ombú nº 3 28045 Madrid, España"],"ingredients":[],"ean":"0000040198576"},{"full_name":"KUHNE pepinillos tarro 185 g neto escurrido","name":"pepinillos tarro 185 g neto escurrido","brand":"KUHNE ","img":"https://sgfm.elcorteingles.es/SGFM/00/03/6/0120940900036/0120940900036000g01011.jpg","price":"2,99 €","price_unit":"(16,16 € / Kilo)","categories":["Supermercado","Alimentación General","Aceitunas y variantes","Pepinillos","KUHNE pepinillos tarro 185 g neto escurrido"],"general_information":[],"ingredients":[],"ean":"0000040804644"},{"full_name":"KUHNE TAPAS pepinillos sabor ajo frasco 330 g neto escurrido","name":"TAPAS pepinillos sabor ajo frasco 330 g neto escurrido","brand":"KUHNE ","img":"https://sgfm.elcorteingles.es/SGFM/dctm/MEDIA02/CONTENIDOS/201505/08/00120940900598____1__600x600.jpg","price":"3,22 €","price_unit":"(8,94 € / Kilo)","categories":["Supermercado","Alimentación General","Aceitunas y variantes","Pepinillos","KUHNE TAPAS pepinillos sabor ajo frasco 330 g neto escurrido"],"general_information":["Nombre del operador: Bolton Cile España","Dirección del operador: C\\ Ombú nº 3 28045 Madrid, España"],"ingredients":[],"ean":"0000040198583"},{"full_name":"HENGSTENBERG pepinillos Knax con aliño suave frasco 850 g neto escurrido","name":"pepinillos Knax con aliño suave frasco 850 g neto escurrido","brand":"HENGSTENBERG ","img":"https://sgfm.elcorteingles.es/SGFM/dctm/MEDIA02/CONTENIDOS/201510/14/00120940900655____1__600x600.jpg","price":"4,36 €","price_unit":"(5,13 € / Kilo)","categories":["Supermercado","Alimentación General","Aceitunas y variantes","Pepinillos","HENGSTENBERG pepinillos Knax con aliño suave frasco 850 g neto escurrido"],"general_information":["Denominación del alimento: Pepinillos","Nombre del operador: Hengstenberg Gmbh & Co. Kg","Dirección del operador: Hengstenberg, D-73726 Esslingen","Cantidad Neta: 1550 g","Peso neto escurrido: 850 g","Otras menciones obligatorias en la etiqueta: Sin gluten."],"ingredients":[" Pepinillos, vinagre de aguardiente, azúcar, sal, eneldo, pimienta, cebolla,  granos de mostaza, aromas naturales de hierbas y especias."],"conservation":" Una vez abierto, conservar en frigorífico.","ean":"0000040081403"},{"full_name":"HENGSTENBERG pepinillos al estilo polaco frasco 360 g neto escurrido","name":"pepinillos al estilo polaco frasco 360 g neto escurrido","brand":"HENGSTENBERG ","img":"https://sgfm.elcorteingles.es/SGFM/00/07/7/0120940900077/0120940900077000g01011.jpg","price":"2,90 €","price_unit":"(8,06 € / Kilo)","categories":["Supermercado","Alimentación General","Aceitunas y variantes","Pepinillos","HENGSTENBERG pepinillos al estilo polaco frasco 360 g neto escurrido"],"general_information":["Denominación del alimento: Pepinillos","Nombre del operador: Hengstenberg Gmbh & Co. Kg","Dirección del operador: Hengstenberg, D-73726 Esslingen","Cantidad Neta: 670 g","Peso neto escurrido: 360 g","Otras menciones obligatorias en la etiqueta: Sin gluten."],"ingredients":[" Pepinillos, vinagre de aguardiente, azúcar, sal, hierbas, mostaza en grano, aromas naturales de hierbas y especias (contiene mostaza)."],"ean":"4008100141568"},{"full_name":"EL FARO pepinillos en vinagre extrafinos frasco 200 g neto escurrido","name":"pepinillos en vinagre extrafinos frasco 200 g neto escurrido","brand":"EL FARO ","img":"https://sgfm.elcorteingles.es/SGFM/dctm/MEDIA02/CONTENIDOS/201410/08/00120940900192____1__600x600.jpg","price":"2,41 €","price_unit":"(12,05 € / Kilo)","categories":["Supermercado","Alimentación General","Aceitunas y variantes","Pepinillos","EL FARO pepinillos en vinagre extrafinos frasco 200 g neto escurrido"],"general_information":[],"ingredients":[],"ean":"8410813201020"},{"full_name":"FAROLIVA pepinillos rellenos de anchoa natural lata 130 g neto escurrido","name":"pepinillos rellenos de anchoa natural lata 130 g neto escurrido","brand":"FAROLIVA ","img":"https://sgfm.elcorteingles.es/SGFM/dctm/MEDIA03/201607/08/00120940900689____1__600x600.jpg","price":"3,94 €","categories":["Supermercado","Alimentación General","Aceitunas y variantes","Pepinillos","FAROLIVA pepinillos rellenos de anchoa natural lata 130 g neto escurrido"],"general_information":[],"ingredients":[],"ean":"8410813201556"},{"full_name":"SARASA pepinillos rellenos de pimiento rojo frasco 240 g neto escurrido","name":"pepinillos rellenos de pimiento rojo frasco 240 g neto escurrido","brand":"SARASA ","img":"https://sgfm.elcorteingles.es/SGFM/dctm/MEDIA03/201612/29/00120940900770____1__600x600.jpg","price":"2,83 €","price_unit":"(11,79 € / Kilo)","categories":["Supermercado","Alimentación General","Aceitunas y variantes","Pepinillos","SARASA pepinillos rellenos de pimiento rojo frasco 240 g neto escurrido"],"general_information":[],"ingredients":[],"ean":"8420403095519"},{"full_name":"PAÑO Naturae pepinillos ecológicos tarro 330 g neto escurrido","name":"Naturae pepinillos ecológicos tarro 330 g neto escurrido","brand":"PAÑO ","img":"https://sgfm.elcorteingles.es/SGFM/00/40/8/0120940900408/0120940900408000g01011.jpg","price":"3,52 €","price_unit":"(11 € / Kilo)","categories":["Supermercado","Alimentación General","Aceitunas y variantes","Pepinillos","PAÑO Naturae pepinillos ecológicos tarro 330 g neto escurrido"],"general_information":["Denominación del alimento: Pepinillos","Nombre del operador: Paño Fruits S.L.","Dirección del operador: Av. Montblanc 28, 43460 Alcover (Tarragona)","Cantidad Neta: 330 g","Peso neto escurrido: 190 g","Otras menciones obligatorias en la etiqueta: Procedentes de agricultura ecológica."],"ingredients":[" Pepinillo, vinagre, azúcar de caña, hierbas, sal marina, eneldo, semillas mostaza, especias."],"conservation":" Mantener a temperatura ambiente.","ean":"8430175870436"},{"full_name":"GUERRA pepinillos envase 250 g neto escurrido","name":"pepinillos envase 250 g neto escurrido","brand":"GUERRA ","img":"https://sgfm.elcorteingles.es/SGFM/dctm/MEDIA02/CONTENIDOS/201409/03/00120940300542____1__600x600.jpg","price":"2,71 €","price_unit":"(10,84 € / Kilo)","categories":["Supermercado","Alimentación General","Aceitunas y variantes","Pepinillos","GUERRA pepinillos envase 250 g neto escurrido"],"general_information":["Denominación del alimento: Pepinillos","País de origen: India","Nombre del operador: Aceitunas Guerra, SL","Dirección del operador: C/ Pirotécnia, 33 28052 Madrid - España","Cantidad Neta: 500 g","Peso neto escurrido: 250 g","Otras menciones obligatorias en la etiqueta: Calibre: pepinillo extra: +300 frutos/kg, mediano: 120-160 frutos/kg, gigante: 20-30 frutos/kg. Categoría: I (primera). Origen: India."],"ingredients":[" Pepinillos 98%, agua, sal, vinagre, conservadores: E-202 (sorbato potásico), E-211(benzoato sódico) y cloruro sódico, acidulante E-330 (acido cítrico), antioxidante E-300 (acido ascórbico), potenciador del sabor: Glutamato monosódico E-621, Inosinato 5´ disódico (IMP) E-631 y guanilato 5´disodico (GMP) E-627. Puede contener sulfitos."],"conservation":" Conservar en frío de 2° a 10°C y una vez abierto consumir preferentemente antes de 15 días.","ean":"8412749007714"},{"full_name":"KIMBO pepinillos rellenos de anchoa frasco 150 g neto escurrido","name":"pepinillos rellenos de anchoa frasco 150 g neto escurrido","brand":"KIMBO ","img":"https://sgfm.elcorteingles.es/SGFM/dctm/MEDIA02/CONTENIDOS/201506/22/00120940900614____1__600x600.jpg","price":"2,73 €            ","price_unit":"(17 € / Kilo)","categories":["Supermercado","Alimentación General","Aceitunas y variantes","Pepinillos","KIMBO pepinillos rellenos de anchoa frasco 150 g neto escurrido"],"general_information":["Denominación del alimento: Pepinillos","Nombre del operador: Kimbo Snacks, S.L.","Dirección del operador: Pológono Indutrial La Serna 31500 Tudela (Navarra)","Cantidad Neta: 350 g","Peso neto escurrido: 140 g"],"ingredients":[" Pepinillos, anchoa, aceite de oliva, vinagre, pimiento, agua, sal común, acidulante (E-330), (E-260), potenciador (E-621), espesantes (E-401), (E-450) y antioxidante (E-300)."],"ean":"8410044002144"},{"full_name":"ARANCA pepinillos especiales Gurkentopf frasco 850 g neto escurrido","name":"pepinillos especiales Gurkentopf frasco 850 g neto escurrido","brand":"ARANCA ","img":"https://sgfm.elcorteingles.es/SGFM/dctm/MEDIA02/CONTENIDOS/201511/16/00120940900671____1__600x600.jpg","price":"4,99 €","categories":["Supermercado","Alimentación General","Aceitunas y variantes","Pepinillos","ARANCA pepinillos especiales Gurkentopf frasco 850 g neto escurrido"],"general_information":["Denominación del alimento: Pepinillos especiales, Gherkins.","Nombre del operador: Selfoods SAU","Dirección del operador: El Rebato s/n 08739 SUBIRATS (Barcelona)","Lugar de procedencia del alimento: Alemania","Cantidad Neta: 1550 g","Peso neto escurrido: 850 g"],"ingredients":[" Pepinillos,  Vinagre, Sal, especies (Semillas de  mostaza, cebolla, eneldo, cilantro), aromas naturales, dulcificante  sacarina, colorante riboflavina. Contiene: Semillas de mostaza."],"conservation":" Una vez abierto conservar en el frigorífico un máximo de 7 días.","ean":"8436021664280"},{"full_name":"ARANCA pepinillos al estilo moscovita frasco 360 g neto escurrido","name":"pepinillos al estilo moscovita frasco 360 g neto escurrido","brand":"ARANCA ","img":"https://sgfm.elcorteingles.es/SGFM/dctm/MEDIA02/CONTENIDOS/201511/16/00120940900663____1__600x600.jpg","price":"2,99 €","categories":["Supermercado","Alimentación General","Aceitunas y variantes","Pepinillos","ARANCA pepinillos al estilo moscovita frasco 360 g neto escurrido"],"general_information":["Denominación del alimento: Pepinillos Moscovitas","Nombre del operador: Selfoods SAU","Dirección del operador: El Rebato s/n 08739 SUBIRATS (Barcelona)","Lugar de procedencia del alimento: Alemania","Cantidad Neta: 670 g","Peso neto escurrido: 360 g"],"ingredients":[" Pepinillos, agua,  vinagre,  azúcar, sal, especies (Semillas de mostaza, cebolla, eneldo,  ajo, cilantro, chili),  extractos de especias, dulcificante sacarina, colorante riboflavina. Contiene: Semillas de mostaza."],"conservation":" Una vez abierto conservar en el frigorífico un máximo de 7 días","ean":"8436021664341"},{"full_name":"ACEITUNERA JIENNENSE pepinillos envase 700 g neto escurrido","name":"pepinillos envase 700 g neto escurrido","brand":"ACEITUNERA JIENNENSE ","img":"https://sgfm.elcorteingles.es/SGFM/00/47/3/0120940900473/0120940900473000g01011.jpg","price":"3,45 €","price_unit":"(4,93 € / Kilo)","categories":["Supermercado","Alimentación General","Aceitunas y variantes","Pepinillos","ACEITUNERA JIENNENSE pepinillos envase 700 g neto escurrido"],"general_information":["Denominación del alimento: Pepinillos","Nombre del operador: Aceitunera Jiennense S.A.","Dirección del operador: Pol.Ind. Los Olivares, C/Cazalilla 39. 23009 Jaén","Cantidad Neta: 1.2 Kilogramos","Peso neto escurrido: 700 g","Otras menciones obligatorias en la etiqueta: Tipo elaboración: ácida."],"ingredients":[" Pepinos, agua, potenciadores de sabor (E-621, E-627, E-631), acidulante E-330, conservantes (E-211, E-202, E-223), antioxidante E-300 y sal."],"conservation":" Mantener en sitio fresco protegido de la luz. Una vez abierto conservar en frigorífico máximo 15 días.","ean":"8437012732513"},{"full_name":"EL CORTE INGLES banderillas picantes frasco 160 g neto escurrido","name":"banderillas picantes frasco 160 g neto escurrido","brand":"EL CORTE INGLES ","img":"https://sgfm.elcorteingles.es/SGFM/dctm/MEDIA03/201705/05/00120965100207____1__600x600.jpg","price":"1,05 €","price_unit":"(6,56 € / Kilo)","categories":["Supermercado","Alimentación General","Aceitunas y variantes","Banderillas","EL CORTE INGLES banderillas picantes frasco 160 g neto escurrido"],"general_information":["Denominación del alimento: ENSARTADOS ÁCIDOS","Nombre del operador: Elaborado para El Corte Inglés por\nACEITUNAS CAZORLA, S.L. \nCtra. Madrid, 69\n03007 Alicante\nEspaña","Lugar de procedencia del alimento: Origen: España","Cantidad Neta: 340 g","Peso neto escurrido: 160 g","Número de raciones por envase: 6"],"ingredients":[" Ingredientes: \nAgua, pepinillos(*), cebollitas(*), aceitunas rellenas de pasta de pimiento (10%**) (pimiento, gelificante: E 401 y goma guar E 412), pimiento(*), sal, guindilla(*),vinagre,  potenciadores del sabor (E 621 y E 635), acidulante (E 330) y antioxidante (E 300).\n(*): contiene sulfitos\n(**): referenciado al peso neto escurrido. Puede contener trazas de mostaza, pescado, queso, almendra y altramuces."],"conservation":" Conservar en lugar fresco y seco. Evitar en la medida de lo posible la luz directa del sol.\nUna vez abierto, conservar refrigerado y consumir preferentemente antes de 7 días.","ean":"8433329068444"},{"full_name":"RIOVERDE banderillas Gran Bouquet sabor a anchoas frasco 170 g neto escurrido","name":"banderillas Gran Bouquet sabor a anchoas frasco 170 g neto escurrido","brand":"RIOVERDE ","img":"https://sgfm.elcorteingles.es/SGFM//00/12/4/0120965100124/0120965100124000g01011.jpg","price":"1,68 €","price_unit":"(9,88 € / Kilo)","categories":["Supermercado","Alimentación General","Aceitunas y variantes","Banderillas","RIOVERDE banderillas Gran Bouquet sabor a anchoas frasco 170 g neto escurrido"],"general_information":["Denominación del alimento: Banderillas gran bouquet","Nombre del operador: Rioverde S.A","Dirección del operador: Carretera del Cortijo Km 3 -26006 Logroño - La Rioja","Cantidad Neta: 330,0 g","Peso neto escurrido: 170,0 g"],"ingredients":[" Pepinillo, cebollita, aceituna, pimiento, vinagre, sal, potenciadores del sabor: e-621, e-631, e-627, corrector de acidez: e-330, antioxidantes: e-300, metabisulfito potasico. Contiene sulfitos"],"conservation":" Una vez abierto conservar en el frigorífico.","ean":"8410954000858"},{"full_name":"RIOVERDE banderillas picantes frasco 150 g neto escurrido","name":"banderillas picantes frasco 150 g neto escurrido","brand":"RIOVERDE ","img":"https://sgfm.elcorteingles.es/SGFM/dctm/MEDIA02/CONTENIDOS/201411/25/00120965100033____1__600x600.jpg","price":"1,76 €","price_unit":"(11,73 € / Kilo)","categories":["Supermercado","Alimentación General","Aceitunas y variantes","Banderillas","RIOVERDE banderillas picantes frasco 150 g neto escurrido"],"general_information":["Denominación del alimento: Banderillas picantes","Nombre del operador: Rioverde S.A","Dirección del operador: Carretera del Cortijo Km 3 -26006 Logroño - La Rioja","Cantidad Neta: 330,0 g","Peso neto escurrido: 150,0 g"],"ingredients":[" Pepinillo, cebollita, aceituna, guindilla, pimiento, vinagre, sal.  Contiene sulfitos"],"conservation":" Una vez abierto conservar en el frigorífico.","ean":"8410954000100"},{"full_name":"RIOVERDE banderillas dulces frasco 150 g neto escurrido","name":"banderillas dulces frasco 150 g neto escurrido","brand":"RIOVERDE ","img":"https://sgfm.elcorteingles.es/SGFM//00/04/1/0120965100041/0120965100041000g01011.jpg","price":"1,76 €","price_unit":"(11,73 € / Kilo)","categories":["Supermercado","Alimentación General","Aceitunas y variantes","Banderillas","RIOVERDE banderillas dulces frasco 150 g neto escurrido"],"general_information":["Denominación del alimento: Banderillas","Nombre del operador: Rioverde S.A","Dirección del operador: Carretera del Cortijo Km 3 -26006 Logroño - La Rioja","Cantidad Neta: 330,0 g","Peso neto escurrido: 150,0 g"],"ingredients":[" Pepinillo, cebollita, aceituna, pimiento, vinagre, sal, potenciadores del sabor: e-621, e-631, e-627, corrector de acidez: e-330, antioxidantes: e-300, metabisulfito potasico. Contiene sulfitos"],"conservation":" Una vez abierto conservar en el frigorífico.","ean":"8410954000094"},{"full_name":"SARASA banderillas navarras frasco 195 g neto escurrido","name":"banderillas navarras frasco 195 g neto escurrido","brand":"SARASA ","img":"https://sgfm.elcorteingles.es/SGFM/dctm/MEDIA03/201612/29/00120965100199____1__600x600.jpg","price":"2,95 €","price_unit":"(15,13 € / Kilo)","categories":["Supermercado","Alimentación General","Aceitunas y variantes","Banderillas","SARASA banderillas navarras frasco 195 g neto escurrido"],"general_information":[],"ingredients":[],"ean":"8420403095984"},{"full_name":"KIMBO banderillas toreras cecina y queso envase 230 g neto escurrido","name":"banderillas toreras cecina y queso envase 230 g neto escurrido","brand":"KIMBO ","img":"https://sgfm.elcorteingles.es/SGFM/dctm/MEDIA03/201702/21/00120965200833____1__600x600.jpg","price":"10,24 €","price_unit":"(44,52 € / Kilo)","categories":["Supermercado","Alimentación General","Aceitunas y variantes","Banderillas","KIMBO banderillas toreras cecina y queso envase 230 g neto escurrido"],"general_information":["Denominación del alimento: TORERAS CECINA Y QUESO","País de origen: España","Nombre del operador: Kimbo Snacks, S.L.","Dirección del operador: Pológono Indutrial La Serna 31500 Tudela (Navarra)","Lugar de procedencia del alimento: ESPAÑA","Cantidad Neta: 370 g","Peso neto escurrido: 230 g","Número de raciones por envase: 12"],"ingredients":[" Queso puro de\noveja pasteurizado, cecina de vacuno,\naceite de girasol, aceite de oliva virgen extra."],"conservation":" CONSERVAS ENTRE 12 Y 20 GRADOS","ean":"8410044003028"},{"full_name":"KIMBO banderillas toreras gildas anchoa y queso envase 195 g neto escurrido","name":"banderillas toreras gildas anchoa y queso envase 195 g neto escurrido","brand":"KIMBO ","img":"https://sgfm.elcorteingles.es/SGFM/dctm/MEDIA03/201702/21/00120965200817____1__600x600.jpg","price":"5,99 €","price_unit":"(30,72 € / Kilo)","categories":["Supermercado","Alimentación General","Aceitunas y variantes","Banderillas","KIMBO banderillas toreras gildas anchoa y queso envase 195 g neto escurrido"],"general_information":[],"ingredients":[],"ean":"8410044003059"},{"full_name":"KIMBO banderillas toreras gilda anchoa envase 145 g neto escurrido","name":"banderillas toreras gilda anchoa envase 145 g neto escurrido","brand":"KIMBO ","img":"https://sgfm.elcorteingles.es/SGFM/dctm/MEDIA03/201702/21/00120965200825____1__600x600.jpg","price":"5,99 €","price_unit":"(41,31 € / Kilo)","categories":["Supermercado","Alimentación General","Aceitunas y variantes","Banderillas","KIMBO banderillas toreras gilda anchoa envase 145 g neto escurrido"],"general_information":[],"ingredients":[],"ean":"8410044003011"},{"full_name":"KIMBO banderillas toreras picantes lata 120 g neto escurrido","name":"banderillas toreras picantes lata 120 g neto escurrido","brand":"KIMBO ","img":"https://sgfm.elcorteingles.es/SGFM//00/13/2/0120965100132/0120965100132000g01011.jpg","price":"1,66 €","price_unit":"(13,83 € / Kilo)","categories":["Supermercado","Alimentación General","Aceitunas y variantes","Banderillas","KIMBO banderillas toreras picantes lata 120 g neto escurrido"],"general_information":["Denominación del alimento: Encurtidos","Nombre del operador: Kimbo Snacks, S.L.","Dirección del operador: Pológono Indutrial La Serna 31500 Tudela (Navarra)","Cantidad Neta: 330 g","Peso neto escurrido: 120 g","Otras menciones obligatorias en la etiqueta: Presentada en palo de madera y enlatada."],"ingredients":[" Cebolla, pepino, aceituna, guindilla, pimiento, acidulante (E-260), agua y sal común."],"ean":"8410044001376"},{"full_name":"KIMBO banderillas toreras no picantes lata 120 g neto escurrido","name":"banderillas toreras no picantes lata 120 g neto escurrido","brand":"KIMBO ","img":"https://sgfm.elcorteingles.es/SGFM//00/14/0/0120965100140/0120965100140000g01011.jpg","price":"1,66 €","price_unit":"(13,83 € / Kilo)","categories":["Supermercado","Alimentación General","Aceitunas y variantes","Banderillas","KIMBO banderillas toreras no picantes lata 120 g neto escurrido"],"general_information":["Denominación del alimento: Encurtidos","Nombre del operador: Kimbo Snacks, S.L.","Dirección del operador: Pológono Indutrial La Serna 31500 Tudela (Navarra)","Cantidad Neta: 330 g","Peso neto escurrido: 120 g","Otras menciones obligatorias en la etiqueta: Presentada en palo de madera y enlatada."],"ingredients":[" Cebolla, pepino, aceituna, pimiento, acidulante (E-260), agua y sal común."],"ean":"8410044001420"},{"full_name":"GUERRA banderillas picantes envase 170 g neto escurrido","name":"banderillas picantes envase 170 g neto escurrido","brand":"GUERRA ","img":"https://sgfm.elcorteingles.es/SGFM/dctm/MEDIA02/CONTENIDOS/201409/03/00120940300526____1__600x600.jpg","price":"3,00 €","price_unit":"(17,65 € / Kilo)","categories":["Supermercado","Alimentación General","Aceitunas y variantes","Banderillas","GUERRA banderillas picantes envase 170 g neto escurrido"],"general_information":["Denominación del alimento: Banderillas picantes","Nombre del operador: Aceitunas Guerra, SL","Dirección del operador: C/ Pirotécnia, 33 28052 Madrid - España","Cantidad Neta: 500 g","Peso neto escurrido: 170 g","Otras menciones obligatorias en la etiqueta: Categoría: I (primera)."],"ingredients":[" Palillo banderilla: 1 Pimiento rojo, 1 pepinillo, 1 aceituna de manzanilla rellena de pimiento,1 cebollita, 1 guindilla (98%), agua, sal, vinagre, conservadores: E-202 (sorbato potásico), E-211 (benzoato sódico), cloruro sódico, acidulante E-330 (ácido cítrico) y antioxidante E-300 (ácido ascórbico) y potenciadores del sabor: Glutamato monosódico E-621, Inosinato 5´ disódico (IMP) E-631 y guanilato 5´disodico (GMP) E-627. Puede contener trazas de sulfito y huesos."],"conservation":" Conservar en frío de 2° a 10°C y una vez abierto consumir preferentemente antes de 15 días.","ean":"8412749007721"},{"full_name":"ACEITUNERA JIENNENSE banderillas picantes envase 650 g neto escurrido","name":"banderillas picantes envase 650 g neto escurrido","brand":"ACEITUNERA JIENNENSE ","img":"https://sgfm.elcorteingles.es/SGFM/00/01/7/0120965100017/0120965100017000g01011.jpg","price":"5,29 €","price_unit":"(8,14 € / Kilo)","categories":["Supermercado","Alimentación General","Aceitunas y variantes","Banderillas","ACEITUNERA JIENNENSE banderillas picantes envase 650 g neto escurrido"],"general_information":["Denominación del alimento: Banderillas","Nombre del operador: Aceitunera Jiennense S.A.","Dirección del operador: Pol.Ind. Los Olivares, C/Cazalilla 39. 23009 Jaén","Cantidad Neta: 1.2 Kilogramos","Peso neto escurrido: 650 g","Otras menciones obligatorias en la etiqueta: Tipo elaboración: ácida."],"ingredients":[" Pepino, aceituna, cebollita, pimiento, agua, potenciadores de sabor (E-621, E-627, E-631), acidulante E-330, conservantes (E-211, E-202, E-223), antioxidante E-300, sal y vinagre."],"conservation":" Mantener en sitio fresco protegido de la luz. Una vez abierto conservar en frigorífico máximo 15 días.","ean":"8437012732469"},{"full_name":"EL FARO banderillas dulces en vinagre con pepino entero frasco 150 g neto escurrido","name":"banderillas dulces en vinagre con pepino entero frasco 150 g neto escurrido","brand":"EL FARO ","img":"https://sgfm.elcorteingles.es/SGFM/dctm/MEDIA03/201705/23/00120965100173____1__600x600.jpg","price":"2,00 €","categories":["Supermercado","Alimentación General","Aceitunas y variantes","Banderillas","EL FARO banderillas dulces en vinagre con pepino entero frasco 150 g neto escurrido"],"general_information":[],"ingredients":[],"ean":"8410813201471"},{"full_name":"EL FARO banderillas picantes en vinagre con pepino entero lata 150 g neto escurrido","name":"banderillas picantes en vinagre con pepino entero lata 150 g neto escurrido","brand":"EL FARO ","img":"https://sgfm.elcorteingles.es/SGFM/dctm/MEDIA03/201705/23/00120965100181____1__600x600.jpg","price":"2,00 €","categories":["Supermercado","Alimentación General","Aceitunas y variantes","Banderillas","EL FARO banderillas picantes en vinagre con pepino entero lata 150 g neto escurrido"],"general_information":[],"ingredients":[],"ean":"8410813201365"},{"full_name":"EL CORTE INGLES guindillas en vinagre envase 160 g neto escurrido","name":"guindillas en vinagre envase 160 g neto escurrido","brand":"EL CORTE INGLES ","img":"https://sgfm.elcorteingles.es/SGFM/dctm/MEDIA03/201705/05/00120965200841____1__600x600.jpg","price":"0,99 €","price_unit":"(6,19 € / Kilo)","categories":["Supermercado","Alimentación General","Aceitunas y variantes","Guindillas","EL CORTE INGLES guindillas en vinagre envase 160 g neto escurrido"],"general_information":["Denominación del alimento: GUINDILLAS ÁCIDAS","Nombre del operador: Elaborado para El Corte Inglés por\nACEITUNAS CAZORLA, S.L. \nCtra. Madrid, 69\n03007 Alicante\nEspaña","Lugar de procedencia del alimento: Producto de España","Cantidad Neta: 420 g","Peso neto escurrido: 160 g","Número de raciones por envase: 6"],"ingredients":[" Ingredientes: \nGuindilla (contiene sulfitos), agua, sal, vinagre, acidulante (E 330), antioxidante (E-300). Puede contener trazas de mostaza y almendra."],"conservation":" Conservar en lugar fresco y seco. Evitar en la medida de lo posible la luz directa del sol.\nUna vez abierto, conservar refrigerado y consumir preferentemente antes de 7 días.","ean":"8433329068482"},{"full_name":"RIOVERDE guindillas vascas frasco 120 g neto escurrido","name":"guindillas vascas frasco 120 g neto escurrido","brand":"RIOVERDE ","img":"https://sgfm.elcorteingles.es/SGFM/00/21/2/0120940700212/0120940700212000g01011.jpg","price":"1,19 €","price_unit":"(9,92 € / Kilo)","categories":["Supermercado","Alimentación General","Aceitunas y variantes","Guindillas","RIOVERDE guindillas vascas frasco 120 g neto escurrido"],"general_information":["Denominación del alimento: Guindillas","Nombre del operador: Rioverde S.A","Dirección del operador: Carretera del Cortijo Km 3 -26006 Logroño - La Rioja","Cantidad Neta: 300,0 g","Peso neto escurrido: 120,0 g"],"ingredients":[" Guindillas, vinagre, sal, antioxidante: anhidrido sulfuroso. Contiene sulfitos"],"conservation":" Una vez abierto conservar en el frigorífico.","ean":"8410954000087"},{"full_name":"RIOVERDE guindillas piparras no picantes frasco 120 g neto escurrido","name":"guindillas piparras no picantes frasco 120 g neto escurrido","brand":"RIOVERDE ","img":"https://sgfm.elcorteingles.es/SGFM/dctm/MEDIA02/CONTENIDOS/201506/17/00120940700980____1__600x600.jpg","price":"1,71 €","price_unit":"(14,25 € / Kilo)","categories":["Supermercado","Alimentación General","Aceitunas y variantes","Guindillas","RIOVERDE guindillas piparras no picantes frasco 120 g neto escurrido"],"general_information":["Denominación del alimento: Piparras","Nombre del operador: Rioverde S.A","Dirección del operador: Carretera del Cortijo Km 3 -26006 Logroño - La Rioja","Cantidad Neta: 300,0 g","Peso neto escurrido: 120,0 g"],"ingredients":[" Guindillas, vinagre, sal, antioxidante: anhidrido sulfuroso. Contiene sulfitos"],"conservation":" Una vez abierto conservar en el frigorífico.","ean":"8410954000865"},{"full_name":"RIOVERDE guindillas pequeñas frasco 90 g neto escurrido","name":"guindillas pequeñas frasco 90 g neto escurrido","brand":"RIOVERDE ","img":"https://sgfm.elcorteingles.es/SGFM/00/17/0/0120940700170/0120940700170000g01011.jpg","price":"1,43 €","price_unit":"(15,89 € / Kilo)","categories":["Supermercado","Alimentación General","Aceitunas y variantes","Guindillas","RIOVERDE guindillas pequeñas frasco 90 g neto escurrido"],"general_information":["Denominación del alimento: Guindillas","Nombre del operador: Rioverde S.A","Dirección del operador: Carretera del Cortijo Km 3 -26006 Logroño - La Rioja","Cantidad Neta: 170,0 g","Peso neto escurrido: 90,0 g"],"ingredients":[" Guindillas, vinagre, sal, antioxidante: anhidrido sulfuroso. Contiene sulfitos"],"conservation":" Una vez abierto conservar en el frigorífico.","ean":"8410954005020"},{"full_name":"AGIÑA guindillas ácidas de Ibarra frasco 120 g neto escurrido","name":"guindillas ácidas de Ibarra frasco 120 g neto escurrido","brand":"AGIÑA ","img":"https://sgfm.elcorteingles.es/SGFM/00/99/8/0120940700998/0120940700998000g01011.jpg","price":"4,95 €","price_unit":"(41,25 € / Kilo)","categories":["Supermercado","Alimentación General","Aceitunas y variantes","Guindillas","AGIÑA guindillas ácidas de Ibarra frasco 120 g neto escurrido"],"general_information":[],"ingredients":[],"ean":"8437015771021"},{"full_name":"VELA guindillas alegrías riojanas lata 60 g neto escurrido","name":"guindillas alegrías riojanas lata 60 g neto escurrido","brand":"VELA ","img":"https://sgfm.elcorteingles.es/SGFM/00/14/1/0118026100141/0118026100141000g01011.jpg","price":"1,65 €","price_unit":"(27,50 € / Kilo)","categories":["Supermercado","Alimentación General","Aceitunas y variantes","Guindillas","VELA guindillas alegrías riojanas lata 60 g neto escurrido"],"general_information":["Denominación del alimento: Alegrías Riojanas","País de origen: España","Nombre del operador: Conservas J. Vela.","Dirección del operador: Avda. de Estella 17 (31587 Mendavia, Navarra)","Cantidad Neta: 80 g","Peso neto escurrido: 60 g"],"ingredients":[" Guindillones picantes y acidulante: ácido cítrico."],"ean":"8411904080005"},{"full_name":"IBARLUR guindillas D.O. Ibarra frasco 155 g neto escurrido","name":"guindillas D.O. Ibarra frasco 155 g neto escurrido","brand":"IBARLUR ","img":"https://sgfm.elcorteingles.es/SGFM/dctm/MEDIA02/CONTENIDOS/201409/18/00120940700485____1__600x600.jpg","price":"4,50 €","price_unit":"(29,03 € / Kilo)","categories":["Supermercado","Alimentación General","Aceitunas y variantes","Guindillas","IBARLUR guindillas D.O. Ibarra frasco 155 g neto escurrido"],"general_information":[],"ingredients":[],"ean":"8427481000015"},{"full_name":"CAMPOMAR NATURE guindillas verdes picantes ecológicas frasco 350 g neto escurrido","name":"guindillas verdes picantes ecológicas frasco 350 g neto escurrido","brand":"CAMPOMAR NATURE ","img":"https://sgfm.elcorteingles.es/SGFM/dctm/MEDIA02/CONTENIDOS/201509/08/00120948900012____1__600x600.jpg","price":"2,53 €","price_unit":"(7,23 € / Kilo)","categories":["Supermercado","Alimentación General","Aceitunas y variantes","Guindillas","CAMPOMAR NATURE guindillas verdes picantes ecológicas frasco 350 g neto escurrido"],"general_information":["Denominación del alimento: Guindillas verdes picantes","Nombre del operador: Campomar Nature S.L.","Dirección del operador: Ctra. Madrid 69, 03007 Alicante / P.I. Bujeo, 41567 Herrera (Sevilla)","Cantidad Neta: 350 g","Peso neto escurrido: 150 g"],"ingredients":[" Guindilla verde picante*, agua, sal y vinagre de vino*. *Ecológico. Pasteurizado."],"conservation":" Una vez abierto, conservar refrigerado y consumir preferentemente en 7 días.","ean":"8437006645744"},{"full_name":"LA GUIPUZCOANA guindillas frasco 130 g neto escurrido","name":"guindillas frasco 130 g neto escurrido","brand":"LA GUIPUZCOANA ","img":"https://sgfm.elcorteingles.es/SGFM/00/89/9/0120940700899/0120940700899000g01011.jpg","price":"2,95 €","price_unit":"(22,69 € / Kilo)","categories":["Supermercado","Alimentación General","Aceitunas y variantes","Guindillas","LA GUIPUZCOANA guindillas frasco 130 g neto escurrido"],"general_information":["Denominación del alimento: Guindillas piparrak extra","Nombre del operador: Aceitunas La Guipuzcoana, S.L.L.","Dirección del operador: C/ Ermitapea, 5 - 31013 Ansoain (Navarra)","Cantidad Neta: 325,0 g","Peso neto escurrido: 130,0 g"],"ingredients":[" Guindillas, agua, vinagre, sal y conservantes: E-223 y E-330."],"conservation":" Una vez abierto el envase, se recomienda guardar en frigorífico","ean":"8413250001406"},{"full_name":"SARASA guindillas piparras frasco 150 g neto escurrido","name":"guindillas piparras frasco 150 g neto escurrido","brand":"SARASA ","img":"https://sgfm.elcorteingles.es/SGFM/dctm/MEDIA03/201612/29/00120940701251____1__600x600.jpg","price":"3,90 €","price_unit":"(26 € / Kilo)","categories":["Supermercado","Alimentación General","Aceitunas y variantes","Guindillas","SARASA guindillas piparras frasco 150 g neto escurrido"],"general_information":["Denominación del alimento: Guindilla Piparra","Nombre del operador: Aceitunas Sarasa S.A.","Dirección del operador: C/ La Pedrera, 6 - 31261 Andosilla (Navarra)","Cantidad Neta: 390 g","Peso neto escurrido: 150 g","Otras menciones obligatorias en la etiqueta: Contiene Sulfitos."],"ingredients":[" Guindillas, agua, vinagre de vino, sal,    acidulante (E-330) y antioxidante (E-300)."],"conservation":" Conservar en lugar fresco y seco. Una vez abierto, mantener en refrigeración.","ean":"8420403090194"},{"full_name":"UBIDEA guindillas piparras Extra Selección frasco 130 g neto escurrido","name":"guindillas piparras Extra Selección frasco 130 g neto escurrido","brand":"UBIDEA ","img":"https://sgfm.elcorteingles.es/SGFM/dctm/MEDIA02/CONTENIDOS/201409/04/00200440701258____1__600x600.jpg","price":"5,50 €","price_unit":"(42,31 € / Kilo)","categories":["Supermercado","Alimentación General","Aceitunas y variantes","Guindillas","UBIDEA guindillas piparras Extra Selección frasco 130 g neto escurrido"],"general_information":["Denominación del alimento: Piparras Extra selección.","Nombre del operador: Ubidea Alimentación S.L.","Dirección del operador: Polígono Industrial-Alkaiaga 2 (31780 Zalain, Navarra).","Cantidad Neta: 300,0 g","Peso neto escurrido: 130,0 g"],"ingredients":[" Guindilla ,vinagre de vino, sal , acidulante (E330) y antioxidante (E300)."],"ean":"8423594001932"},{"full_name":"DELICIAS alcaparrones extrafinos frasco 100 g neto escurrido","name":"alcaparrones extrafinos frasco 100 g neto escurrido","brand":"DELICIAS ","img":"https://sgfm.elcorteingles.es/SGFM/dctm/MEDIA02/CONTENIDOS/201509/10/00120965200700____1__600x600.jpg","price":"2,66 €","price_unit":"(26,60 € / Kilo)","categories":["Supermercado","Alimentación General","Aceitunas y variantes","Alcaparras y alcaparrones","DELICIAS alcaparrones extrafinos frasco 100 g neto escurrido"],"general_information":[],"ingredients":[],"ean":"8410182150134"},{"full_name":"DELICIAS alcaparras surfines frasco 65 g neto escurrido","name":"alcaparras surfines frasco 65 g neto escurrido","brand":"DELICIAS ","img":"https://sgfm.elcorteingles.es/SGFM//00/17/1/0120965200171/0120965200171000g01011.jpg","price":"1,73 €            ","price_unit":"(22,31 € / Kilo)","categories":["Supermercado","Alimentación General","Aceitunas y variantes","Alcaparras y alcaparrones","DELICIAS alcaparras surfines frasco 65 g neto escurrido"],"general_information":[],"ingredients":[],"ean":"8410182020055"},{"full_name":"FRAGATA Selección alcaparras en salmuera calibre muy fino frasco 85 g neto escurrido","name":"Selección alcaparras en salmuera calibre muy fino frasco 85 g neto escurrido","brand":"FRAGATA ","img":"https://sgfm.elcorteingles.es/SGFM//00/54/4/0120965200544/0120965200544000g01011.jpg","price":"1,56 €            ","price_unit":"(14,71 € / Kilo)","categories":["Supermercado","Alimentación General","Aceitunas y variantes","Alcaparras y alcaparrones","FRAGATA Selección alcaparras en salmuera calibre muy fino frasco 85 g neto escurrido"],"general_information":["Denominación del alimento: Alcaparras en salmuera","Nombre del operador: Ángel Camacho Alimentación, S.L.","Dirección del operador: Avda. del Pilar, 6 - 41530 Morón de la Frontera (Sevilla)","Lugar de procedencia del alimento: Origen Marruecos y Turquía","Cantidad Neta: 142 g","Peso neto escurrido: 85 g","Otras menciones obligatorias en la etiqueta: Categoría primera"],"ingredients":[" Alcaparras, Agua, sal, corrector de acidez: ácido acético."],"conservation":" Una vez abierto conservar refrigerado y consumir antes de 15 días","ean":"8410134018697"},{"full_name":"FRAGATA alcaparras frasco 57 g neto escurrido","name":"alcaparras frasco 57 g neto escurrido","brand":"FRAGATA ","img":"https://sgfm.elcorteingles.es/SGFM//00/36/1/0120965200361/0120965200361000g01011.jpg","price":"0,98 €","price_unit":"(17,19 € / Kilo)","categories":["Supermercado","Alimentación General","Aceitunas y variantes","Alcaparras y alcaparrones","FRAGATA alcaparras frasco 57 g neto escurrido"],"general_information":["Denominación del alimento: Alcaparras en salmuera","Nombre del operador: Ángel Camacho Alimentación, S.L.","Dirección del operador: Avda. del Pilar, 6 - 41530 Morón de la Frontera (Sevilla)","Lugar de procedencia del alimento: Origen Marruecos y Turquía","Cantidad Neta: 99 g","Peso neto escurrido: 65 g","Otras menciones obligatorias en la etiqueta: Categoría primera"],"ingredients":[" Alcaparras, Agua, sal, corrector de acidez: ácido acético."],"conservation":" Una vez abierto conservar refrigerado y consumir antes de 15 días","ean":"8410134603800"},{"full_name":"ROSSELLO alcaparras extra Capucine frasco 140 g neto escurrido","name":"alcaparras extra Capucine frasco 140 g neto escurrido","brand":"ROSSELLO ","img":"https://sgfm.elcorteingles.es/SGFM//00/33/8/0120965200338/0120965200338000g01011.jpg","price":"1,90 €","price_unit":"(13,57 € / Kilo)","categories":["Supermercado","Alimentación General","Aceitunas y variantes","Alcaparras y alcaparrones","ROSSELLO alcaparras extra Capucine frasco 140 g neto escurrido"],"general_information":["Denominación del alimento: Alcaparras Extra","Nombre del operador: Conservas Rosello, S.L.","Dirección del operador: Ctra. De Inca - Aatá, Km. 9 - 07430 Llubi (Mallorca)","Cantidad Neta: 220 g","Peso neto escurrido: 140 g"],"ingredients":[" Alcaparras capucines, agua, sal, benzoato sódico, ácido cítrico y ácido láctico"],"conservation":" Consérvese en lugar fresco y seco.","ean":"8410585140329"},{"full_name":"ACEITUNERA JIENNENSE alcaparrones envase 500 g neto escurrido","name":"alcaparrones envase 500 g neto escurrido","brand":"ACEITUNERA JIENNENSE ","img":"https://sgfm.elcorteingles.es/SGFM//00/53/6/0120965200536/0120965200536000g01011.jpg","price":"4,85 €","price_unit":"(9,70 € / Kilo)","categories":["Supermercado","Alimentación General","Aceitunas y variantes","Alcaparras y alcaparrones","ACEITUNERA JIENNENSE alcaparrones envase 500 g neto escurrido"],"general_information":["Denominación del alimento: Alcaparrones","Nombre del operador: Aceitunera Jiennense S.A.","Dirección del operador: Pol.Ind. Los Olivares, C/Cazalilla 39. 23009 Jaén","Cantidad Neta: 1.2 Kilogramos","Peso neto escurrido: 500 g","Otras menciones obligatorias en la etiqueta: Tipo elaboración: ácida."],"ingredients":[" Alcaparrones, agua, sal y vinagre."],"conservation":" Mantener en sitio fresco protegido de la luz. Una vez abierto conservar en frigorífico máximo 15 días.","ean":"8437012732452"},{"full_name":"RIOVERDE cebollitas rojas frasco 180 g neto escurrido","name":"cebollitas rojas frasco 180 g neto escurrido","brand":"RIOVERDE ","img":"https://sgfm.elcorteingles.es/SGFM//00/23/9/0120965200239/0120965200239000g01011.jpg","price":"1,16 €","price_unit":"(6,44 € / Kilo)","categories":["Supermercado","Alimentación General","Aceitunas y variantes","Cebollitas","RIOVERDE cebollitas rojas frasco 180 g neto escurrido"],"general_information":["Denominación del alimento: Cebollitas rojas","Nombre del operador: Rioverde S.A","Dirección del operador: Carretera del Cortijo Km 3 -26006 Logroño - La Rioja","Cantidad Neta: 345,0 g","Peso neto escurrido: 180,0 g"],"ingredients":[" Cebollitas, vinagre, sal, azúcar, antioxidante (metabisulfito potasico). Contiene Sulfitos"],"conservation":" Una vez abierto conservar en el frigorífico.","ean":"8410954000728"},{"full_name":"RIOVERDE cebollitas pequeñas frasco 110 g neto escurrido","name":"cebollitas pequeñas frasco 110 g neto escurrido","brand":"RIOVERDE ","img":"https://sgfm.elcorteingles.es/SGFM//00/20/5/0120965200205/0120965200205000g01011.jpg","price":"1,16 €","price_unit":"(10,55 € / Kilo)","categories":["Supermercado","Alimentación General","Aceitunas y variantes","Cebollitas","RIOVERDE cebollitas pequeñas frasco 110 g neto escurrido"],"general_information":["Denominación del alimento: Cebollitas tradicionales","Nombre del operador: Rioverde S.A","Dirección del operador: Carretera del Cortijo Km 3 -26006 Logroño - La Rioja","Cantidad Neta: 180,0 g","Peso neto escurrido: 110,0 g"],"ingredients":[" Cebollitas, vinagre, sal, azucar, antioxidante: metabisulfito potasico. Contiene sulfitos"],"conservation":" Una vez abierto conservar en el frigorífico.","ean":"8410954005037"},{"full_name":"GUERRA cebollitas envase 250 g neto escurrido","name":"cebollitas envase 250 g neto escurrido","brand":"GUERRA ","img":"https://sgfm.elcorteingles.es/SGFM/dctm/MEDIA02/CONTENIDOS/201409/03/00120940300534____1__600x600.jpg","price":"2,71 €","price_unit":"(10,84 € / Kilo)","categories":["Supermercado","Alimentación General","Aceitunas y variantes","Cebollitas","GUERRA cebollitas envase 250 g neto escurrido"],"general_information":["Denominación del alimento: Cebollitas","Nombre del operador: Aceitunas Guerra, SL","Dirección del operador: C/ Pirotécnia, 33 28052 Madrid - España","Cantidad Neta: 500 g","Peso neto escurrido: 250 g","Otras menciones obligatorias en la etiqueta: Calibre: 18-20 frutos/kg, Categoría: I (primera). Origen: Holanda."],"ingredients":[" Cebollitas (98%), agua, vinagre, sal, conservadores: E-202 (sorbato potásico), E-211(benzoato sódico), cloruro sódico, acidulante E-330 (ácido cítrico), antioxidante E-300 (ácido ascórbico), potenciadores del sabor: Glutamato monosódico E-621, Inosinato 5´ disódico (IMP) E-631 y guanilato 5´disodico (GMP) E-627. Puede contener trazas de sulfitos."],"conservation":" Conservar en frío de 2° a 10°C y una vez abierto consumir preferentemente antes de 15 días.","ean":"8412749007738"},{"full_name":"CALZADO berenjenas de almagro I.G.P. lata 420 g neto escurrido 10-12 piezas","name":"berenjenas de almagro I.G.P. lata 420 g neto escurrido","brand":"CALZADO ","img":"https://sgfm.elcorteingles.es/SGFM//00/29/6/0120965200296/0120965200296000g01011.jpg","price":"3,50 €","price_unit":"(8,33 € / Kilo)","categories":["Supermercado","Alimentación General","Aceitunas y variantes","Berenjenas","CALZADO berenjenas de almagro I.G.P. lata 420 g neto escurrido 10-12 piezas"],"general_information":["Denominación del alimento: Berenjenas de Almagro","Nombre del operador: Conservas Calzado,S.L.","Dirección del operador: Carretera Torralba ,6,13260 Bolaños de Calatrava Ciudad Real","Cantidad Neta: 780 g","Peso neto escurrido: 420 g"],"ingredients":[" Berenjenas, agua, vinagre de vino, aceite de girasol, sal, cominos  y especias. Acidulante: ácido cítrico."],"conservation":" Guardar en lugar fresco, seco y ventilado. Una vez abierto conservas cubiertas por su caldo y en el frigorífico un máximo de 5 días.","ean":"8411391072101"},{"full_name":"CALZADO berenjenas de almagro aliñadas I.G.P. lata 210 g neto escurrido 6-8 piezas","name":"berenjenas de almagro aliñadas I.G.P. lata 210 g neto escurrido","brand":"CALZADO ","img":"https://sgfm.elcorteingles.es/SGFM//00/28/8/0120965200288/0120965200288000g01011.jpg","price":"1,62 €","price_unit":"(7,71 € / Kilo)","categories":["Supermercado","Alimentación General","Aceitunas y variantes","Berenjenas","CALZADO berenjenas de almagro aliñadas I.G.P. lata 210 g neto escurrido 6-8 piezas"],"general_information":["Denominación del alimento: Berenjenas de Almagro","Nombre del operador: Conservas Calzado,S.L.","Dirección del operador: Carretera Torralba ,6,13260 Bolaños de Calatrava Ciudad Real","Cantidad Neta: 390 g","Peso neto escurrido: 210 g"],"ingredients":[" Berenjenas, agua, vinagre de vino, aceite de girasol, sal, cominos  y especias. Acidulante: ácido cítrico."],"conservation":" Guardar en lugar fresco, seco y ventilado. Una vez abierto conservas cubiertas por su caldo y en el frigorífico un máximo de 5 días.","ean":"8411391071128"},{"full_name":"CALZADO berenjenas de almagro troceadas \"cachitos\" I.G.P. frasco 220 g neto escurrido","name":"berenjenas de almagro troceadas \"cachitos\" I.G.P. frasco 220 g neto escurrido","brand":"CALZADO ","img":"https://sgfm.elcorteingles.es/SGFM//00/27/0/0120965200270/0120965200270000g01011.jpg","price":"1,96 €            ","price_unit":"(8,18 € / Kilo)","categories":["Supermercado","Alimentación General","Aceitunas y variantes","Berenjenas","CALZADO berenjenas de almagro troceadas \"cachitos\" I.G.P. frasco 220 g neto escurrido"],"general_information":["Denominación del alimento: Berenjena de Almagro","Nombre del operador: Hijos de Isidoro Calzado, S.L.","Dirección del operador: Carretera de Torralba, 6 - 13260 Bolaños de Calatrava  (Ciudad Real)","Cantidad Neta: 390 g","Peso neto escurrido: 220 g"],"ingredients":[" Berenjenas, agua, vinagre de vino, aceite de girasol, pimiento rojo, sal, cominos, especias y acido cítrico."],"conservation":" Guardar en lugar fresco, seco y ventilado. Una vez abierto conservas cubiertas por su caldo y en el frigorífico un máximo de 5 días.","ean":"8411391070046"},{"full_name":"ANTONIO berenjenas de Almagro con aliño suave lata 420 g neto escurrido","name":"berenjenas de Almagro con aliño suave lata 420 g neto escurrido","brand":"ANTONIO ","img":"https://sgfm.elcorteingles.es/SGFM/dctm/MEDIA02/CONTENIDOS/201412/04/00120965200650____1__600x600.jpg","price":"1,95 €","price_unit":"(4,64 € / Kilo)","categories":["Supermercado","Alimentación General","Aceitunas y variantes","Berenjenas","ANTONIO berenjenas de Almagro con aliño suave lata 420 g neto escurrido"],"general_information":["Denominación del alimento: Berenjenas De Almagro en conserva.","Nombre del operador: Conservas Manchegas Antonio, S.L.","Dirección del operador: Ctra. De Torralba, Km 180 - 13260 Balaños de Cua (Ciudad Real) - España.","Lugar de procedencia del alimento: Indicación geográfica protegida Berenjena de Almagro.","Cantidad Neta: 800 g","Peso neto escurrido: 420 g"],"ingredients":[" Berenjena variedad \"Dealmagro\", agua, vinagre, sal, ajo, comino, pimentón, aceite de orujo de oliva, acidulante E-330, conservantes: E-202, E-211 y colorante: E-101. CONTIENE SULFITOS"],"conservation":" Una vez abierto, consérvese refrigerado y consúmase antes de 15 días.","ean":"8411471101639"},{"full_name":"ANTONIO berenjena troceada de Almagro envase 350 g neto escurrido","name":"berenjena troceada de Almagro envase 350 g neto escurrido","brand":"ANTONIO ","img":"https://sgfm.elcorteingles.es/SGFM/dctm/MEDIA03/201602/08/00120965200775____1__600x600.jpg","price":"2,35 €","price_unit":"(6,71 € / Kilo)","categories":["Supermercado","Alimentación General","Aceitunas y variantes","Berenjenas","ANTONIO berenjena troceada de Almagro envase 350 g neto escurrido"],"general_information":["Denominación del alimento: Berenjenas en conserva","Nombre del operador: Conservas Manchegas Antonio, S.L.","Dirección del operador: Ctra. De Torralba, Km 180 - 13260 Balaños de Cua (Ciudad Real) - España.","Lugar de procedencia del alimento: Indicación geográfica protegida Berenjena de Almagro.","Cantidad Neta: 550 g","Peso neto escurrido: 300 g"],"ingredients":[" Berenjenas troceadas variedad \"Dealmagro\", agua, vinagre, especias, sal, aceite de oliva, acidulante: Acido Cítrico y antioxidante: Acido Ascórbico."],"conservation":" Una vez abierto, consérvese refrigerado y consúmase antes de 15 días.","ean":"8411471102384"},{"full_name":"ANTONIO berenjena de Almagro Selección Artesana tarro 350 g neto escurrido","name":"berenjena de Almagro Selección Artesana tarro 350 g neto escurrido","brand":"ANTONIO ","img":"https://sgfm.elcorteingles.es/SGFM/dctm/MEDIA03/201602/08/00120965200783____1__600x600.jpg","price":"2,47 €","price_unit":"(7,06 € / Kilo)","categories":["Supermercado","Alimentación General","Aceitunas y variantes","Berenjenas","ANTONIO berenjena de Almagro Selección Artesana tarro 350 g neto escurrido"],"general_information":["Denominación del alimento: Berenjenas","Nombre del operador: Conservas Manchegas Antonio, S.L.","Dirección del operador: Ctra. De Torralba, Km 180 - 13260 Balaños de Cua (Ciudad Real) - España.","Lugar de procedencia del alimento: Indicación geográfica protegida Berenjena de Almagro.","Cantidad Neta: 550 g","Peso neto escurrido: 300 g"],"ingredients":[" Berenjena variedad \"De almagro\", agua, vinagre de Jerez, aceite de oliva virgen extra, sal, ajos de \"Las Pedroñeras\", pimentón ahumado de \"La Vera\", hinojo silvestre, comino, pimiento, acidulante E-330- y antioxidante E-223"],"conservation":" Una vez abierto, consérvese refrigerado y consúmase antes de 15 días.","ean":"8411471102339"},{"full_name":"ANTONIO berenjenas rellenas de pimiento lata 170 g neto escurrido","name":"berenjenas rellenas de pimiento lata 170 g neto escurrido","brand":"ANTONIO ","img":"https://sgfm.elcorteingles.es/SGFM/dctm/MEDIA02/CONTENIDOS/201412/04/00120965200668____1__600x600.jpg","price":"1,69 €","price_unit":"(9,94 € / Kilo)","categories":["Supermercado","Alimentación General","Aceitunas y variantes","Berenjenas","ANTONIO berenjenas rellenas de pimiento lata 170 g neto escurrido"],"general_information":["Denominación del alimento: Berenjenas De Almagro rellenas de pimiento.","Nombre del operador: Conservas Manchegas Antonio, S.L.","Dirección del operador: Ctra. De Torralba, Km 180 - 13260 Balaños de Cua (Ciudad Real) - España.","Lugar de procedencia del alimento: Indicación geográfica protegida Berenjena de Almagro.","Cantidad Neta: 350 g","Peso neto escurrido: 170 g"],"ingredients":[" Berenjena variedad \"Dealmagro\" (90%), agua, pimiento rojo troceado (5%), hinojo silvestre (5%), vinagre, aceite de oliva, sal, especias, acidulante E-330 y antioxidante E-300."],"conservation":" Una vez abierto, consérvese refrigerado y consúmase antes de 15 días.","ean":"8411471111720"},{"full_name":"ANTONIO corazones de berenjena lata 170 g neto escurrido","name":"corazones de berenjena lata 170 g neto escurrido","brand":"ANTONIO ","img":"https://sgfm.elcorteingles.es/SGFM/dctm/MEDIA02/CONTENIDOS/201412/04/00120965200684____1__600x600.jpg","price":"2,09 €","price_unit":"(12,29 € / Kilo)","categories":["Supermercado","Alimentación General","Aceitunas y variantes","Berenjenas","ANTONIO corazones de berenjena lata 170 g neto escurrido"],"general_information":["Denominación del alimento: Corazones de berenjenas De Almagro.","Nombre del operador: Conservas Manchegas Antonio, S.L.","Dirección del operador: Ctra. De Torralba, Km 180 - 13260 Balaños de Cua (Ciudad Real) - España.","Lugar de procedencia del alimento: Indicación geográfica protegida Berenjena de Almagro.","Cantidad Neta: 350 g","Peso neto escurrido: 170 g"],"ingredients":[" Corazones de berenjena variedad \"Dealmagro\", agua, vinagre, aceite de oliva, sal, especias, acidulante E-330 y antioxidante E-300."],"conservation":" Una vez abierto, consérvese refrigerado y consúmase antes de 15 días.","ean":"8411471101790"},{"full_name":"GUERRA berenjenas en trozos envase 250 g neto escurrido","name":"berenjenas en trozos envase 250 g neto escurrido","brand":"GUERRA ","img":"https://sgfm.elcorteingles.es/SGFM/dctm/MEDIA02/CONTENIDOS/201409/03/00120940300567____1__600x600.jpg","price":"3,68 €","price_unit":"(14,72 € / Kilo)","categories":["Supermercado","Alimentación General","Aceitunas y variantes","Berenjenas","GUERRA berenjenas en trozos envase 250 g neto escurrido"],"general_information":["Denominación del alimento: Berenjenas trozos","Nombre del operador: Aceitunas Guerra, SL","Dirección del operador: C/ Pirotécnia, 33 28052 Madrid - España","Cantidad Neta: 500 g","Peso neto escurrido: 250 g","Otras menciones obligatorias en la etiqueta: Variedad: Berenjena. Categoría: I (primera)."],"ingredients":[" Berenjenas troceadas, agua, sal, vinagre, conservadores: E-202 (sorbato potásico), E-211 (benzoato sódico), cloruro sódico, acidulante E-330 (acido cítrico), antioxidante E-300 (acido ascórbico), aromas naturales de ajo, comino y pimentón (colorante E-160c). Puede contener trazas de sulfitos."],"conservation":" Conservar en frío de 2° a 10°C y una vez abierto consumir preferentemente antes de 15 días.","ean":"8412749007745"},{"full_name":"CALZADO berenjenas de almagro embuchadas con pimiento I.G.P. frasco 420 g neto escurrido","name":"berenjenas de almagro embuchadas con pimiento I.G.P. frasco 420 g neto escurrido","brand":"CALZADO ","img":"https://sgfm.elcorteingles.es/SGFM//00/61/6/0200465200616/0200465200616000g01011.jpg","price":"3,85 €","price_unit":"(9,17 € / Kilo)","categories":["Supermercado","Alimentación General","Aceitunas y variantes","Berenjenas","CALZADO berenjenas de almagro embuchadas con pimiento I.G.P. frasco 420 g neto escurrido"],"general_information":["Denominación del alimento: Berenjena de Almagro","Nombre del operador: Conservas Calzado,S.L.","Dirección del operador: Carretera Torralba,6,13260, Bolaños de Calatrava, Ciudad Real","Lugar de procedencia del alimento: Bolaños de Calatrava","Cantidad Neta: 780 g","Peso neto escurrido: 420 g"],"ingredients":[" Berenjenas, agua, pimiento rojo, hinojo, vinagre de vino, aceite de girasol, sal, cominos y especias. Acidulante: ácido cítrico."],"conservation":" Guardar en lugar fresco, seco y ventilado. Una vez abierto conservas cubiertas por su caldo y en el frigorífico un máximo de 5 días.","ean":"8411391076086"},{"full_name":"SERPIS tapeo mexicano surtido de encurtidos lata 150 g neto escurrido","name":"tapeo mexicano surtido de encurtidos lata 150 g neto escurrido","brand":"SERPIS ","img":"https://sgfm.elcorteingles.es/SGFM//00/14/2/0120965000142/0120965000142000g01011.jpg","price":"1,56 €","price_unit":"(10,40 € / Kilo)","categories":["Supermercado","Alimentación General","Aceitunas y variantes","Aperitivos diversos","SERPIS tapeo mexicano surtido de encurtidos lata 150 g neto escurrido"],"general_information":["Denominación del alimento: Variantes ácidos de aceituna  verde rellena de pimiento.","Nombre del operador: CANDIDO MIRO, S.A.","Dirección del operador: Ctra. Banyeres, Km 2 03802 Alcoy- ESPAÑA","Cantidad Neta: 350 g","Peso neto escurrido: 150 g"],"ingredients":[" Aceituna  verde rellena de pimiento, relleno( pimiento, agua, estabilizante: alginato sódico) pepinillo, cebollita, zanahoria, guindilla, sal, acidulante, (ácido cítrico), potenciadores de sabor (glutamato monosódico, inosinato disódico, guanilato disódico) aromas naturales. PUEDE CONTENER TRAZAS DE SULFITOS"],"conservation":" Una vez abierto el envase consérvese en frigorifico","ean":"8410344023504"},{"full_name":"SERPIS tapeo mediterráneo surtido de encurtidos lata 150 g neto escurrido","name":"tapeo mediterráneo surtido de encurtidos lata 150 g neto escurrido","brand":"SERPIS ","img":"https://sgfm.elcorteingles.es/SGFM//00/13/4/0120965000134/0120965000134000g01011.jpg","price":"1,62 €","price_unit":"(10,80 € / Kilo)","categories":["Supermercado","Alimentación General","Aceitunas y variantes","Aperitivos diversos","SERPIS tapeo mediterráneo surtido de encurtidos lata 150 g neto escurrido"],"general_information":["Denominación del alimento: Variantes ácidos de pepinillo, cebollita, zanahoria, pimieno rojo  amarillo, alcaparrón, guindilla, sal, acidulante (ácido cítrico), potenciadores de sabor (glutamato monosódico, inosinato disódico, guanilato disódico).","Nombre del operador: CANDIDO MIRO, S.A.","Dirección del operador: Ctra. Banyeres, Km 2 03802 Alcoy- ESPAÑA","Cantidad Neta: 350 g","Peso neto escurrido: 150 g"],"ingredients":[" Pepinillo, cebollita, zanahoria, pimieno rojo  amarillo, alcaparrón, guindilla, sal, acidulante (ácido cítrico), potenciadores de sabor (glutamato monosódico, inosinato disódico, guanilato disódico). PUEDE CONTENER TRAZAS DE SULFITOS"],"conservation":" Una vez abierto el envase consérvese en frigorifico","ean":"8410344033503"},{"full_name":"SERPIS tapeo latino surtido de encurtidos lata 150 g neto escurrido","name":"tapeo latino surtido de encurtidos lata 150 g neto escurrido","brand":"SERPIS ","img":"https://sgfm.elcorteingles.es/SGFM//00/12/6/0120965000126/0120965000126000g01011.jpg","price":"1,56 €","price_unit":"(10,40 € / Kilo)","categories":["Supermercado","Alimentación General","Aceitunas y variantes","Aperitivos diversos","SERPIS tapeo latino surtido de encurtidos lata 150 g neto escurrido"],"general_information":["Denominación del alimento: Variantes de ácidos de aceituna manzanilla verde con hueso, aceituna cacereña negra con hueso, pepinillo, pimiento rojo, cebollita.","Nombre del operador: CANDIDO MIRO, S.A.","Dirección del operador: Ctra. Banyeres, Km 2 03802 Alcoy- ESPAÑA","Cantidad Neta: 350 g","Peso neto escurrido: 150 g"],"ingredients":[" Aceituna manzanilla verde con hueso, aceituna cacereña negra con hueso, pepinillo, pimiento rojo, cebollita, sal, acidulante (ácido cítrico), potenciadores de sabor( glutamato monosódico, inosinato disódico, guanilato disódico), aromas naturales. PUEDE CONTENER TRAZAS DE SULFITOS PASTEURIZADO"],"conservation":" Una vez abierto el envase consérvese en frigorifico","ean":"8410344013505"},{"full_name":"RIOVERDE cóctel de encurtidos sabor suave frasco 300 g neto escurrido","name":"cóctel de encurtidos sabor suave frasco 300 g neto escurrido","brand":"RIOVERDE ","img":"https://sgfm.elcorteingles.es/SGFM/dctm/MEDIA02/CONTENIDOS/201510/23/00120965000258____1__600x600.jpg","price":"2,23 €","price_unit":"(7,43 € / Kilo)","categories":["Supermercado","Alimentación General","Aceitunas y variantes","Aperitivos diversos","RIOVERDE cóctel de encurtidos sabor suave frasco 300 g neto escurrido"],"general_information":["Denominación del alimento: Cocktail","Nombre del operador: Rioverde S.A","Dirección del operador: Carretera del Cortijo Km 3 -26006 Logroño - La Rioja","Cantidad Neta: 550 g","Peso neto escurrido: 300 g"],"ingredients":[" Pepinillo, aceituna manzanilla verde, cebollita, aceituna negra, agua, sal, potenciadores de sabor: E-621, E631, E-627, corrector de acidez: E-330, conservadores: E-211, E-202, antioxidante: E-300. Contiene Sulfitos"],"conservation":" Una vez abierto conservar en el frigorífico.","ean":"8410954001619"},{"full_name":"RIOVERDE picadillo de variantes frasco 180 g neto escurrido","name":"picadillo de variantes frasco 180 g neto escurrido","brand":"RIOVERDE ","img":"https://sgfm.elcorteingles.es/SGFM//00/24/7/0120965200247/0120965200247000g01011.jpg","price":"1,35 €","price_unit":"(7,50 € / Kilo)","categories":["Supermercado","Alimentación General","Aceitunas y variantes","Aperitivos diversos","RIOVERDE picadillo de variantes frasco 180 g neto escurrido"],"general_information":["Denominación del alimento: Picadillo de variantes","Nombre del operador: Rioverde S.A","Dirección del operador: Carretera del Cortijo Km 3 -26006 Logroño - La Rioja","Cantidad Neta: 345,0 g","Peso neto escurrido: 200,0 g"],"ingredients":[" Vegetales en proporción variable (pepinillo, zanahoria, coliflor), vinagre, sal. Contiene Sulfitos"],"conservation":" Una vez abierto conservar en el frigorífico.","ean":"8410954000308"},{"full_name":"AMANIDA Ajoliva con aceite de oliva frasco 370 g neto escurrido","name":"Ajoliva con aceite de oliva frasco 370 g neto escurrido","brand":"AMANIDA ","img":"https://sgfm.elcorteingles.es/SGFM/dctm/MEDIA02/CONTENIDOS/201411/19/00120965200197____1__600x600.jpg","price":"4,38 €","price_unit":"(11,84 € / Kilo)","categories":["Supermercado","Alimentación General","Aceitunas y variantes","Aperitivos diversos","AMANIDA Ajoliva con aceite de oliva frasco 370 g neto escurrido"],"general_information":[],"ingredients":[],"ean":"8410503153042"},{"full_name":"SALADITO altramuces bandeja 250 g neto escurrido","name":"altramuces bandeja 250 g neto escurrido","brand":"SALADITO ","img":"https://sgfm.elcorteingles.es/SGFM//00/25/4/0120965200254/0120965200254000g01011.jpg","price":"1,07 €","price_unit":"(4,28 € / Kilo)","categories":["Supermercado","Alimentación General","Aceitunas y variantes","Aperitivos diversos","SALADITO altramuces bandeja 250 g neto escurrido"],"general_information":["Denominación del alimento: Altramuces","País de origen: España","Nombre del operador: Hermabar, S.L","Dirección del operador: Autovia A-92 Km 46.200 - CP. 41610 Paradas (Sevilla) España","Lugar de procedencia del alimento: Sevilla","Cantidad Neta: 350 g","Peso neto escurrido: 250 g"],"ingredients":[" Altramuces, Agua, Sal, Acidulante E-330, Conservador E-211"],"ean":"8413295300205"},{"full_name":"GUERRA altramuces envase 250 g neto escurrido","name":"altramuces envase 250 g neto escurrido","brand":"GUERRA ","img":"https://sgfm.elcorteingles.es/SGFM/dctm/MEDIA02/CONTENIDOS/201409/03/00120940300518____1__600x600.jpg","price":"2,71 €","price_unit":"(10,84 € / Kilo)","categories":["Supermercado","Alimentación General","Aceitunas y variantes","Aperitivos diversos","GUERRA altramuces envase 250 g neto escurrido"],"general_information":["Denominación del alimento: Altramuces","Nombre del operador: Aceitunas Guerra, SL","Dirección del operador: C/ Pirotécnia, 33 28052 Madrid - España","Cantidad Neta: 500 g","Peso neto escurrido: 250 g","Otras menciones obligatorias en la etiqueta: Calibre: 13-15 frutos/kg, Categoría: I (primera)."],"ingredients":[" Altramuces, agua, sal, conservadores: E-202 (sorbato potásico), E-211 (benzoato sódico), cloruro sódico, acidulante E-330 (acido cítrico) y antioxidante E-300 (acido ascórbico)."],"conservation":" Conservar en frío de 2° a 10°C y una vez abierto consumir preferentemente antes de 15 días.","ean":"8412749007707"},{"full_name":"GUERRA cóctel de aceitunas manzanilla con cebollitas y pepinillos envase 250 g neto escurrido","name":"cóctel de aceitunas manzanilla con cebollitas y pepinillos envase 250 g neto escurrido","brand":"GUERRA ","img":"https://sgfm.elcorteingles.es/SGFM/dctm/MEDIA02/CONTENIDOS/201409/03/00120940300492____1__600x600.jpg","price":"2,71 €","price_unit":"(10,84 € / Kilo)","categories":["Supermercado","Alimentación General","Aceitunas y variantes","Aperitivos diversos","GUERRA cóctel de aceitunas manzanilla con cebollitas y pepinillos envase 250 g neto escurrido"],"general_information":["Denominación del alimento: Surtido de aceitunas","Nombre del operador: Aceitunas Guerra, SL","Dirección del operador: C/ Pirotécnia, 33 28052 Madrid - España","Cantidad Neta: 500 g","Peso neto escurrido: 250 g","Otras menciones obligatorias en la etiqueta: Variedad: Manzanilla natural, Calibre: aceitunas: 180-220 frutos/kg, pipinillos: +300 frutos/Kg, cebollita: 18-20 frutos/kg, Categoría: I (primera)."],"ingredients":[" Aceituna con hueso manzanilla 56%, pepinillos 22%, cebollitas 20%, agua, sal, conservadores E-202 (sorbato potásico), E-211 (benzoato sódico), cloruro sódico, acidulante E-330 (acido cítrico), antioxidante E-300 (acido ascórbico), potenciadores del sabor: Glutamato monosódico E-621, Inosinato 5´ disódico (IMP) E-631 y guanilato 5´disodico (GMP) E-627. Puede contener trazas de sulfito."],"conservation":" Conservar en frío de 2° a 10°C y una vez abierto consumir preferentemente antes de 15 días.","ean":"8412749007646"},{"full_name":"ARTES DE JOLCA cóctel imperial de aperitivos frasco 360 g neto escurrido","name":"cóctel imperial de aperitivos frasco 360 g neto escurrido","brand":"ARTES DE JOLCA ","img":"https://sgfm.elcorteingles.es/SGFM//00/07/6/0120965000076/0120965000076000g01011.jpg","price":"3,26 €","price_unit":"(9,06 € / Kilo)","categories":["Supermercado","Alimentación General","Aceitunas y variantes","Aperitivos diversos","ARTES DE JOLCA cóctel imperial de aperitivos frasco 360 g neto escurrido"],"general_information":["Denominación del alimento: Aceitunas","País de origen: España","Nombre del operador: Jolca S.A.","Dirección del operador: Ctra. Huelva-Sevilla km 22,5 - 41830 Huevar del Aljarafe (Sevilla)","Cantidad Neta: 675 g","Peso neto escurrido: 360 g"],"ingredients":[" Agua, aceitunas verdes deshuesadas (Gordal), pepinillos, cebollitas, sal, potenciadores de sabor (glutamato monosódico, inosinato disódico, guanilato disódico), acidulantes (ácido cítrico), conservante (sorbato potásico). Puede contener sulfitos."],"conservation":" Conservar en lugar seco y fresco","ean":"8410667020839"},{"full_name":"EL FARO Gourmet altramuces frasco 250 g neto escurrido","name":"Gourmet altramuces frasco 250 g neto escurrido","brand":"EL FARO ","img":"https://sgfm.elcorteingles.es/SGFM/dctm/MEDIA03/201705/23/00120965200791____1__600x600.jpg","price":"1,74 €","categories":["Supermercado","Alimentación General","Aceitunas y variantes","Aperitivos diversos","EL FARO Gourmet altramuces frasco 250 g neto escurrido"],"general_information":[],"ingredients":[],"ean":"8410813219414"},{"full_name":"EL FARO picadillo de variantes en vinagre frasco 200 g neto escurrido","name":"picadillo de variantes en vinagre frasco 200 g neto escurrido","brand":"EL FARO ","img":"https://sgfm.elcorteingles.es/SGFM/dctm/MEDIA03/201705/23/00120965200619____1__600x600.jpg","price":"1,48 €","price_unit":"(7,40 € / Kilo)","categories":["Supermercado","Alimentación General","Aceitunas y variantes","Aperitivos diversos","EL FARO picadillo de variantes en vinagre frasco 200 g neto escurrido"],"general_information":[],"ingredients":[],"ean":"8410813201259"},{"full_name":"ACEITUNERA JIENNENSE coctel extra envase 700 g neto escurrido","name":"coctel extra envase 700 g neto escurrido","brand":"ACEITUNERA JIENNENSE ","img":"https://sgfm.elcorteingles.es/SGFM/00/01/9/0120965000019/0120965000019000g01011.jpg","price":"3,40 €","price_unit":"(4,86 € / Kilo)","categories":["Supermercado","Alimentación General","Aceitunas y variantes","Aperitivos diversos","ACEITUNERA JIENNENSE coctel extra envase 700 g neto escurrido"],"general_information":["Denominación del alimento: Cóctel Extra","Nombre del operador: Aceitunera Jiennense S.A.","Dirección del operador: Pol.Ind. Los Olivares, C/Cazalilla 39. 23009 Jaén","Cantidad Neta: 1.2 Kilogramos","Peso neto escurrido: 700 g","Otras menciones obligatorias en la etiqueta: Aceituna verde tipo sevillana, categoría: Estándar."],"ingredients":[" Aceituna, pepino, pimiento, ajo, maíz, cebollita, zanahoria, vinagre, potenciadores de sabor (E-621, E-627, E-631), acidulante E-330, conservantes (E-211, E-202, E-223), antioxidante E-300 y sal."],"conservation":" Mantener en sitio fresco protegido de la luz. Una vez abierto conservar en frigorífico máximo 15 días.","ean":"8437012732544"},{"full_name":"LA SOTA cóctel de encurtidos con aceite de oliva lata 150 g neto escurrido","name":"cóctel de encurtidos con aceite de oliva lata 150 g neto escurrido","brand":"LA SOTA ","img":"https://sgfm.elcorteingles.es/SGFM/dctm/MEDIA02/CONTENIDOS/201411/19/00200465000156____1__600x600.jpg","price":"1,54 €","price_unit":"(10,27 € / Kilo)","categories":["Supermercado","Alimentación General","Aceitunas y variantes","Aperitivos diversos","LA SOTA cóctel de encurtidos con aceite de oliva lata 150 g neto escurrido"],"general_information":["Denominación del alimento: Aceitunas negras y verdes , pepinillos y cebollitas.","País de origen: España","Nombre del operador: La Sota Foods S.L.","Dirección del operador: C/ Cal Ros Dels Ocells, 16. Granollers (Barcelona) España","Cantidad Neta: 350 g","Peso neto escurrido: 185 g","Otras menciones obligatorias en la etiqueta: Categoria extra.Pasteurizado."],"ingredients":[" Aceitunas verdes, aceitunas negras, pepinillos, cebollitas, aceite de oliva, sal, potenciador de sabor: E-621, acidulante: E-330, antioxidante: E-300"],"conservation":" Una vez abierto, conservar en frigorífico","ean":"8413645303337"},{"full_name":"SALADITO altramuces frasco 380 g neto escurrido","name":"altramuces frasco 380 g neto escurrido","brand":"SALADITO ","img":"https://sgfm.elcorteingles.es/SGFM//00/52/5/0200465200525/0200465200525000g01011.jpg","price":"1,70 €","price_unit":"(4,47 € / Kilo)","categories":["Supermercado","Alimentación General","Aceitunas y variantes","Aperitivos diversos","SALADITO altramuces frasco 380 g neto escurrido"],"general_information":["Denominación del alimento: Altramuces en salmuera.","Nombre del operador: Hermabar, S.L.","Dirección del operador: Autovia A-92, Km 46, 41610 Paradas, Sevilla.","Cantidad Neta: 600 g","Peso neto escurrido: 350 g","Otras menciones obligatorias en la etiqueta: Sin gluten. Sin lactosa. Sin huevo."],"ingredients":[" Altramuz, agua, sal, aceidulantes E-330 y conservador E211. Calidad super extra, calibre 13-15 mm."],"ean":"8413295800514"},{"full_name":"ENCURTIDOS MURCIANOS picadillo de encurtidos en conserva frasco 205 g neto escurrido","name":"picadillo de encurtidos en conserva frasco 205 g neto escurrido","brand":"ENCURTIDOS MURCIANOS ","img":"https://sgfm.elcorteingles.es/SGFM//00/69/9/0200465200699/0200465200699000g01011.jpg","price":"1,45 €","price_unit":"(7,07 € / Kilo)","categories":["Supermercado","Alimentación General","Aceitunas y variantes","Aperitivos diversos","ENCURTIDOS MURCIANOS picadillo de encurtidos en conserva frasco 205 g neto escurrido"],"general_information":["Denominación del alimento: Picadillo de variantes","Nombre del operador: Encurtidos Murcianos, S.L.","Dirección del operador: C/Vereda, 185, 30178 Fuente Librilla, Murcia.","Cantidad Neta: 325 g","Peso neto escurrido: 205 g"],"ingredients":[" Zanahoria, pepino, coliflor, agua, sal y vinagre. Categoría"],"conservation":" Una vez abierto conservar en el frigorífico","ean":"8437002160593"}]