[{"full_name":"EL CORTE INGLES aceite de oliva suave 0,4º bidón 5 l","name":"aceite de oliva suave 0,4º bidón 5 l","brand":"EL CORTE INGLES ","img":"https://sgfm.elcorteingles.es/SGFM/dctm/MEDIA02/CONTENIDOS/201510/05/00120902700291____2__600x600.jpg","price":"20,95 €","price_unit":"(4,19 € / Litro)","categories":["Supermercado","Alimentación General","Aceites","Aceite de oliva","EL CORTE INGLES aceite de oliva suave 0,4º bidón 5 l"],"general_information":["Denominación del alimento: ACEITE DE OLIVA.\nContiene exclusivamente aceites de oliva refinados y aceites de oliva vírgenes","Cantidad Neta: 1 Litros","Número de raciones por envase: 333"],"ingredients":[" Ingredientes: Aceite de oliva refinado y aceite de oliva virgen extra."],"conservation":" Conservar en lugar fresco, seco y al abrigo del \ncalor y de la luz","ean":"8433329065658"},{"full_name":"EL CORTE INGLES aceite de oliva suave 0,4º botella 1 l","name":"aceite de oliva suave 0,4º botella 1 l","brand":"EL CORTE INGLES ","img":"https://sgfm.elcorteingles.es/SGFM/dctm/MEDIA02/CONTENIDOS/201510/05/00120902600244____2__600x600.jpg","price":"4,29 €","price_unit":"(4,29 € / Litro)","categories":["Supermercado","Alimentación General","Aceites","Aceite de oliva","EL CORTE INGLES aceite de oliva suave 0,4º botella 1 l"],"general_information":["Denominación del alimento: ACEITE DE OLIVA.\nContiene exclusivamente aceites de oliva refinados y aceites de oliva vírgenes","Cantidad Neta: 1 Litros","Número de raciones por envase: 66"],"ingredients":[" Ingredientes: Aceite de oliva refinado y aceite de oliva virgen extra."],"conservation":" Conservar en lugar fresco, seco y al abrigo del \ncalor y de la luz","ean":"8433329065641"},{"full_name":"EL CORTE INGLES aceite de oliva intenso 1º bidón 5 l","name":"aceite de oliva intenso 1º bidón 5 l","brand":"EL CORTE INGLES ","img":"https://sgfm.elcorteingles.es/SGFM/dctm/MEDIA02/CONTENIDOS/201510/05/00120903100145____2__600x600.jpg","price":"20,95 €","price_unit":"(4,19 € / Litro)","categories":["Supermercado","Alimentación General","Aceites","Aceite de oliva","EL CORTE INGLES aceite de oliva intenso 1º bidón 5 l"],"general_information":["Denominación del alimento: ACEITE DE OLIVA.\nContiene exclusivamente aceites de oliva refinados y aceites de oliva vírgenes","Cantidad Neta: 5 Litros","Número de raciones por envase: 333"],"ingredients":[" Ingredientes: Aceite de oliva virgen extra y aceite de oliva refinado."],"conservation":" Conservar en lugar fresco, seco y al abrigo del \ncalor y de la luz","ean":"8433329065672"},{"full_name":"EL CORTE INGLES aceite de oliva intenso 1º botella 1 l","name":"aceite de oliva intenso 1º botella 1 l","brand":"EL CORTE INGLES ","img":"https://sgfm.elcorteingles.es/SGFM/dctm/MEDIA02/CONTENIDOS/201510/05/00120903000204____2__600x600.jpg","price":"4,29 €","price_unit":"(4,29 € / Litro)","categories":["Supermercado","Alimentación General","Aceites","Aceite de oliva","EL CORTE INGLES aceite de oliva intenso 1º botella 1 l"],"general_information":["Denominación del alimento: ACEITE DE OLIVA.\nContiene exclusivamente aceites de oliva refinados y aceites de oliva vírgenes","Cantidad Neta: 1 Litros","Número de raciones por envase: 66"],"ingredients":[" Ingredientes: Aceite de oliva virgen extra y aceite de oliva refinado."],"conservation":" Conservar en lugar fresco, seco y al abrigo del \ncalor y de la luz","ean":"8433329065665"},{"full_name":"ALIADA aceite de oliva suave 0,4º bidón 5 l","name":"aceite de oliva suave 0,4º bidón 5 l","brand":"ALIADA ","img":"https://sgfm.elcorteingles.es/SGFM/dctm/MEDIA03/201609/22/00120902700283____3__600x600.jpg","price":"20,20 €","price_unit":"(4,04 € / Litro)","categories":["Supermercado","Alimentación General","Aceites","Aceite de oliva","ALIADA aceite de oliva suave 0,4º bidón 5 l"],"general_information":["Denominación del alimento: ACEITE DE OLIVA.\nContiene exclusivamente aceites de oliva refinados y aceites de oliva vírgenes","Cantidad Neta: 5 Litros","Número de raciones por envase: 333"],"ingredients":[" Ingredientes: Aceite de oliva refinado y aceite de oliva virgen."],"conservation":" Conservar en lugar fresco, seco y al abrigo del calor y de la luz.","ean":"8433329065610"},{"full_name":"ALIADA aceite de oliva suave 0,4º botella 1 l","name":"aceite de oliva suave 0,4º botella 1 l","brand":"ALIADA ","img":"https://sgfm.elcorteingles.es/SGFM/dctm/MEDIA03/201609/22/00120902600236____3__600x600.jpg","price":"4,09 €","price_unit":"(4,09 € / Litro)","categories":["Supermercado","Alimentación General","Aceites","Aceite de oliva","ALIADA aceite de oliva suave 0,4º botella 1 l"],"general_information":["Denominación del alimento: ACEITE DE OLIVA.\nContiene exclusivamente aceites de oliva refinados y aceites de oliva vírgenes","Cantidad Neta: 1 Litros","Número de raciones por envase: 66"],"ingredients":[" Ingredientes: Aceite de oliva refinado y aceite de oliva virgen."],"conservation":" Conservar en lugar fresco, seco y al abrigo del calor y de la luz.","ean":"8433329065603"},{"full_name":"ALIADA aceite de oliva intenso 1º bidón 5 l","name":"aceite de oliva intenso 1º bidón 5 l","brand":"ALIADA ","img":"https://sgfm.elcorteingles.es/SGFM/dctm/MEDIA03/201609/22/00120903100137____3__600x600.jpg","price":"20,20 €","price_unit":"(4,04 € / Litro)","categories":["Supermercado","Alimentación General","Aceites","Aceite de oliva","ALIADA aceite de oliva intenso 1º bidón 5 l"],"general_information":["Denominación del alimento: ACEITE DE OLIVA.\nContiene exclusivamente aceites de oliva refinados y aceites de oliva vírgenes","Cantidad Neta: 5 Litros","Número de raciones por envase: 333"],"ingredients":[" Ingredientes: Aceite de oliva virgen y aceite de oliva refinado."],"conservation":" Conservar en lugar fresco, seco y al abrigo del calor y de la luz.","ean":"8433329065634"},{"full_name":"ALIADA aceite de oliva intenso 1º botella 1 l","name":"aceite de oliva intenso 1º botella 1 l","brand":"ALIADA ","img":"https://sgfm.elcorteingles.es/SGFM/dctm/MEDIA03/201609/22/00120903000196____3__600x600.jpg","price":"4,09 €","price_unit":"(4,09 € / Litro)","categories":["Supermercado","Alimentación General","Aceites","Aceite de oliva","ALIADA aceite de oliva intenso 1º botella 1 l"],"general_information":["Denominación del alimento: ACEITE DE OLIVA.\nContiene exclusivamente aceites de oliva refinados y aceites de oliva vírgenes","Cantidad Neta: 1 Litros","Número de raciones por envase: 66"],"ingredients":[" Ingredientes: Aceite de oliva virgen y aceite de oliva refinado."],"conservation":" Conservar en lugar fresco, seco y al abrigo del calor y de la luz.","ean":"8433329065627"},{"full_name":"CARBONELL aceite de oliva suave 0,4º pack 6 botellas 1 l","name":"aceite de oliva suave 0,4º pack 6 botellas 1 l","brand":"CARBONELL ","img":"https://sgfm.elcorteingles.es/SGFM/dctm/MEDIA03/201609/08/00200402700322____1__600x600.jpg","price":"31,65 €","price_unit":"(5,28 € / Litro)","categories":["Supermercado","Alimentación General","Aceites","Aceite de oliva","CARBONELL aceite de oliva suave 0,4º pack 6 botellas 1 l"],"general_information":[],"ingredients":[],"ean":"8433329999991"},{"full_name":"CARBONELL aceite de oliva suave 0,4º pack 2 botellas 1 l","name":"aceite de oliva suave 0,4º pack 2 botellas 1 l","brand":"CARBONELL ","img":"https://sgfm.elcorteingles.es/SGFM/dctm/MEDIA03/201702/27/00120902700325____8__600x600.jpg","price":"10,55 €","price_unit":"(5,28 € / Litro)","categories":["Supermercado","Alimentación General","Aceites","Aceite de oliva","CARBONELL aceite de oliva suave 0,4º pack 2 botellas 1 l"],"general_information":["Denominación del alimento: Aceite De Oliva-Contiene Aceites De Oliva Refinados Y Aceites De Olliva Virgenes","País de origen: España","Nombre del operador: Deoleo S.A.","Dirección del operador: Ctra. N.IV. Km.388-14610 Alcolea (Córdoba)","Cantidad Neta: 2000 Mililitros"],"ingredients":[" Aceite de Oliva Refinado, Aceite de Oliva Virgen."],"conservation":" Mantener en lugar fresco y seco.","ean":"8410010264262"},{"full_name":"CARBONELL aceite de oliva intenso 1º pack 2 botellas 1 l","name":"aceite de oliva intenso 1º pack 2 botellas 1 l","brand":"CARBONELL ","img":"https://sgfm.elcorteingles.es/SGFM/dctm/MEDIA03/201702/27/00120903100160____8__600x600.jpg","price":"10,55 €","price_unit":"(5,28 € / Litro)","categories":["Supermercado","Alimentación General","Aceites","Aceite de oliva","CARBONELL aceite de oliva intenso 1º pack 2 botellas 1 l"],"general_information":["Denominación del alimento: Aceite De Oliva-Contiene Aceites De Oliva Refinados Y Aceites De Olliva Virgenes","País de origen: España","Nombre del operador: Deoleo S.A.","Dirección del operador: Ctra. N.IV. Km.388-14610 Alcolea (Córdoba)","Cantidad Neta: 2000 Mililitros"],"ingredients":[" Aceite de Oliva Refinado, Aceite de Oliva Virgen."],"conservation":" Mantener en lugar fresco y seco.","ean":"8410010264361"},{"full_name":"CARBONELL aceite de oliva suave 0,4º lata 5 l","name":"aceite de oliva suave 0,4º lata 5 l","brand":"CARBONELL ","img":"https://sgfm.elcorteingles.es/SGFM/dctm/MEDIA03/201709/25/00120902700036____2__600x600.jpg","price":"28,85 €","price_unit":"(5,77 € / Litro)","categories":["Supermercado","Alimentación General","Aceites","Aceite de oliva","CARBONELL aceite de oliva suave 0,4º lata 5 l"],"general_information":["Denominación del alimento: Aceite De Oliva","País de origen: España","Nombre del operador: Deoleo S.A.","Dirección del operador: Ctra. N.IV. Km.388-14610 Alcolea (Córdoba)","Cantidad Neta: 5000 Mililitros"],"ingredients":[" Aceite de Oliva Refinado, Aceite de Oliva Virgen."],"conservation":" Mantener en lugar fresco y seco.","ean":"8410010000341"},{"full_name":"CARBONELL aceite de oliva suave 0,4º bidón 5 l","name":"aceite de oliva suave 0,4º bidón 5 l","brand":"CARBONELL ","img":"https://sgfm.elcorteingles.es/SGFM/dctm/MEDIA03/201701/24/00120902700044____4__600x600.jpg","price":"26,45 €            ","price_unit":"(4,40 € / Litro)","categories":["Supermercado","Alimentación General","Aceites","Aceite de oliva","CARBONELL aceite de oliva suave 0,4º bidón 5 l"],"general_information":["Denominación del alimento: Aceite De Oliva","País de origen: España","Nombre del operador: Deoleo S.A.","Dirección del operador: Ctra. N.IV. Km.388-14610 Alcolea (Córdoba)","Cantidad Neta: 5000 Mililitros"],"ingredients":[" Aceite de Oliva Refinado, Aceite de Oliva Virgen."],"conservation":" Mantener en lugar fresco y seco.","ean":"8410010009689"},{"full_name":"CARBONELL aceite de oliva suave 0,4º bidón 3 l","name":"aceite de oliva suave 0,4º bidón 3 l","brand":"CARBONELL ","img":"https://sgfm.elcorteingles.es/SGFM/dctm/MEDIA03/201701/24/00120902700119____4__600x600.jpg","price":"16,45 €","price_unit":"(5,48 € / Litro)","categories":["Supermercado","Alimentación General","Aceites","Aceite de oliva","CARBONELL aceite de oliva suave 0,4º bidón 3 l"],"general_information":["Denominación del alimento: Aceite De Oliva","País de origen: España","Nombre del operador: Deoleo S.A.","Dirección del operador: Ctra. N.IV. Km.388-14610 Alcolea (Córdoba)","Cantidad Neta: 3000 Mililitros"],"ingredients":[" Aceite de Oliva Refinado, Aceite de Oliva Virgen."],"conservation":" Mantener en lugar fresco y seco.","ean":"8410010260226"},{"full_name":"CARBONELL aceite de oliva suave 0,4º botella 2 l","name":"aceite de oliva suave 0,4º botella 2 l","brand":"CARBONELL ","img":"https://sgfm.elcorteingles.es/SGFM/dctm/MEDIA03/201709/25/00120902700275____3__600x600.jpg","price":"10,55 €","price_unit":"(5,28 € / Litro)","categories":["Supermercado","Alimentación General","Aceites","Aceite de oliva","CARBONELL aceite de oliva suave 0,4º botella 2 l"],"general_information":["Denominación del alimento: Aceite De Oliva","País de origen: España","Nombre del operador: Deoleo S.A.","Dirección del operador: Ctra. N.IV. Km.388-14610 Alcolea (Córdoba)","Cantidad Neta: 2000 Mililitros"],"ingredients":[" Aceite de Oliva Refinado, Aceite de Oliva Virgen."],"conservation":" Mantener en lugar fresco y seco.","ean":"8410010011231"},{"full_name":"CARBONELL aceite de oliva suave 0,4º botella 1 l","name":"aceite de oliva suave 0,4º botella 1 l","brand":"CARBONELL ","img":"https://sgfm.elcorteingles.es/SGFM/dctm/MEDIA03/201701/24/00120902600079____5__600x600.jpg","price":"5,29 €","price_unit":"(5,29 € / Litro)","categories":["Supermercado","Alimentación General","Aceites","Aceite de oliva","CARBONELL aceite de oliva suave 0,4º botella 1 l"],"general_information":["Denominación del alimento: Aceite De Oliva","País de origen: España","Nombre del operador: Deoleo S.A.","Dirección del operador: Ctra. N.IV. Km.388-14610 Alcolea (Córdoba)","Cantidad Neta: 1000 Mililitros"],"ingredients":[" Aceite de Oliva Refinado, Aceite de Oliva Virgen."],"conservation":" Mantener en lugar fresco y seco.","ean":"8410010000181"},{"full_name":"CARBONELL aceite de oliva intenso 1º botella 1 l","name":"aceite de oliva intenso 1º botella 1 l","brand":"CARBONELL ","img":"https://sgfm.elcorteingles.es/SGFM/dctm/MEDIA03/201701/24/00120903000089____3__600x600.jpg","price":"5,29 €","price_unit":"(5,29 € / Litro)","categories":["Supermercado","Alimentación General","Aceites","Aceite de oliva","CARBONELL aceite de oliva intenso 1º botella 1 l"],"general_information":["Denominación del alimento: Aceite De Oliva-Contiene Aceites De Oliva Refinados Y Aceites De Olliva Virgenes","País de origen: España","Nombre del operador: Deoleo S.A.","Dirección del operador: Ctra. N.IV. Km.388-14610 Alcolea (Córdoba)","Cantidad Neta: 1000 Mililitros"],"ingredients":[" Aceite de Oliva Virgen"],"conservation":" Mantener en lugar fresco y seco.","ean":"8410010260929"},{"full_name":"LA ESPAÑOLA aceite de oliva suave 0,4º bidón 5 l","name":"aceite de oliva suave 0,4º bidón 5 l","brand":"LA ESPAÑOLA ","img":"https://sgfm.elcorteingles.es/SGFM/dctm/MEDIA03/201709/25/00120902700069____1__600x600.jpg","price":"22,35 €            ","price_unit":"(4,39 € / Litro)","categories":["Supermercado","Alimentación General","Aceites","Aceite de oliva","LA ESPAÑOLA aceite de oliva suave 0,4º bidón 5 l"],"general_information":["Denominación del alimento: Aceite de oliva - contiene exclusivamente aceites de oliva refinados y aceites de oliva vírgenes","País de origen: España","Nombre del operador: Aceites del Sur- Coosur S.A.","Dirección del operador: Ctra. La Carolina Km 29. 23220 Vilches (Jaén)","Cantidad Neta: 5 Litros","Otras menciones obligatorias en la etiqueta: Aceite que contiene exclusivamente acietes de oliva que se hayan sometido a un tratamiento de refinado y de aceites obtenidos directamente de aceitunas. Acidez máxima 0,4º, Índice de peróxidos = 15meq O2/kg, Ceras = 350mg/kg, K270 = 0,90, ?K = 0,15"],"ingredients":[" Aceite de oliva refinado y aceites de oliva virgen"],"conservation":" Preservar del calor y del exceso de luz","ean":"8410660101245"},{"full_name":"LA ESPAÑOLA aceite de oliva suave 0,4º bidón 3 l","name":"aceite de oliva suave 0,4º bidón 3 l","brand":"LA ESPAÑOLA ","img":"https://sgfm.elcorteingles.es/SGFM/dctm/MEDIA03/201709/25/00120902700200____1__600x600.jpg","price":"14,99 €","price_unit":"(5 € / Litro)","categories":["Supermercado","Alimentación General","Aceites","Aceite de oliva","LA ESPAÑOLA aceite de oliva suave 0,4º bidón 3 l"],"general_information":["Denominación del alimento: Aceite de oliva - contiene exclusivamente aceites de oliva refinados y aceites de oliva vírgenes","País de origen: España","Nombre del operador: Aceites del Sur- Coosur S.A.","Dirección del operador: Ctra. La Carolina Km 29. 23220 Vilches (Jaén)","Cantidad Neta: 3 Litros","Otras menciones obligatorias en la etiqueta: Aceite que contiene exclusivamente acietes de oliva que se hayan sometido a un tratamiento de refinado y de aceites obtenidos directamente de aceitunas. Acidez máxima 0,4º, Índice de peróxidos = 15meq O2/kg, Ceras = 350mg/kg, K270 = 0,90, ?K = 0,15"],"ingredients":[" Aceite de oliva refinado y aceites de oliva virgen"],"conservation":" Preservar del calor y del exceso de luz","ean":"8410660101085"},{"full_name":"LA ESPAÑOLA aceite de oliva suave 0,4º botella 1 l","name":"aceite de oliva suave 0,4º botella 1 l","brand":"LA ESPAÑOLA ","img":"https://sgfm.elcorteingles.es/SGFM/dctm/MEDIA03/201709/25/00120902600012____1__600x600.jpg","price":"5,29 €            ","price_unit":"(4,39 € / Litro)","categories":["Supermercado","Alimentación General","Aceites","Aceite de oliva","LA ESPAÑOLA aceite de oliva suave 0,4º botella 1 l"],"general_information":["Denominación del alimento: Aceite de oliva - contiene exclusivamente aceites de oliva refinados y aceites de oliva vírgenes","País de origen: España","Nombre del operador: Aceites del Sur- Coosur S.A.","Dirección del operador: Ctra. La Carolina Km 29. 23220 Vilches (Jaén)","Cantidad Neta: 1 Litros","Otras menciones obligatorias en la etiqueta: Aceite que contiene exclusivamente acietes de oliva que se hayan sometido a un tratamiento de refinado y de aceites obtenidos directamente de aceitunas. Acidez máxima 0,4º, Índice de peróxidos = 15meq O2/kg, Ceras = 350mg/kg, K270 = 0,90, ?K = 0,15"],"ingredients":[" Aceite de oliva refinado y aceites de oliva virgen"],"conservation":" Preservar del calor y del exceso de luz","ean":"8410660101016"},{"full_name":"LA ESPAÑOLA aceite de oliva suave 0,4º botella 675 ml con tapón antigoteo","name":"aceite de oliva suave 0,4º botella 675 ml","brand":"LA ESPAÑOLA ","img":"https://sgfm.elcorteingles.es/SGFM/dctm/MEDIA03/201705/09/00120902600251____1__600x600.jpg","price":"4,08 €","price_unit":"(6,04 € / Litro)","categories":["Supermercado","Alimentación General","Aceites","Aceite de oliva","LA ESPAÑOLA aceite de oliva suave 0,4º botella 675 ml con tapón antigoteo"],"general_information":["Denominación del alimento: Aceite de Oliva - contiene exclusivamente aceites de oliva refinados y aceites de oliva vírgenes.","País de origen: España","Nombre del operador: Aceites del Sur- Coosur S.A.","Dirección del operador: Ctra. La Carolina Km 29. 23220 Vilches (Jaén)","Cantidad Neta: 675 Mililitros","Otras menciones obligatorias en la etiqueta: Aceite que contiene exclusivamente aceites de oliva que se hayan sometido a un tratamiento de refinado y aceites obtenidos directamente de aceitunas. Acidez Máxima 0,4º. Indice Peróxidos = 15 meq O2/Kg. Ceras = 350 mg/Kg - k270 =0,90,  ?k =0,15"],"ingredients":[" Aceite De Oliva Refinado y Aceite De Oliva Virgen"],"conservation":" Preservar del calor y del exceso de luz","ean":"8411190052472"},{"full_name":"LA ESPAÑOLA aceite de oliva intenso 1º botella 1 l","name":"aceite de oliva intenso 1º botella 1 l","brand":"LA ESPAÑOLA ","img":"https://sgfm.elcorteingles.es/SGFM/dctm/MEDIA03/201709/25/00120903000014____1__600x600.jpg","price":"5,29 €            ","price_unit":"(4,39 € / Litro)","categories":["Supermercado","Alimentación General","Aceites","Aceite de oliva","LA ESPAÑOLA aceite de oliva intenso 1º botella 1 l"],"general_information":["Denominación del alimento: Aceite de oliva - contiene exclusivamente aceites de oliva refinados y aceites de oliva vírgenes","País de origen: España","Nombre del operador: Aceites del Sur- Coosur S.A.","Dirección del operador: Ctra. La Carolina Km 29. 23220 Vilches (Jaén)","Cantidad Neta: 1 Litros","Otras menciones obligatorias en la etiqueta: Aceite que contiene exclusivamente acietes de oliva que se hayan sometido a un tratamiento de refinado y de aceites obtenidos directamente de aceitunas. Acidez máxima 1º, Índice de peróxidos = 15meq O2/kg, Ceras = 350mg/kg, K270 = 0,90, ?K = 0,15"],"ingredients":[" Aceite de oliva virgen y aceite de oliva refinado"],"conservation":" Preservar del calor y del exceso de luz","ean":"8410660302017"},{"full_name":"BORGES aceite de oliva suave 0,4º bidón 5 l","name":"aceite de oliva suave 0,4º bidón 5 l","brand":"BORGES ","img":"https://sgfm.elcorteingles.es/SGFM/00/23/4/0120902700234/0120902700234000g01011.jpg","price":"26,95 €","price_unit":"(5,39 € / Litro)","categories":["Supermercado","Alimentación General","Aceites","Aceite de oliva","BORGES aceite de oliva suave 0,4º bidón 5 l"],"general_information":["Denominación del alimento: Aceite de oliva Suave.","País de origen: España","Nombre del operador: Borges Branded Foods, SLU.","Dirección del operador: Avda. Josep Trepat, s/n 25300 Tárrega (Lérida).","Lugar de procedencia del alimento: España","Cantidad Neta: 5000 Mililitros"],"ingredients":[" Aceite de oliva refinado y aceite de oliva virgen extra."],"conservation":" Almacenar en un lugar fresco y seco, lejos de la luz solar. Cerrar despues de cada uso.","ean":"8410179010052"},{"full_name":"BORGES aceite de oliva suave 0,4º botella 1 l","name":"aceite de oliva suave 0,4º botella 1 l","brand":"BORGES ","img":"https://sgfm.elcorteingles.es/SGFM/00/17/8/0120902600178/0120902600178000g01011.jpg","price":"5,29 €","price_unit":"(5,29 € / Litro)","categories":["Supermercado","Alimentación General","Aceites","Aceite de oliva","BORGES aceite de oliva suave 0,4º botella 1 l"],"general_information":["Denominación del alimento: Aceite de oliva Suave.","País de origen: España","Nombre del operador: Borges Branded Foods, SLU.","Dirección del operador: Avda. Josep Trepat, s/n 25300 Tárrega (Lérida).","Lugar de procedencia del alimento: España","Cantidad Neta: 1000 Mililitros"],"ingredients":[" Aceite de oliva Refinado , Aceite de oliva Virgen"],"conservation":" Almacenar en un lugar fresco y seco, lejos de la luz solar. Cerrar despues de cada uso.","ean":"8410179010014"},{"full_name":"BORGES aceite de oliva intenso 1º bidón 5 l","name":"aceite de oliva intenso 1º bidón 5 l","brand":"BORGES ","img":"https://sgfm.elcorteingles.es/SGFM/00/11/1/0120903100111/0120903100111000g01011.jpg","price":"26,95 €","price_unit":"(5,39 € / Litro)","categories":["Supermercado","Alimentación General","Aceites","Aceite de oliva","BORGES aceite de oliva intenso 1º bidón 5 l"],"general_information":["Denominación del alimento: Aceite de oliva Intenso.","País de origen: España","Nombre del operador: Borges Branded Foods, SLU.","Dirección del operador: Avda. Josep Trepat, s/n 25300 Tárrega (Lérida).","Lugar de procedencia del alimento: España","Cantidad Neta: 5000 Mililitros"],"ingredients":[" Aceite de oliva refinado y aceite de oliva virgen extra."],"conservation":" Almacenar en un lugar fresco y seco, lejos de la luz solar. Cerrar despues de cada uso.","ean":"8410179020051"},{"full_name":"BORGES aceite de oliva intenso 1º botella 1 l","name":"aceite de oliva intenso 1º botella 1 l","brand":"BORGES ","img":"https://sgfm.elcorteingles.es/SGFM/00/04/8/0120903000048/0120903000048000g01011.jpg","price":"5,35 €","price_unit":"(5,35 € / Litro)","categories":["Supermercado","Alimentación General","Aceites","Aceite de oliva","BORGES aceite de oliva intenso 1º botella 1 l"],"general_information":["Denominación del alimento: Aceite de oliva Intenso.","País de origen: España","Nombre del operador: Borges Branded Foods, SLU.","Dirección del operador: Avda. Josep Trepat, s/n 25300 Tárrega (Lérida).","Lugar de procedencia del alimento: España","Cantidad Neta: 1000 Mililitros"],"ingredients":[" Aceite de oliva refinado y aceite de oliva virgen extra."],"conservation":" Almacenar en un lugar fresco y seco, lejos de la luz solar. Cerrar despues de cada uso.","ean":"8410179020013"},{"full_name":"COOSUR aceite de oliva suave 0,4º botella 1 l","name":"aceite de oliva suave 0,4º botella 1 l","brand":"COOSUR ","img":"https://sgfm.elcorteingles.es/SGFM/dctm/MEDIA03/201610/20/00120902600020____1__600x600.jpg","price":"4,99 €","price_unit":"(4,99 € / Litro)","categories":["Supermercado","Alimentación General","Aceites","Aceite de oliva","COOSUR aceite de oliva suave 0,4º botella 1 l"],"general_information":["Denominación del alimento: Aceite de oliva - contiene exclusivamente aceites de oliva refinados y aceites de oliva vírgenes","País de origen: España","Nombre del operador: Aceites del Sur- Coosur S.A.","Dirección del operador: Ctra. La Carolina Km 29. 23220 Vilches (Jaén)","Cantidad Neta: 1 Litros","Otras menciones obligatorias en la etiqueta: Aceite que contiene exclusivamente acietes de oliva que se hayan sometido a un tratamiento de refinado y de aceites obtenidos directamente de aceitunas. Acidez máxima 0,4º, Índice de peróxidos = 15meq O2/kg, Ceras = 350mg/kg, K270 = 0,90, ?K = 0,15"],"ingredients":[" Aceite de oliva refinado y aceite de oliva virgen"],"conservation":" Preservar del calor y del exceso de luz","ean":"8411190102016"},{"full_name":"COOSUR aceite de oliva intenso 1º botella 1 l","name":"aceite de oliva intenso 1º botella 1 l","brand":"COOSUR ","img":"https://sgfm.elcorteingles.es/SGFM/dctm/MEDIA03/201610/20/00120903000022____1__600x600.jpg","price":"4,99 €","price_unit":"(4,99 € / Litro)","categories":["Supermercado","Alimentación General","Aceites","Aceite de oliva","COOSUR aceite de oliva intenso 1º botella 1 l"],"general_information":["Denominación del alimento: Aceite de oliva - contiene exclusivamente aceites de oliva refinados y aceites de oliva vírgenes","País de origen: España","Nombre del operador: Aceites del Sur- Coosur S.A.","Dirección del operador: Ctra. La Carolina Km 29. 23220 Vilches (Jaén)","Cantidad Neta: 1 Litros","Otras menciones obligatorias en la etiqueta: Aceite que contiene exclusivamente acietes de oliva que se hayan sometido a un tratamiento de refinado y de aceites obtenidos directamente de aceitunas. Acidez máxima 1º, Índice de peróxidos = 15meq O2/kg, Ceras = 350mg/kg, K270 = 0,90, ?K = 0,15"],"ingredients":[" Aceite de oliva virgen y aceite de oliva refinado"],"conservation":" Preservar del calor y del exceso de luz","ean":"8411190104010"},{"full_name":"GUILLEN aceite de oliva sabor suave 0,4º botella 1 l","name":"aceite de oliva sabor suave 0,4º botella 1 l","brand":"GUILLEN ","img":"https://sgfm.elcorteingles.es/SGFM/dctm/MEDIA02/CONTENIDOS/201407/21/00120902600210____1__600x600.jpg","price":"4,99 €","price_unit":"(4,99 € / Litro)","categories":["Supermercado","Alimentación General","Aceites","Aceite de oliva","GUILLEN aceite de oliva sabor suave 0,4º botella 1 l"],"general_information":["Denominación del alimento: Aceite de oliva - contiene exclusivamente aceites de oliva refinados y aceites de oliva vírgenes","País de origen: España","Nombre del operador: Aceites del Sur- Coosur S.A.","Dirección del operador: Ctra. La Carolina Km 29. 23220 Vilches (Jaén)","Cantidad Neta: 1 Litros","Otras menciones obligatorias en la etiqueta: Aceite que contiene exclusivamente acietes de oliva que se hayan sometido a un tratamiento de refinado y de aceites obtenidos directamente de aceitunas. Acidez máxima 0,4º, Índice de peróxidos = 15meq O2/kg, Ceras = 350mg/kg, K270 = 0,90, ?K = 0,15"],"ingredients":[" Aceite de oliva refinado y aceites de oliva virgen"],"conservation":" Preservar del calor y del exceso de luz","ean":"8410660102037"},{"full_name":"KOIPE sabor aceite de oliva intenso 1º botella 1 l","name":"sabor aceite de oliva intenso 1º botella 1 l","brand":"KOIPE ","img":"https://sgfm.elcorteingles.es/SGFM/dctm/MEDIA03/201703/13/00120903000063____3__600x600.jpg","price":"5,25 €","price_unit":"(5,25 € / Litro)","categories":["Supermercado","Alimentación General","Aceites","Aceite de oliva","KOIPE sabor aceite de oliva intenso 1º botella 1 l"],"general_information":["Denominación del alimento: Aceite De Oliva-Contiene Aceites De Oliva Refinados Y Aceites De Olliva Virgenes","País de origen: España","Nombre del operador: Deoleo S.A.","Dirección del operador: Ctra. N.IV. Km.388-14610 Alcolea (Córdoba)","Cantidad Neta: 1000 Mililitros"],"ingredients":[" Aceite de Oliva refinado y Aceite de Oliva Virgen."],"conservation":" Mantener en lugar fresco y seco.","ean":"8410270007050"},{"full_name":"BALLE aceite de oliva suave 0,4º bidón 5 l","name":"aceite de oliva suave 0,4º bidón 5 l","brand":"BALLE ","img":"https://sgfm.elcorteingles.es/SGFM/00/02/8/0120902700028/0120902700028000g01011.jpg","price":"22,95 €","price_unit":"(4,59 € / Litro)","categories":["Supermercado","Alimentación General","Aceites","Aceite de oliva","BALLE aceite de oliva suave 0,4º bidón 5 l"],"general_information":["Denominación del alimento: Aceite de Oliva Suave","Nombre del operador: Conservas Rosello, S.L.","Dirección del operador: Ctra. De Inca - Aatá, Km. 9 - 07430 Llubi (Mallorca)","Cantidad Neta: 5 Litros"],"ingredients":[" Aceite de oliva virgen y aceite de oliva refinado"],"conservation":" Preservar de la luz y el calor.","ean":"8410585090198"},{"full_name":"BALLE aceite de oliva suave 0,4º botella 1 l","name":"aceite de oliva suave 0,4º botella 1 l","brand":"BALLE ","img":"https://sgfm.elcorteingles.es/SGFM/00/04/6/0120902600046/0120902600046000g01011.jpg","price":"5,02 €","price_unit":"(5,02 € / Litro)","categories":["Supermercado","Alimentación General","Aceites","Aceite de oliva","BALLE aceite de oliva suave 0,4º botella 1 l"],"general_information":["Denominación del alimento: Aceite de Oliva Suave","Nombre del operador: Conservas Rosello, S.L.","Dirección del operador: Ctra. De Inca - Aatá, Km. 9 - 07430 Llubi (Mallorca)","Cantidad Neta: 1 Litros"],"ingredients":[" Aceite de oliva virgen y aceite de oliva refinado"],"conservation":" Preservar de la luz y el calor.","ean":"8410585090150"},{"full_name":"ABRIL aceite de oliva suave 0,4º botella 1 l","name":"aceite de oliva suave 0,4º botella 1 l","brand":"ABRIL ","img":"https://sgfm.elcorteingles.es/SGFM/dctm/MEDIA03/201606/22/00120902600194____1__600x600.jpg","price":"4,72 €","price_unit":"(4,72 € / Litro)","categories":["Supermercado","Alimentación General","Aceites","Aceite de oliva","ABRIL aceite de oliva suave 0,4º botella 1 l"],"general_information":["Denominación del alimento: Aceite de oliva","País de origen: España","Nombre del operador: Aceites Abril S.L.","Dirección del operador: Pol. Ind. San Cibrao, C/6, Nº 18 32901 San Cibrao das Viñas Ourense","Cantidad Neta: 1 Litros"],"ingredients":[" Aceite de oliva refinado, aceite de oliva virgen extra"],"conservation":" Conservar en lugar fresco y seco. Proteger de la luz.","ean":"8436001252117"},{"full_name":"ABRIL aceite de oliva intenso 1º bidón 3 l","name":"aceite de oliva intenso 1º bidón 3 l","brand":"ABRIL ","img":"https://sgfm.elcorteingles.es/SGFM/dctm/MEDIA03/201605/27/00200403100183____2__600x600.jpg","price":"13,35 €","price_unit":"(4,45 € / Litro)","categories":["Supermercado","Alimentación General","Aceites","Aceite de oliva","ABRIL aceite de oliva intenso 1º bidón 3 l"],"general_information":["Denominación del alimento: Aceite de oliva","País de origen: España","Nombre del operador: Aceites Abril S.L.","Dirección del operador: Pol. Ind. San Cibrao, C/6, Nº 18 32901 San Cibrao das Viñas Ourense","Cantidad Neta: 3 Litros"],"ingredients":[" Aceite de oliva refinado, aceite de oliva virgen extra"],"conservation":" Conservar en lugar fresco y seco. Proteger de la luz.","ean":"8436548623746"},{"full_name":"CAIMARI aceite de oliva suave 0,4º botella 1 l","name":"aceite de oliva suave 0,4º botella 1 l","brand":"CAIMARI ","img":"https://sgfm.elcorteingles.es/SGFM/00/05/3/0120902600053/0120902600053000g01011.jpg","price":"5,72 €","price_unit":"(5,72 € / Litro)","categories":["Supermercado","Alimentación General","Aceites","Aceite de oliva","CAIMARI aceite de oliva suave 0,4º botella 1 l"],"general_information":[],"ingredients":[],"ean":"8412520110114"},{"full_name":"GUILLEN aceite de oliva sabor intenso 1º botella 1 l","name":"aceite de oliva sabor intenso 1º botella 1 l","brand":"GUILLEN ","img":"https://sgfm.elcorteingles.es/SGFM/dctm/MEDIA02/CONTENIDOS/201407/21/00200403000185____1__600x600.jpg","price":"4,99 €","price_unit":"(4,99 € / Litro)","categories":["Supermercado","Alimentación General","Aceites","Aceite de oliva","GUILLEN aceite de oliva sabor intenso 1º botella 1 l"],"general_information":["Denominación del alimento: Aceite de oliva - contiene exclusivamente aceites de oliva refinados y aceites de oliva vírgenes","País de origen: España","Nombre del operador: Aceites del Sur- Coosur S.A.","Dirección del operador: Ctra. La Carolina Km 29. 23220 Vilches (Jaén)","Cantidad Neta: 1 Litros","Otras menciones obligatorias en la etiqueta: Aceite que contiene exclusivamente acietes de oliva que se hayan sometido a un tratamiento de refinado y de aceites obtenidos directamente de aceitunas. Acidez máxima 1º, Índice de peróxidos = 15meq O2/kg, Ceras = 350mg/kg, K270 = 0,90, ?K = 0,15"],"ingredients":[" Aceite de oliva virgen y aceite de oliva refinado"],"conservation":" Preservar del calor y del exceso de luz","ean":"8410660301010"},{"full_name":"URZANTE aceite de oliva suave 0,4º botella 1 l","name":"aceite de oliva suave 0,4º botella 1 l","brand":"URZANTE ","img":"https://sgfm.elcorteingles.es/SGFM/dctm/MEDIA03/201605/18/00120902600087____1__600x600.jpg","price":"4,99 €","price_unit":"(4,99 € / Litro)","categories":["Supermercado","Alimentación General","Aceites","Aceite de oliva","URZANTE aceite de oliva suave 0,4º botella 1 l"],"general_information":[],"ingredients":[],"ean":"8423243008015"},{"full_name":"URZANTE aceite de oliva intenso 1º botella 1 l","name":"aceite de oliva intenso 1º botella 1 l","brand":"URZANTE ","img":"https://sgfm.elcorteingles.es/SGFM/dctm/MEDIA03/201605/18/00120903000071____1__600x600.jpg","price":"5,18 €","price_unit":"(5,18 € / Litro)","categories":["Supermercado","Alimentación General","Aceites","Aceite de oliva","URZANTE aceite de oliva intenso 1º botella 1 l"],"general_information":[],"ingredients":[],"ean":"8423243003010"},{"full_name":"EL CORTE INGLES aceite de oliva virgen bidón 5 l","name":"aceite de oliva virgen bidón 5 l","brand":"EL CORTE INGLES ","img":"https://sgfm.elcorteingles.es/SGFM/dctm/MEDIA03/201709/14/00120903800132____1__600x600.jpg","price":"21,45 €","price_unit":"(4,29 € / Litro)","categories":["Supermercado","Alimentación General","Aceites","Aceite de oliva virgen","EL CORTE INGLES aceite de oliva virgen bidón 5 l"],"general_information":["Denominación del alimento: ACEITE DE OLIVA VIRGEN","Nombre del operador: Envasado para \nEl Grupo El Corte Inglés \nHermosilla, 112 ? 28009 Madrid ? España \npor CIF: F23212103","Lugar de procedencia del alimento: ORIGEN ESPAÑA","Número de raciones por envase: 458"],"ingredients":[],"conservation":" Conservar en lugar fresco, seco y al abrigo del \ncalor y de la luz","ean":"8433329082952"},{"full_name":"EL CORTE INGLES aceite de oliva virgen botella 1 l","name":"aceite de oliva virgen botella 1 l","brand":"EL CORTE INGLES ","img":"https://sgfm.elcorteingles.es/SGFM/dctm/MEDIA03/201709/14/00120903700134____1__600x600.jpg","price":"4,49 €","price_unit":"(4,49 € / Litro)","categories":["Supermercado","Alimentación General","Aceites","Aceite de oliva virgen","EL CORTE INGLES aceite de oliva virgen botella 1 l"],"general_information":["Denominación del alimento: ACEITE DE OLIVA \nVIRGEN","Nombre del operador: Envasado para El Corte Inglés por\nOlivar de Segura S.C.A. \nCtra. Córdoba ? Valencia s/n \n23350 Puente de Génave (Jaén) - España","Lugar de procedencia del alimento: ORIGEN ESPAÑA","Número de raciones por envase: 92"],"ingredients":[],"conservation":" Conservar en lugar fresco, seco y al abrigo del \ncalor y de la luz","ean":"8433329082945"},{"full_name":"LA ESPAÑOLA aceite de oliva virgen Aroma Andaluz bidón 3 l","name":"aceite de oliva virgen Aroma Andaluz bidón 3 l","brand":"LA ESPAÑOLA ","img":"https://sgfm.elcorteingles.es/SGFM/dctm/MEDIA03/201709/25/00120903800017____2__600x600.jpg","price":"16,95 €","price_unit":"(5,65 € / Litro)","categories":["Supermercado","Alimentación General","Aceites","Aceite de oliva virgen","LA ESPAÑOLA aceite de oliva virgen Aroma Andaluz bidón 3 l"],"general_information":["Denominación del alimento: Aceite de Oliva Virgen","País de origen: España","Nombre del operador: Aceites del Sur- Coosur S.A.","Dirección del operador: Ctra. La Carolina Km 29. 23220 Vilches (Jaén)","Cantidad Neta: 3 Litros","Otras menciones obligatorias en la etiqueta: Aceite de oliva obtenido directamente de aceitunas y sólo mediante procedimientos mecánicos. Producto de España"],"ingredients":[" Aceite de oliva virgen"],"conservation":" Preservar del calor y del exceso de luz","ean":"8410660026951"},{"full_name":"LA ESPAÑOLA aceite de oliva virgen Aroma Andaluz botella 1 l","name":"aceite de oliva virgen Aroma Andaluz botella 1 l","brand":"LA ESPAÑOLA ","img":"https://sgfm.elcorteingles.es/SGFM/dctm/MEDIA03/201709/25/00120903700084____8__600x600.jpg","price":"5,93 €            ","price_unit":"(4,59 € / Litro)","categories":["Supermercado","Alimentación General","Aceites","Aceite de oliva virgen","LA ESPAÑOLA aceite de oliva virgen Aroma Andaluz botella 1 l"],"general_information":["Denominación del alimento: Aceite de Oliva Virgen","País de origen: España","Nombre del operador: Aceites del Sur- Coosur S.A.","Dirección del operador: Ctra. La Carolina Km 29. 23220 Vilches (Jaén)","Cantidad Neta: 1 Litros","Otras menciones obligatorias en la etiqueta: Aceite de oliva obtenido directamente de aceitunas y sólo mediante procedimientos mecánicos. Producto de España"],"ingredients":[" Aceite de oliva virgen"],"conservation":" Preservar del calor y del exceso de luz","ean":"8410660030682"},{"full_name":"CARBONELL aceite de oliva virgen bidón 3 l","name":"aceite de oliva virgen bidón 3 l","brand":"CARBONELL ","img":"https://sgfm.elcorteingles.es/SGFM/dctm/MEDIA03/201709/25/00120903800090____3__600x600.jpg","price":"18,15 €","price_unit":"(6,05 € / Litro)","categories":["Supermercado","Alimentación General","Aceites","Aceite de oliva virgen","CARBONELL aceite de oliva virgen bidón 3 l"],"general_information":["Denominación del alimento: Aceite De Oliva Virgen","País de origen: España","Nombre del operador: Deoleo S.A.","Dirección del operador: Ctra. N.IV. Km.388-14610 Alcolea (Córdoba)","Cantidad Neta: 3000 Mililitros"],"ingredients":[" Aceite de Oliva Virgen"],"conservation":" Mantener en lugar fresco y seco.","ean":"8410010263111"},{"full_name":"CARBONELL aceite de oliva virgen botella 1 l","name":"aceite de oliva virgen botella 1 l","brand":"CARBONELL ","img":"https://sgfm.elcorteingles.es/SGFM/dctm/MEDIA03/201701/24/00120903700027____2__600x600.jpg","price":"5,99 €","price_unit":"(5,99 € / Litro)","categories":["Supermercado","Alimentación General","Aceites","Aceite de oliva virgen","CARBONELL aceite de oliva virgen botella 1 l"],"general_information":["Denominación del alimento: Aceite De Oliva Virgen","País de origen: España","Nombre del operador: Deoleo S.A.","Dirección del operador: Ctra. N.IV. Km.388-14610 Alcolea (Córdoba)","Cantidad Neta: 1000 Mililitros"],"ingredients":[" Aceite de Oliva Virgen Extra"],"conservation":" Mantener en lugar fresco y seco.","ean":"8410010262343"},{"full_name":"GUILLEN aceite de oliva virgen Gran Selección botella 1 l","name":"aceite de oliva virgen Gran Selección botella 1 l","brand":"GUILLEN ","img":"https://sgfm.elcorteingles.es/SGFM/dctm/MEDIA03/201705/17/00120903700118____2__600x600.jpg","price":"4,46 €","price_unit":"(4,46 € / Litro)","categories":["Supermercado","Alimentación General","Aceites","Aceite de oliva virgen","GUILLEN aceite de oliva virgen Gran Selección botella 1 l"],"general_information":["Denominación del alimento: Aceite de Oliva Virgen","País de origen: España","Nombre del operador: Aceites del Sur- Coosur S.A.","Dirección del operador: Ctra. La Carolina Km 29. 23220 Vilches (Jaén)","Cantidad Neta: 1 Litros","Otras menciones obligatorias en la etiqueta: Aceite de oliva obtenido directamente de aceitunas y sólo mediante procedimientos mecánicos. Producto de España"],"ingredients":[" Aceite de oliva virgen"],"conservation":" Preservar del calor y del exceso de luz","ean":"8410660022472"},{"full_name":"MAR DE OLIVOS aceite de oliva virgen Sabor Mediterraneo 5 l","name":"aceite de oliva virgen Sabor Mediterraneo  5 l","brand":"MAR DE OLIVOS ","img":"https://sgfm.elcorteingles.es/SGFM/dctm/MEDIA03/201709/14/00120903800124____6__600x600.jpg","price":"24,39 €","price_unit":"(4,88 € / Litro)","categories":["Supermercado","Alimentación General","Aceites","Aceite de oliva virgen","MAR DE OLIVOS aceite de oliva virgen Sabor Mediterraneo 5 l"],"general_information":["Denominación del alimento: Aceite de Oliva Virgen","Nombre del operador: Olivar de Segura, SCA.","Dirección del operador: Ctra. Córdoba a Valencia s/n","Lugar de procedencia del alimento: Puente de Génave, Jaén.","Cantidad Neta: 5 Litros","Número de raciones por envase: 500","Otras menciones obligatorias en la etiqueta: Aceite de Oliva Virgen: Aceite de Oliva obtenido directamente de aceitunas y sólo mediante procedimientos mecánicos"],"ingredients":[" Aceite de Oliva Virgen"],"conservation":" Conservar en lugar fresco y oscuro.","ean":"8423036000172"},{"full_name":"MAR DE OLIVOS aceite de oliva virgen Sabor Mediterraneo botella 1 l","name":"aceite de oliva virgen Sabor Mediterraneo botella 1 l","brand":"MAR DE OLIVOS ","img":"https://sgfm.elcorteingles.es/SGFM/dctm/MEDIA03/201709/08/00120903700126____6__600x600.jpg","price":"5,13 €","price_unit":"(5,13 € / Litro)","categories":["Supermercado","Alimentación General","Aceites","Aceite de oliva virgen","MAR DE OLIVOS aceite de oliva virgen Sabor Mediterraneo botella 1 l"],"general_information":["Denominación del alimento: Aceite de Oliva Virgen","Nombre del operador: Olivar de Segura, SCA.","Dirección del operador: Ctra. Córdoba a Valencia s/n","Lugar de procedencia del alimento: Puente de Génave, Jaén.","Cantidad Neta: 1 Litros","Número de raciones por envase: 100","Otras menciones obligatorias en la etiqueta: Aceite de Oliva Virgen: Aceite de Oliva obtenido directamente de aceitunas y sólo mediante procedimientos mecánicos"],"ingredients":[" Aceite de Oliva Virgen"],"conservation":" Conservar en lugar fresco y oscuro.","ean":"8423036001667"},{"full_name":"EL CORTE INGLES aceite de oliva virgen extra 5 l","name":"aceite de oliva virgen extra  5 l","brand":"EL CORTE INGLES ","img":"https://sgfm.elcorteingles.es/SGFM/dctm/MEDIA03/201702/27/00120904000252____1__600x600.jpg","price":"26,79 €            ","price_unit":"(4,59 € / Litro)","categories":["Supermercado","Alimentación General","Aceites","Aceite de oliva virgen extra","EL CORTE INGLES aceite de oliva virgen extra 5 l"],"general_information":["Denominación del alimento: ACEITE DE OLIVA \nVIRGEN EXTRA","Nombre del operador: Envasado para El Corte Inglés por\nOlivar de Segura S.C.A. \nCtra. Córdoba ? Valencia s/n \n23350 Puente de Génave (Jaén) - España","Lugar de procedencia del alimento: ORIGEN ESPAÑA","Número de raciones por envase: 458"],"ingredients":[],"conservation":" Conservar en lugar fresco, seco y al abrigo del \ncalor y de la luz","ean":"8433329044486"},{"full_name":"EL CORTE INGLES aceite de oliva virgen extra botella 1 l","name":"aceite de oliva virgen extra botella 1 l","brand":"EL CORTE INGLES ","img":"https://sgfm.elcorteingles.es/SGFM/dctm/MEDIA03/201702/13/00120903900312____13__600x600.jpg","price":"5,59 €            ","price_unit":"(4,69 € / Litro)","categories":["Supermercado","Alimentación General","Aceites","Aceite de oliva virgen extra","EL CORTE INGLES aceite de oliva virgen extra botella 1 l"],"general_information":["Denominación del alimento: ACEITE DE OLIVA \nVIRGEN EXTRA","Nombre del operador: Envasado para El Corte Inglés por\nOlivar de Segura S.C.A. \nCtra. Córdoba ? Valencia s/n \n23350 Puente de Génave (Jaén) - España","Lugar de procedencia del alimento: ORIGEN ESPAÑA","Número de raciones por envase: 92"],"ingredients":[],"conservation":" Conservar en lugar fresco, seco y al abrigo del \ncalor y de la luz","ean":"8433329044479"},{"full_name":"EL CORTE INGLES aceite de oliva virgen extra Hojiblanca bidón 5 l","name":"aceite de oliva virgen extra Hojiblanca bidón 5 l","brand":"EL CORTE INGLES ","img":"https://sgfm.elcorteingles.es/SGFM/dctm/MEDIA03/201609/22/00120904000260____2__600x600.jpg","price":"26,79 €            ","price_unit":"(4,59 € / Litro)","categories":["Supermercado","Alimentación General","Aceites","Aceite de oliva virgen extra","EL CORTE INGLES aceite de oliva virgen extra Hojiblanca bidón 5 l"],"general_information":["Denominación del alimento: ACEITE DE OLIVA \nVIRGEN EXTRA\nVariedad Hojiblanca","Nombre del operador: Envasado para El Corte Inglés por\nOlivar de Segura S.C.A. \nCtra. Córdoba ? Valencia s/n \n23350 Puente de Génave (Jaén) - España","Lugar de procedencia del alimento: ORIGEN ESPAÑA","Número de raciones por envase: 458"],"ingredients":[],"conservation":" Conservar en lugar fresco, seco y al abrigo del \ncalor y de la luz","ean":"8433329044509"},{"full_name":"EL CORTE INGLES aceite de oliva virgen extra Hojiblanca botella 1 l","name":"aceite de oliva virgen extra Hojiblanca botella 1 l","brand":"EL CORTE INGLES ","img":"https://sgfm.elcorteingles.es/SGFM/dctm/MEDIA03/201702/13/00120903900320____17__600x600.jpg","price":"5,59 €            ","price_unit":"(4,69 € / Litro)","categories":["Supermercado","Alimentación General","Aceites","Aceite de oliva virgen extra","EL CORTE INGLES aceite de oliva virgen extra Hojiblanca botella 1 l"],"general_information":["Denominación del alimento: ACEITE DE OLIVA \nVIRGEN EXTRA\nVariedad Hojiblanca","Nombre del operador: Envasado para El Corte Inglés por\nOlivar de Segura S.C.A. \nCtra. Córdoba ? Valencia s/n \n23350 Puente de Génave (Jaén) - España","Lugar de procedencia del alimento: ORIGEN ESPAÑA","Número de raciones por envase: 92"],"ingredients":[],"conservation":" Conservar en lugar fresco, seco y al abrigo del \ncalor y de la luz","ean":"8433329044493"},{"full_name":"EL CORTE INGLES aceite de oliva virgen extra Arbequina elaborado en Finca La Gramanosa Cosecha Temprana botella 500 ml","name":"aceite de oliva virgen extra Arbequina elaborado en Finca La Gramanosa Cosecha Temprana botella 500 ml","brand":"EL CORTE INGLES ","img":"https://sgfm.elcorteingles.es/SGFM/dctm/MEDIA03/201706/22/00120903204327____1__600x600.jpg","price":"6,57 €","price_unit":"(13,14 € / Litro)","categories":["Supermercado","Alimentación General","Aceites","Aceite de oliva virgen extra","EL CORTE INGLES aceite de oliva virgen extra Arbequina elaborado en Finca La Gramanosa Cosecha Temprana botella 500 ml"],"general_information":["Denominación del alimento: ACEITE DE OLIVA VIRGEN EXTRA","Nombre del operador: Envasado para El Corte Inglés por\nLA GRAMANOSA S.L. \n08793 AVINYONET DEL PENEDÈS (Barcelona) - España","Lugar de procedencia del alimento: ORIGEN ESPAÑA","Número de raciones por envase: 30"],"ingredients":[],"conservation":" Conservar en lugar fresco, seco y al abrigo del \ncalor y de la luz","ean":"8433329080583"},{"full_name":"EL CORTE INGLES aceite de oliva virgen extra ecológico botella 500 ml","name":"aceite de oliva virgen extra ecológico botella 500 ml","brand":"EL CORTE INGLES ","img":"https://sgfm.elcorteingles.es/SGFM/dctm/MEDIA03/201703/28/00120903201760____11__600x600.jpg","price":"5,14 €","price_unit":"(10,28 € / Litro)","categories":["Supermercado","Alimentación General","Aceites","Aceite de oliva virgen extra","EL CORTE INGLES aceite de oliva virgen extra ecológico botella 500 ml"],"general_information":["Denominación del alimento: ACEITE DE OLIVA VIRGEN EXTRA BIO","Nombre del operador: Envasado para El Corte Inglés por\nOlivar de Segura S.C.A. \nCtra. Córdoba ? Valencia s/n \n23350 Puente de Génave (Jaén) - España","Lugar de procedencia del alimento: ORIGEN ESPAÑA","Número de raciones por envase: 46"],"ingredients":[],"conservation":" Conservar en lugar fresco, seco y al abrigo del \ncalor y de la luz","ean":"8433329010719"},{"full_name":"CARBONELL aceite de oliva virgen extra Gran Selección lata 3 l Edición Limitada 150 Aniversario","name":"aceite de oliva virgen extra Gran Selección lata 3 l","brand":"CARBONELL ","img":"https://sgfm.elcorteingles.es/SGFM/dctm/MEDIA03/201711/28/00120903204137____6__600x600.jpg","price":"17,95 €            ","price_unit":"(4,92 € / Litro)","categories":["Supermercado","Alimentación General","Aceites","Aceite de oliva virgen extra","CARBONELL aceite de oliva virgen extra Gran Selección lata 3 l Edición Limitada 150 Aniversario"],"general_information":[],"ingredients":[],"ean":"8410010278641"},{"full_name":"CARBONELL aceite de oliva virgen extra botella 1 l","name":"aceite de oliva virgen extra botella 1 l","brand":"CARBONELL ","img":"https://sgfm.elcorteingles.es/SGFM/dctm/MEDIA03/201710/10/00120903900098____13__600x600.jpg","price":"6,49 €","price_unit":"(6,49 € / Litro)","categories":["Supermercado","Alimentación General","Aceites","Aceite de oliva virgen extra","CARBONELL aceite de oliva virgen extra botella 1 l"],"general_information":["Denominación del alimento: Aceite De Oliva Virgen Extra","País de origen: España","Nombre del operador: Deoleo S.A.","Dirección del operador: Ctra. N.IV. Km.388-14610 Alcolea (Córdoba)","Cantidad Neta: 1000 Mililitros"],"ingredients":[" Aceite de Oliva Virgen Extra"],"conservation":" Mantener en lugar fresco y seco.","ean":"8410010260042"},{"full_name":"CARBONELL aceite de oliva virgen extra 100% Arbequina botella 1 l","name":"aceite de oliva virgen extra 100% Arbequina botella 1 l","brand":"CARBONELL ","img":"https://sgfm.elcorteingles.es/SGFM/dctm/MEDIA03/201701/24/00120903900577____3__600x600.jpg","price":"6,51 €","price_unit":"(6,51 € / Litro)","categories":["Supermercado","Alimentación General","Aceites","Aceite de oliva virgen extra","CARBONELL aceite de oliva virgen extra 100% Arbequina botella 1 l"],"general_information":["Denominación del alimento: Aceite De Oliva Virgen Extra","País de origen: España","Nombre del operador: Deoleo S.A.","Dirección del operador: Ctra. N.IV. Km.388-14610 Alcolea (Córdoba)","Cantidad Neta: 1000 Mililitros"],"ingredients":[" Aceite de Oliva Virgen Extra"],"conservation":" Mantener en lugar fresco y seco.","ean":"8410010261865"},{"full_name":"CARBONELL aceite de oliva virgen extra 100% Hojiblanca botella 1 l","name":"aceite de oliva virgen extra 100% Hojiblanca botella 1 l","brand":"CARBONELL ","img":"https://sgfm.elcorteingles.es/SGFM/dctm/MEDIA03/201701/24/00120903900585____3__600x600.jpg","price":"6,51 €","price_unit":"(6,51 € / Litro)","categories":["Supermercado","Alimentación General","Aceites","Aceite de oliva virgen extra","CARBONELL aceite de oliva virgen extra 100% Hojiblanca botella 1 l"],"general_information":["Denominación del alimento: Aceite De Oliva Virgen Extra","País de origen: España","Nombre del operador: Deoleo S.A.","Dirección del operador: Ctra. N.IV. Km.388-14610 Alcolea (Córdoba)","Cantidad Neta: 1000 Mililitros"],"ingredients":[" Aceite de Oliva Virgen Extra"],"conservation":" Mantener en lugar fresco y seco.","ean":"8410010261841"},{"full_name":"CARBONELL aceite de oliva virgen extra 100% Picual botella 1 l","name":"aceite de oliva virgen extra 100% Picual botella 1 l","brand":"CARBONELL ","img":"https://sgfm.elcorteingles.es/SGFM/dctm/MEDIA03/201701/24/00120903900569____3__600x600.jpg","price":"6,51 €","price_unit":"(6,51 € / Litro)","categories":["Supermercado","Alimentación General","Aceites","Aceite de oliva virgen extra","CARBONELL aceite de oliva virgen extra 100% Picual botella 1 l"],"general_information":["Denominación del alimento: Aceite De Oliva Virgen Extra","País de origen: España","Nombre del operador: Deoleo S.A.","Dirección del operador: Ctra. N.IV. Km.388-14610 Alcolea (Córdoba)","Cantidad Neta: 1000 Mililitros"],"ingredients":[" Aceite De Oliva Virgen Extra"],"conservation":" Mantener en lugar fresco y seco.","ean":"8410010261834"},{"full_name":"CARBONELL GRAN SELECCION aceite de oliva virgen extra Sabor Equilibrado botella 750 ml","name":"aceite de oliva virgen extra Sabor Equilibrado botella 750 ml","brand":"CARBONELL GRAN SELECCION ","img":"https://sgfm.elcorteingles.es/SGFM/dctm/MEDIA03/201706/30/00120903200408____9__600x600.jpg","price":"5,82 €","price_unit":"(7,76 € / Litro)","categories":["Supermercado","Alimentación General","Aceites","Aceite de oliva virgen extra","CARBONELL GRAN SELECCION aceite de oliva virgen extra Sabor Equilibrado botella 750 ml"],"general_information":["Denominación del alimento: Aceite De Oliva-Contiene Aceites De Oliva Refinados Y Aceites De Olliva Virgenes","País de origen: España","Nombre del operador: Deoleo S.A.","Dirección del operador: Ctra. N.IV. Km.388-14610 Alcolea (Córdoba)","Cantidad Neta: 750 Mililitros"],"ingredients":[" Aceite de Oliva Virgen Extra"],"conservation":" Mantener en lugar fresco y seco.","ean":"8410010006206"},{"full_name":"CARBONELL GRAN SELECCION Regium aceite de oliva virgen extra solo de pulpa de aceituna botella 750 ml","name":"Regium aceite de oliva virgen extra solo de pulpa de aceituna botella 750 ml","brand":"CARBONELL GRAN SELECCION ","img":"https://sgfm.elcorteingles.es/SGFM/dctm/MEDIA03/201709/25/00120903200341____4__600x600.jpg","price":"6,35 €","price_unit":"(8,47 € / Litro)","categories":["Supermercado","Alimentación General","Aceites","Aceite de oliva virgen extra","CARBONELL GRAN SELECCION Regium aceite de oliva virgen extra solo de pulpa de aceituna botella 750 ml"],"general_information":["Denominación del alimento: Aceite De Oliva Virgen Extra","País de origen: España","Nombre del operador: Deoleo S.A.","Dirección del operador: Ctra. N.IV. Km.388-14610 Alcolea (Córdoba)","Cantidad Neta: 750 Mililitros"],"ingredients":[" Aceite de Oliva Virgen Extra"],"conservation":" Mantener en lugar fresco y seco.","ean":"8410010006145"},{"full_name":"CARBONELL GRAN SELECCION aceite de oliva virgen extra picual Sabor frutado medio botella 750 ml","name":"aceite de oliva virgen extra picual Sabor frutado medio botella 750 ml","brand":"CARBONELL GRAN SELECCION ","img":"https://sgfm.elcorteingles.es/SGFM/dctm/MEDIA03/201709/25/00120903200333____2__600x600.jpg","price":"6,44 €","price_unit":"(8,59 € / Litro)","categories":["Supermercado","Alimentación General","Aceites","Aceite de oliva virgen extra","CARBONELL GRAN SELECCION aceite de oliva virgen extra picual Sabor frutado medio botella 750 ml"],"general_information":["Denominación del alimento: Aceite De Oliva Virgen Extra","País de origen: España","Nombre del operador: Deoleo S.A.","Dirección del operador: Ctra. N.IV. Km.388-14610 Alcolea (Córdoba)","Cantidad Neta: 750 Mililitros"],"ingredients":[" Aceite de Oliva Virgen Extra"],"conservation":" Mantener en lugar fresco y seco.","ean":"8410010006183"},{"full_name":"CARBONELL aceite de oliva virgen extra Ecológico botella 500 ml","name":"aceite de oliva virgen extra Ecológico botella 500 ml","brand":"CARBONELL ","img":"https://sgfm.elcorteingles.es/SGFM/dctm/MEDIA03/201711/08/00120903204400____1__600x600.jpg","price":"5,71 €","price_unit":"(11,42 € / Litro)","categories":["Supermercado","Alimentación General","Aceites","Aceite de oliva virgen extra","CARBONELL aceite de oliva virgen extra Ecológico botella 500 ml"],"general_information":["Denominación del alimento: Aceite Oliva Virgen Extra","País de origen: España","Nombre del operador: Deoleo S.A.","Dirección del operador: Ctra. N.IV. Km.388-14610 Alcolea (Córdoba)","Cantidad Neta: 500 Mililitros"],"ingredients":[" Aceite de Oliva Virgen Extra"],"conservation":" Mantener en lugar fresco y seco.","ean":"8410010018667"},{"full_name":"COOSUR Origen aceite de oliva virgen extra Selección Especial Cooperativa botella 1 l","name":"Origen aceite de oliva virgen extra Selección Especial Cooperativa botella 1 l","brand":"COOSUR ","img":"https://sgfm.elcorteingles.es/SGFM/dctm/MEDIA03/201611/17/00120903900163____3__600x600.jpg","price":"6,42 €","price_unit":"(6,42 € / Litro)","categories":["Supermercado","Alimentación General","Aceites","Aceite de oliva virgen extra","COOSUR Origen aceite de oliva virgen extra Selección Especial Cooperativa botella 1 l"],"general_information":["Denominación del alimento: Aceite de Oliva Virgen Extra","País de origen: España","Nombre del operador: Aceites del Sur- Coosur S.A.","Dirección del operador: Ctra. La Carolina Km 29. 23220 Vilches (Jaén)","Cantidad Neta: 1 Litros","Otras menciones obligatorias en la etiqueta: Aceite de oliva de categoría superior obtenido directamente de aceitunas y sólo mediante procedimientos mecánicos. Producto de España"],"ingredients":[" Aceite de oliva virgen extra"],"conservation":" Preservar del calor y del exceso de luz","ean":"8411190155104"},{"full_name":"COOSUR aceite de oliva virgen extra Hojiblanca botella 1 l","name":"aceite de oliva virgen extra Hojiblanca botella 1 l","brand":"COOSUR ","img":"https://sgfm.elcorteingles.es/SGFM/dctm/MEDIA02/CONTENIDOS/201507/23/00120903900080____1__600x600.jpg","price":"6,42 €","price_unit":"(6,42 € / Litro)","categories":["Supermercado","Alimentación General","Aceites","Aceite de oliva virgen extra","COOSUR aceite de oliva virgen extra Hojiblanca botella 1 l"],"general_information":["Denominación del alimento: Aceite de Oliva Virgen Extra","País de origen: España","Nombre del operador: Aceites del Sur- Coosur S.A.","Dirección del operador: Ctra. La Carolina Km 29. 23220 Vilches (Jaén)","Cantidad Neta: 1 Litros","Otras menciones obligatorias en la etiqueta: Aceite de oliva de categoría superior obtenido directamente de aceitunas y sólo mediante procedimientos mecánicos. Producto de España"],"ingredients":[" Aceite de oliva virgen extra"],"conservation":" Preservar del calor y del exceso de luz","ean":"8411190101392"},{"full_name":"COOSUR aceite de oliva virgen extra picual intenso botella 1 l","name":"aceite de oliva virgen extra picual intenso botella 1 l","brand":"COOSUR ","img":"https://sgfm.elcorteingles.es/SGFM/dctm/MEDIA02/CONTENIDOS/201507/23/00120903900072____1__600x600.jpg","price":"6,42 €","price_unit":"(6,42 € / Litro)","categories":["Supermercado","Alimentación General","Aceites","Aceite de oliva virgen extra","COOSUR aceite de oliva virgen extra picual intenso botella 1 l"],"general_information":["Denominación del alimento: Aceite de Oliva Virgen Extra","País de origen: España","Nombre del operador: Aceites del Sur- Coosur S.A.","Dirección del operador: Ctra. La Carolina Km 29. 23220 Vilches (Jaén)","Cantidad Neta: 1 Litros","Otras menciones obligatorias en la etiqueta: Aceite de oliva de categoría superior obtenido directamente de aceitunas y sólo mediante procedimientos mecánicos. Producto de España"],"ingredients":[" Aceite de oliva virgen extra"],"conservation":" Preservar del calor y del exceso de luz","ean":"8411190101415"},{"full_name":"COOSUR aceite de oliva virgen extra Arbequina botella 1 l","name":"aceite de oliva virgen extra Arbequina botella 1 l","brand":"COOSUR ","img":"https://sgfm.elcorteingles.es/SGFM/dctm/MEDIA03/201607/19/00200403900715____1__600x600.jpg","price":"6,42 €","categories":["Supermercado","Alimentación General","Aceites","Aceite de oliva virgen extra","COOSUR aceite de oliva virgen extra Arbequina botella 1 l"],"general_information":["Denominación del alimento: Aceite de Oliva Virgen Extra","País de origen: España","Nombre del operador: Aceites del Sur- Coosur S.A.","Dirección del operador: Ctra. La Carolina Km 29. 23220 Vilches (Jaén)","Cantidad Neta: 1 Litros","Otras menciones obligatorias en la etiqueta: Aceite de oliva de categoría superior obtenido directamente de aceitunas y sólo mediante procedimientos mecánicos. Producto de España"],"ingredients":[" Aceite de oliva virgen extra"],"conservation":" Preservar del calor y del exceso de luz","ean":"8411190101422"},{"full_name":"COOSUR aceite de oliva virgen extra botella 675 ml con tapón antigoteo","name":"aceite de oliva virgen extra botella 675 ml","brand":"COOSUR ","img":"https://sgfm.elcorteingles.es/SGFM/dctm/MEDIA03/201705/09/00120903900734____1__600x600.jpg","price":"4,51 €","price_unit":"(6,68 € / Litro)","categories":["Supermercado","Alimentación General","Aceites","Aceite de oliva virgen extra","COOSUR aceite de oliva virgen extra botella 675 ml con tapón antigoteo"],"general_information":["Denominación del alimento: Aceite de Oliva Virgen Extra","País de origen: España","Nombre del operador: Aceites del Sur- Coosur S.A.","Dirección del operador: Ctra. La Carolina Km 29. 23220 Vilches (Jaén)","Cantidad Neta: 675 Mililitros","Otras menciones obligatorias en la etiqueta: Aceite de oliva de categoría superior obtenido directamente de aceitunas y sólo mediante procedimientos mecánicos. Producto de España"],"ingredients":[" Aceite de oliva virgen extra"],"conservation":" Preservar del calor y del exceso de luz","ean":"8410660052486"},{"full_name":"MAESTROS DE HOJIBLANCA El Nuestro aceite de oliva virgen extra bidón 5 l","name":"El Nuestro aceite de oliva virgen extra bidón 5 l","brand":"MAESTROS DE HOJIBLANCA ","img":"https://sgfm.elcorteingles.es/SGFM/dctm/MEDIA03/201704/20/00120904000591____1__600x600.jpg","price":"29,65 €","price_unit":"(5,93 € / Litro)","categories":["Supermercado","Alimentación General","Aceites","Aceite de oliva virgen extra","MAESTROS DE HOJIBLANCA El Nuestro aceite de oliva virgen extra bidón 5 l"],"general_information":["Denominación del alimento: Aceite de Oliva Virgen Extra","País de origen: España","Nombre del operador: Deoleo S.A.","Dirección del operador: Ctra. N.IV. Km.388-14610 Alcolea (Córdoba)","Cantidad Neta: 5000 Mililitros"],"ingredients":[" Aceite de Oliva Virgen Extra"],"conservation":" Mantener en lugar fresco y seco.","ean":"8422767123242"},{"full_name":"MAESTROS DE HOJIBLANCA El Nuestro aceite de oliva virgen extra bidón 3 l","name":"El Nuestro aceite de oliva virgen extra bidón 3 l","brand":"MAESTROS DE HOJIBLANCA ","img":"https://sgfm.elcorteingles.es/SGFM/dctm/MEDIA03/201702/23/00200404000424____3__600x600.jpg","price":"18,60 €","price_unit":"(6,20 € / Litro)","categories":["Supermercado","Alimentación General","Aceites","Aceite de oliva virgen extra","MAESTROS DE HOJIBLANCA El Nuestro aceite de oliva virgen extra bidón 3 l"],"general_information":["Denominación del alimento: Aceite de Oliva Virgen Extra","País de origen: España","Nombre del operador: Deoleo S.A.","Dirección del operador: Ctra. N.IV. Km.388-14610 Alcolea (Córdoba)","Cantidad Neta: 3000 Mililitros"],"ingredients":[" Aceite de Oliva Virgen Extra"],"conservation":" Mantener en lugar fresco y seco.","ean":"8422767123211"},{"full_name":"MAESTROS DE HOJIBLANCA EL Nuestro aceite de oliva virgen extra D.O. Antequera lata 3 l","name":"EL Nuestro aceite de oliva virgen extra D.O. Antequera lata 3 l","brand":"MAESTROS DE HOJIBLANCA ","img":"https://sgfm.elcorteingles.es/SGFM/dctm/MEDIA03/201704/10/00120903204129____6__600x600.jpg","price":"20,50 €","price_unit":"(6,83 € / Litro)","categories":["Supermercado","Alimentación General","Aceites","Aceite de oliva virgen extra","MAESTROS DE HOJIBLANCA EL Nuestro aceite de oliva virgen extra D.O. Antequera lata 3 l"],"general_information":[],"ingredients":[],"ean":"8422767200387"},{"full_name":"MAESTROS DE HOJIBLANCA El Nuestro aceite de oliva virgen extra botella 1 l","name":"El Nuestro aceite de oliva virgen extra botella 1 l","brand":"MAESTROS DE HOJIBLANCA ","img":"https://sgfm.elcorteingles.es/SGFM/dctm/MEDIA03/201702/13/00120903900726____1__600x600.jpg","price":"6,48 €            ","price_unit":"(4,95 € / Litro)","categories":["Supermercado","Alimentación General","Aceites","Aceite de oliva virgen extra","MAESTROS DE HOJIBLANCA El Nuestro aceite de oliva virgen extra botella 1 l"],"general_information":["Denominación del alimento: Aceite de Oliva Virgen Extra","País de origen: España","Nombre del operador: Deoleo S.A.","Dirección del operador: Ctra. N.IV. Km.388-14610 Alcolea (Córdoba)","Cantidad Neta: 1000 Mililitros"],"ingredients":[" Aceite de Oliva Virgen Extra"],"conservation":" Mantener en lugar fresco y seco.","ean":"8422767123167"},{"full_name":"LA ESPAÑOLA aceite de oliva virgen extra bidón 3 l","name":"aceite de oliva virgen extra bidón 3 l","brand":"LA ESPAÑOLA ","img":"https://sgfm.elcorteingles.es/SGFM/dctm/MEDIA03/201709/25/00120904000161____1__600x600.jpg","price":"17,55 €","price_unit":"(5,85 € / Litro)","categories":["Supermercado","Alimentación General","Aceites","Aceite de oliva virgen extra","LA ESPAÑOLA aceite de oliva virgen extra bidón 3 l"],"general_information":["Denominación del alimento: Aceite de Oliva Virgen Extra","País de origen: España","Nombre del operador: Aceites del Sur- Coosur S.A.","Dirección del operador: Ctra. La Carolina Km 29. 23220 Vilches (Jaén)","Cantidad Neta: 3 Litros","Otras menciones obligatorias en la etiqueta: Aceite de oliva de categoría superior obtenido directamente de aceitunas y sólo mediante procedimientos mecánicos. Producto de España"],"ingredients":[" Aceite de oliva virgen extra"],"conservation":" Preservar del calor y del exceso de luz","ean":"8410660163731"},{"full_name":"LA ESPAÑOLA aceite de oliva virgen extra botella 1 l","name":"aceite de oliva virgen extra botella 1 l","brand":"LA ESPAÑOLA ","img":"https://sgfm.elcorteingles.es/SGFM/dctm/MEDIA03/201709/25/00120903900205____1__600x600.jpg","price":"5,49 €","price_unit":"(5,49 € / Litro)","categories":["Supermercado","Alimentación General","Aceites","Aceite de oliva virgen extra","LA ESPAÑOLA aceite de oliva virgen extra botella 1 l"],"general_information":["Denominación del alimento: Aceite de Oliva Virgen Extra","País de origen: España","Nombre del operador: Aceites del Sur- Coosur S.A.","Dirección del operador: Ctra. La Carolina Km 29. 23220 Vilches (Jaén)","Cantidad Neta: 1 Litros","Otras menciones obligatorias en la etiqueta: Aceite de oliva de categoría superior obtenido directamente de aceitunas y sólo mediante procedimientos mecánicos. Producto de España"],"ingredients":[" Aceite de Oliva Virgen Extra"],"conservation":" Preservar del calor y del exceso de luz","ean":"8410660003006"},{"full_name":"LA ESPAÑOLA aceite de oliva virgen extra botella 750 ml","name":"aceite de oliva virgen extra botella 750 ml","brand":"LA ESPAÑOLA ","img":"https://sgfm.elcorteingles.es/SGFM/00/12/7/0120903200127/0120903200127000g01011.jpg","price":"5,19 €            ","price_unit":"(5,32 € / Litro)","categories":["Supermercado","Alimentación General","Aceites","Aceite de oliva virgen extra","LA ESPAÑOLA aceite de oliva virgen extra botella 750 ml"],"general_information":["Denominación del alimento: Aceite de Oliva Virgen Extra","País de origen: España","Nombre del operador: Aceites del Sur- Coosur S.A.","Dirección del operador: Ctra. La Carolina Km 29. 23220 Vilches (Jaén)","Cantidad Neta: 750 Mililitros","Otras menciones obligatorias en la etiqueta: Aceite de oliva de categoría superior obtenido directamente de aceitunas y sólo mediante procedimientos mecánicos. Producto de España"],"ingredients":[" Aceite de Oliva Virgen Extra"],"conservation":" Preservar del calor y del exceso de luz","ean":"8410660001026"},{"full_name":"LA ESPAÑOLA aceite de oliva virgen extra y Omega 3 botella 750 ml","name":"aceite de oliva virgen extra y Omega 3 botella 750 ml","brand":"LA ESPAÑOLA ","img":"https://sgfm.elcorteingles.es/SGFM/dctm/MEDIA03/201709/25/00120903500484____1__600x600.jpg","price":"4,99 €","price_unit":"(6,65 € / Litro)","categories":["Supermercado","Alimentación General","Aceites","Aceite de oliva virgen extra","LA ESPAÑOLA aceite de oliva virgen extra y Omega 3 botella 750 ml"],"general_information":["Denominación del alimento: Preparado graso elaborado con aceite de oliva Virgen Extra y ácidos grasos OMEGA 3 (EPAY DHA)","País de origen: España","Nombre del operador: Aceites del Sur- Coosur S.A.","Dirección del operador: Ctra. La Carolina Km 29. 23220 Vilches (Jaén)","Cantidad Neta: 750 Mililitros","Otras menciones obligatorias en la etiqueta: Las personas alérgicas al pescado deberán evitar el consumo de este producto"],"ingredients":[" Aceite de oliva virgen extra 97,9%, aceite de pescado azul, 2%, antioxidantes: tocoferoles, palmito de ascorbilo y galato de propilo, aromas"],"conservation":" Preservar del calor y del exceso de luz","ean":"8410660037391"},{"full_name":"LA ESPAÑOLA aceite de oliva virgen extra Gourmet botella 500 ml","name":"aceite de oliva virgen extra Gourmet botella 500 ml","brand":"LA ESPAÑOLA ","img":"https://sgfm.elcorteingles.es/SGFM/dctm/MEDIA03/201604/26/00120903202032____1__600x600.jpg","price":"6,20 €","price_unit":"(12,40 € / Litro)","categories":["Supermercado","Alimentación General","Aceites","Aceite de oliva virgen extra","LA ESPAÑOLA aceite de oliva virgen extra Gourmet botella 500 ml"],"general_information":["Denominación del alimento: Aceite de Oliva Virgen Extra","País de origen: España","Nombre del operador: Aceites del Sur- Coosur S.A.","Dirección del operador: Ctra. La Carolina Km 29. 23220 Vilches (Jaén)","Cantidad Neta: 500 Mililitros","Otras menciones obligatorias en la etiqueta: Aceite de oliva de categoría superior obtenido directamente de aceitunas y sólo mediante procedimientos mecánicos. Producto de España"],"ingredients":[" Aceite de oliva virgen extra"],"conservation":" Preservar del calor y del exceso de luz","ean":"8410660015184"},{"full_name":"BORGES aceite de oliva virgen extra Primera Cosecha botella 1,3 l","name":"aceite de oliva virgen extra Primera Cosecha botella 1,3 l","brand":"BORGES ","img":"https://sgfm.elcorteingles.es/SGFM/dctm/MEDIA03/201711/10/00120903900833____1__600x600.jpg","price":"9,95 €","price_unit":"(7,65 € / Litro)","categories":["Supermercado","Alimentación General","Aceites","Aceite de oliva virgen extra","BORGES aceite de oliva virgen extra Primera Cosecha botella 1,3 l"],"general_information":["Denominación del alimento: Aceite de oliva Virgen Extra Primera Collita.","País de origen: España","Nombre del operador: Borges Branded Foods, SLU.","Dirección del operador: Avda. Josep Trepat, s/n 25300 Tárrega (Lérida).","Lugar de procedencia del alimento: España","Cantidad Neta: 1300 Mililitros"],"ingredients":[" Aceite de oliva Virgen Extra."],"conservation":" Conservar en lugar fresco, seco y al abrigo de la luz. Cerrar bien el envase después de su uso.","ean":"8410179014937"},{"full_name":"BORGES aceite de oliva virgen extra Arbequina botella 750 ml","name":"aceite de oliva virgen extra Arbequina botella 750 ml","brand":"BORGES ","img":"https://sgfm.elcorteingles.es/SGFM/dctm/MEDIA02/CONTENIDOS/201504/29/00120903200168____1__600x600.jpg","price":"5,54 €","price_unit":"(7,39 € / Litro)","categories":["Supermercado","Alimentación General","Aceites","Aceite de oliva virgen extra","BORGES aceite de oliva virgen extra Arbequina botella 750 ml"],"general_information":["Denominación del alimento: Aceite de oliva Virgen Extra Arbequina.","País de origen: España","Nombre del operador: Borges Branded Foods, SLU.","Dirección del operador: Avda. Josep Trepat, s/n 25300 Tárrega (Lérida).","Lugar de procedencia del alimento: España","Cantidad Neta: 750 Mililitros"],"ingredients":[" Aceite de oliva Virgen Extra"],"conservation":" Almacenar en un lugar fresco y seco, lejos de la luz solar. Cerrar despues de cada uso.","ean":"8410179100340"},{"full_name":"BORGES aceite de oliva virgen extra Hojiblanca botella 750 ml","name":"aceite de oliva virgen extra Hojiblanca botella 750 ml","brand":"BORGES ","img":"https://sgfm.elcorteingles.es/SGFM/00/20/0/0120903200200/0120903200200000g01011.jpg","price":"5,75 €","price_unit":"(7,67 € / Litro)","categories":["Supermercado","Alimentación General","Aceites","Aceite de oliva virgen extra","BORGES aceite de oliva virgen extra Hojiblanca botella 750 ml"],"general_information":["Denominación del alimento: Aceite de oliva Virgen Extra Hojiblanca.","País de origen: España","Nombre del operador: Borges Branded Foods, SLU.","Dirección del operador: Avda. Josep Trepat, s/n 25300 Tárrega (Lérida).","Lugar de procedencia del alimento: España","Cantidad Neta: 750 Mililitros"],"ingredients":[" Aceite de oliva Virgen Extra"],"conservation":" Almacenar en un lugar fresco y seco, lejos de la luz solar. Cerrar despues de cada uso.","ean":"8410179100944"},{"full_name":"BORGES aceite de oliva virgen extra picual botella 750 ml","name":"aceite de oliva virgen extra picual botella 750 ml","brand":"BORGES ","img":"https://sgfm.elcorteingles.es/SGFM/00/21/8/0120903200218/0120903200218000g01011.jpg","price":"5,75 €","price_unit":"(7,67 € / Litro)","categories":["Supermercado","Alimentación General","Aceites","Aceite de oliva virgen extra","BORGES aceite de oliva virgen extra picual botella 750 ml"],"general_information":["Denominación del alimento: Aceite de oliva Virgen Extra Picual.","País de origen: España","Nombre del operador: Borges Branded Foods, SLU.","Dirección del operador: Avda. Josep Trepat, s/n 25300 Tárrega (Lérida).","Lugar de procedencia del alimento: España","Cantidad Neta: 750 Mililitros"],"ingredients":[" Aceite de oliva Virgen Extra."],"conservation":" Almacenar en un lugar fresco y seco, lejos de la luz solar. Cerrar despues de cada uso.","ean":"8410179100845"},{"full_name":"BORGES Afrutado aceite de oliva virgen extra Arbequina botella 500 ml","name":"Afrutado aceite de oliva virgen extra Arbequina botella 500 ml","brand":"BORGES ","img":"https://sgfm.elcorteingles.es/SGFM/dctm/MEDIA02/CONTENIDOS/201507/03/00120903203691____1__600x600.jpg","price":"3,75 €","price_unit":"(7,50 € / Litro)","categories":["Supermercado","Alimentación General","Aceites","Aceite de oliva virgen extra","BORGES Afrutado aceite de oliva virgen extra Arbequina botella 500 ml"],"general_information":["Denominación del alimento: Aceite de oliva Virgen Extra Arbequina.","País de origen: España","Nombre del operador: Borges Branded Foods, SLU.","Dirección del operador: Avda. Josep Trepat, s/n 25300 Tárrega (Lérida).","Lugar de procedencia del alimento: España","Cantidad Neta: 500 Mililitros"],"ingredients":[" Aceite de oliva Virgen Extra"],"conservation":" Almacenar en un lugar fresco y seco, lejos de la luz solar. Cerrar despues de cada uso.","ean":"8410179100357"},{"full_name":"BORGES aceite de oliva virgen extra ecológico botella 500 ml","name":"aceite de oliva virgen extra ecológico botella 500 ml","brand":"BORGES ","img":"https://sgfm.elcorteingles.es/SGFM/01/91/9/0120903201919/0120903201919000g01011.jpg","price":"7,43 €","price_unit":"(14,86 € / Litro)","categories":["Supermercado","Alimentación General","Aceites","Aceite de oliva virgen extra","BORGES aceite de oliva virgen extra ecológico botella 500 ml"],"general_information":["Denominación del alimento: Aceite de oliva virgen extra ecologico.","País de origen: España","Nombre del operador: Borges Branded Foods, SLU.","Dirección del operador: Avda. Josep Trepat, s/n 25300 Tárrega (Lérida).","Lugar de procedencia del alimento: España","Cantidad Neta: 500 Mililitros"],"ingredients":[" Aceite de oliva Virgen Extra ecológico."],"conservation":" Almacenar en un lugar fresco y seco, lejos de la luz solar. Cerrar despues de cada uso.","ean":"8410179100708"},{"full_name":"BORGES Armonía aceite de oliba virgen extra Hojiblanca botella 500 ml","name":"Armonía aceite de oliba virgen extra Hojiblanca botella 500 ml","brand":"BORGES ","img":"https://sgfm.elcorteingles.es/SGFM/dctm/MEDIA02/CONTENIDOS/201507/03/00120903203709____1__600x600.jpg","price":"3,75 €","price_unit":"(7,50 € / Litro)","categories":["Supermercado","Alimentación General","Aceites","Aceite de oliva virgen extra","BORGES Armonía aceite de oliba virgen extra Hojiblanca botella 500 ml"],"general_information":["Denominación del alimento: Aceite de oliva Virgen Extra Hojiblanca.","País de origen: España","Nombre del operador: Borges Branded Foods, SLU.","Dirección del operador: Avda. Josep Trepat, s/n 25300 Tárrega (Lérida).","Lugar de procedencia del alimento: España","Cantidad Neta: 500 Mililitros"],"ingredients":[" Aceite de oliva Virgen Extra"],"conservation":" Almacenar en un lugar fresco y seco, lejos de la luz solar. Cerrar despues de cada uso.","ean":"8410179011295"},{"full_name":"BORGES Carácter aceite de oliva virgen extra Picual botella 500 ml","name":"Carácter aceite de oliva virgen extra Picual botella 500 ml","brand":"BORGES ","img":"https://sgfm.elcorteingles.es/SGFM/dctm/MEDIA02/CONTENIDOS/201507/03/00120903203717____1__600x600.jpg","price":"3,75 €","price_unit":"(7,50 € / Litro)","categories":["Supermercado","Alimentación General","Aceites","Aceite de oliva virgen extra","BORGES Carácter aceite de oliva virgen extra Picual botella 500 ml"],"general_information":["Denominación del alimento: Aceite de oliva Virgen Extra Picual.","País de origen: España","Nombre del operador: Borges Branded Foods, SLU.","Dirección del operador: Avda. Josep Trepat, s/n 25300 Tárrega (Lérida).","Lugar de procedencia del alimento: España","Cantidad Neta: 500 Mililitros"],"ingredients":[" Aceite de oliva Virgen Extra."],"conservation":" Almacenar en un lugar fresco y seco, lejos de la luz solar. Cerrar despues de cada uso.","ean":"8410179011288"},{"full_name":"GERMAN BAENA aceite de oliva virgen extra botella 500 ml","name":"aceite de oliva virgen extra botella 500 ml","brand":"GERMAN BAENA ","img":"https://sgfm.elcorteingles.es/SGFM/00/36/6/0120903200366/0120903200366000g01011.jpg","price":"5,15 €","price_unit":"(10,30 € / Litro)","categories":["Supermercado","Alimentación General","Aceites","Aceite de oliva virgen extra","GERMAN BAENA aceite de oliva virgen extra botella 500 ml"],"general_information":[],"ingredients":[],"ean":"8429547401057"},{"full_name":"OLEOESTEPA aceite de oliva virgen extra D.O. Estepa bidón 5 l","name":"aceite de oliva virgen extra D.O. Estepa bidón 5 l","brand":"OLEOESTEPA ","img":"https://sgfm.elcorteingles.es/SGFM//00/42/7/0120904000427/0120904000427000g01011.jpg","price":"24,95 €","price_unit":"(4,99 € / Litro)","categories":["Supermercado","Alimentación General","Aceites","Aceite de oliva virgen extra","OLEOESTEPA aceite de oliva virgen extra D.O. Estepa bidón 5 l"],"general_information":["Denominación del alimento: Aceite de Oliva Virgen Extra","Nombre del operador: Oleoestepa S.C.A.","Dirección del operador: P.I. Sierra Sur, C/El Olivo s/n 41560 Estepa - Sevilla","Lugar de procedencia del alimento: D.O. Estepa","Cantidad Neta: 5000 Mililitros","Otras menciones obligatorias en la etiqueta: Aceite de oliva de categoría superior obtenido directamente de aceitunas y sólo mediante procedimientos mecánicos."],"ingredients":[],"conservation":" Conservar en lugar fresco, seco y alejado de la luz.","ean":"8422975000014"},{"full_name":"OLEOESTEPA aceite de oliva virgen extra D.O. Estepa botella 1 l","name":"aceite de oliva virgen extra D.O. Estepa botella 1 l","brand":"OLEOESTEPA ","img":"https://sgfm.elcorteingles.es/SGFM/dctm/MEDIA03/201710/09/00120903900437____1__600x600.jpg","price":"5,49 €","price_unit":"(5,49 € / Litro)","categories":["Supermercado","Alimentación General","Aceites","Aceite de oliva virgen extra","OLEOESTEPA aceite de oliva virgen extra D.O. Estepa botella 1 l"],"general_information":["Denominación del alimento: Aceite de Oliva Virgen Extra","Nombre del operador: Oleoestepa S.C.A.","Dirección del operador: P.I. Sierra Sur, C/El Olivo s/n 41560 Estepa - Sevilla","Lugar de procedencia del alimento: D.O. Estepa","Cantidad Neta: 1000 Mililitros","Otras menciones obligatorias en la etiqueta: Aceite de oliva de categoría superior obtenido directamente de aceitunas y sólo mediante procedimientos mecánicos."],"ingredients":[],"conservation":" Conservar en lugar fresco, seco y alejado de la luz.","ean":"8422975000069"},{"full_name":"OLEOESTEPA aceite de oliva virgen extra D.O. Estepa botella 750 ml","name":"aceite de oliva virgen extra D.O. Estepa botella 750 ml","brand":"OLEOESTEPA ","img":"https://sgfm.elcorteingles.es/SGFM/dctm/MEDIA02/CONTENIDOS/201504/29/00120903203139____1__600x600.jpg","price":"7,65 €","price_unit":"(10,20 € / Litro)","categories":["Supermercado","Alimentación General","Aceites","Aceite de oliva virgen extra","OLEOESTEPA aceite de oliva virgen extra D.O. Estepa botella 750 ml"],"general_information":["Denominación del alimento: Aceite de Oliva Virgen Extra","Nombre del operador: Oleoestepa S.C.A.","Dirección del operador: P.I. Sierra Sur, C/El Olivo s/n 41560 Estepa - Sevilla","Lugar de procedencia del alimento: D.O. Estepa","Cantidad Neta: 750 Mililitros","Otras menciones obligatorias en la etiqueta: Aceite de oliva de categoría superior obtenido directamente de aceitunas y sólo mediante procedimientos mecánicos."],"ingredients":[],"conservation":" Conservar en lugar fresco, seco y alejado de la luz.","ean":"8422975006009"},{"full_name":"OLEOESTEPA aceite de oliva virgen extra Hojiblanca D.O. Estepa botella 750 ml","name":"aceite de oliva virgen extra Hojiblanca D.O. Estepa botella 750 ml","brand":"OLEOESTEPA ","img":"https://sgfm.elcorteingles.es/SGFM/dctm/MEDIA03/201604/26/00120903203758____3__600x600.jpg","price":"8,65 €","price_unit":"(11,53 € / Litro)","categories":["Supermercado","Alimentación General","Aceites","Aceite de oliva virgen extra","OLEOESTEPA aceite de oliva virgen extra Hojiblanca D.O. Estepa botella 750 ml"],"general_information":["Denominación del alimento: Aceite de Oliva Virgen Extra","Nombre del operador: Oleoestepa S.C.A.","Dirección del operador: P.I. Sierra Sur, C/El Olivo s/n 41560 Estepa - Sevilla","Lugar de procedencia del alimento: D.O. Estepa","Cantidad Neta: 750 Mililitros","Otras menciones obligatorias en la etiqueta: Aceite de oliva de categoría superior obtenido directamente de aceitunas y sólo mediante procedimientos mecánicos."],"ingredients":[],"conservation":" Conservar en lugar fresco, seco y alejado de la luz.","ean":"8422975006023"},{"full_name":"OLEOESTEPA aceite de oliva virgen extra Arbequina D.O. Estepa botella 750 ml","name":"aceite de oliva virgen extra Arbequina D.O. Estepa botella 750 ml","brand":"OLEOESTEPA ","img":"https://sgfm.elcorteingles.es/SGFM/dctm/MEDIA03/201710/10/00120903204426____1__600x600.jpg","price":"7,95 €","price_unit":"(10,60 € / Litro)","categories":["Supermercado","Alimentación General","Aceites","Aceite de oliva virgen extra","OLEOESTEPA aceite de oliva virgen extra Arbequina D.O. Estepa botella 750 ml"],"general_information":[],"ingredients":[],"ean":"8422975006016"},{"full_name":"OLEOESTEPA aceite oliva virgen extra ecológico D.O. Estepa botella 500 ml","name":"aceite oliva virgen extra ecológico D.O. Estepa botella 500 ml","brand":"OLEOESTEPA ","img":"https://sgfm.elcorteingles.es/SGFM/dctm/MEDIA03/201711/29/00120903204434____1__600x600.jpg","price":"8,30 €","price_unit":"(16,60 € / Litro)","categories":["Supermercado","Alimentación General","Aceites","Aceite de oliva virgen extra","OLEOESTEPA aceite oliva virgen extra ecológico D.O. Estepa botella 500 ml"],"general_information":[],"ingredients":[],"ean":"8422975110010"},{"full_name":"ORO BAILEN Reserva Familiar aceite de oliva virgen extra Arbequina lata 2,5 l","name":"Reserva Familiar aceite de oliva virgen extra Arbequina lata 2,5 l","brand":"ORO BAILEN ","img":"https://sgfm.elcorteingles.es/SGFM/dctm/MEDIA02/CONTENIDOS/201505/05/00120903203485____1__600x600.jpg","price":"30,95 €","price_unit":"(12,38 € / Litro)","categories":["Supermercado","Alimentación General","Aceites","Aceite de oliva virgen extra","ORO BAILEN Reserva Familiar aceite de oliva virgen extra Arbequina lata 2,5 l"],"general_information":["Denominación del alimento: Aceite de oliva virgen extra","Nombre del operador: Aceites Oro Bailén Galgon 99, S.L.","Dirección del operador: Crtra Plomeros Casa del agua 23730 Villanueva de la Reina (Jaén)","Cantidad Neta: 2500 Mililitros"],"ingredients":[" Aceite de oliva virgen extra"],"conservation":" Manténgase alejado de la luz y el calor","ean":"8437009466308"},{"full_name":"ORO BAILEN Reserva Familiar aceite de oliva virgen extra Arbequina lata 500 ml","name":"Reserva Familiar aceite de oliva virgen extra Arbequina lata 500 ml","brand":"ORO BAILEN ","img":"https://sgfm.elcorteingles.es/SGFM/dctm/MEDIA03/201701/16/00120903204111____1__600x600.jpg","price":"11,48 €","price_unit":"(22,96 € / Litro)","categories":["Supermercado","Alimentación General","Aceites","Aceite de oliva virgen extra","ORO BAILEN Reserva Familiar aceite de oliva virgen extra Arbequina lata 500 ml"],"general_information":[],"ingredients":[],"ean":"8437009466483"},{"full_name":"ORO BAILEN Reserva Familiar aceite de oliva virgen extra Picual lata 2,5 l","name":"Reserva Familiar aceite de oliva virgen extra Picual lata 2,5 l","brand":"ORO BAILEN ","img":"https://sgfm.elcorteingles.es/SGFM/dctm/MEDIA03/201603/23/00120903202289____1__600x600.jpg","price":"30,95 €","price_unit":"(12,38 € / Litro)","categories":["Supermercado","Alimentación General","Aceites","Aceite de oliva virgen extra","ORO BAILEN Reserva Familiar aceite de oliva virgen extra Picual lata 2,5 l"],"general_information":["Denominación del alimento: Aceite de oliva virgen extra","Nombre del operador: Aceites Oro Bailén Galgon 99, S.L.","Dirección del operador: Crtra Plomeros Casa del agua 23730 Villanueva de la Reina (Jaén)","Cantidad Neta: 2500 Mililitros"],"ingredients":[" Aceite de oliva virgen extra"],"conservation":" Manténgase alejado de la luz y el calor","ean":"8437009466070"},{"full_name":"ORO BAILEN Reserva Familiar aceite de oliva virgen extra Picual lata 500 ml","name":"Reserva Familiar aceite de oliva virgen extra Picual lata 500 ml","brand":"ORO BAILEN ","img":"https://sgfm.elcorteingles.es/SGFM/dctm/MEDIA03/201706/16/00120903203733____1__600x600.jpg","price":"11,48 €","price_unit":"(22,96 € / Litro)","categories":["Supermercado","Alimentación General","Aceites","Aceite de oliva virgen extra","ORO BAILEN Reserva Familiar aceite de oliva virgen extra Picual lata 500 ml"],"general_information":["Denominación del alimento: Aceite de oliva virgen extra","Nombre del operador: Aceites Oro Bailén Galgon 99, S.L.","Dirección del operador: Crtra Plomeros Casa del agua 23730 Villanueva de la Reina (Jaén)","Cantidad Neta: 500 Mililitros"],"ingredients":[" Aceite de oliva virgen extra"],"conservation":" Manténgase alejado de la luz y el calor","ean":"8437009466063"},{"full_name":"ORO BAILEN aceite de oliva virgen extra Reserva Familiar Picual botella 500 ml","name":"aceite de oliva virgen extra Reserva Familiar Picual botella 500 ml","brand":"ORO BAILEN ","img":"https://sgfm.elcorteingles.es/SGFM/00/73/9/0120903200739/0120903200739000g01011.jpg","price":"11,50 €","price_unit":"(23 € / Litro)","categories":["Supermercado","Alimentación General","Aceites","Aceite de oliva virgen extra","ORO BAILEN aceite de oliva virgen extra Reserva Familiar Picual botella 500 ml"],"general_information":["Denominación del alimento: Aceite de oliva virgen extra","Nombre del operador: Aceites Oro Bailén Galgon 99, S.L.","Dirección del operador: Crtra Plomeros Casa del agua 23730 Villanueva de la Reina (Jaén)","Cantidad Neta: 500 Mililitros"],"ingredients":[" Aceite de oliva virgen extra"],"conservation":" Manténgase alejado de la luz y el calor","ean":"8437009466025"},{"full_name":"ORO BAILEN aceite de oliva virgen extra Arbequina botella 500 ml","name":"aceite de oliva virgen extra Arbequina botella 500 ml","brand":"ORO BAILEN ","img":"https://sgfm.elcorteingles.es/SGFM/01/99/2/0120903201992/0120903201992000g01011.jpg","price":"12,04 €","price_unit":"(24,08 € / Litro)","categories":["Supermercado","Alimentación General","Aceites","Aceite de oliva virgen extra","ORO BAILEN aceite de oliva virgen extra Arbequina botella 500 ml"],"general_information":["Denominación del alimento: Aceite de oliva virgen extra","Nombre del operador: Aceites Oro Bailén Galgon 99, S.L.","Dirección del operador: Crtra Plomeros Casa del agua 23730 Villanueva de la Reina (Jaén)","Cantidad Neta: 500 Mililitros"],"ingredients":[" Aceite de oliva virgen extra"],"conservation":" Manténgase alejado de la luz y el calor","ean":"8437009466131"},{"full_name":"CASA DEL AGUA aceite de oliva virgen extra Picual botella 500 ml","name":"aceite de oliva virgen extra Picual botella 500 ml","brand":"CASA DEL AGUA ","img":"https://sgfm.elcorteingles.es/SGFM/dctm/MEDIA03/201711/28/00120903204277____6__600x600.jpg","price":"5,45 €","price_unit":"(10,90 € / Litro)","categories":["Supermercado","Alimentación General","Aceites","Aceite de oliva virgen extra","CASA DEL AGUA aceite de oliva virgen extra Picual botella 500 ml"],"general_information":["Denominación del alimento: Aceite de oliva virgen extra","Nombre del operador: Aceites Oro Bailén Galgon 99, S.L.","Dirección del operador: Crtra Plomeros Casa del agua 23730 Villanueva de la Reina (Jaén)","Cantidad Neta: 500 Mililitros"],"ingredients":[" Aceite de oliva virgen extra"],"conservation":" Manténgase alejado de la luz y el calor","ean":"8437009466544"},{"full_name":"CASA DEL AGUA aceite de oliva virgen extra coupage arbequina y picual botella 500 ml","name":"aceite de oliva virgen extra coupage arbequina y picual botella 500 ml","brand":"CASA DEL AGUA ","img":"https://sgfm.elcorteingles.es/SGFM/dctm/MEDIA03/201711/28/00120903201489____1__600x600.jpg","price":"6,25 €","price_unit":"(12,50 € / Litro)","categories":["Supermercado","Alimentación General","Aceites","Aceite de oliva virgen extra","CASA DEL AGUA aceite de oliva virgen extra coupage arbequina y picual botella 500 ml"],"general_information":["Denominación del alimento: Aceite de oliva virgen extra","Nombre del operador: Aceites Oro Bailén Galgon 99, S.L.","Dirección del operador: Crtra Plomeros Casa del agua 23730 Villanueva de la Reina (Jaén)","Cantidad Neta: 500 Mililitros"],"ingredients":[" Aceite de oliva virgen extra"],"conservation":" Manténgase alejado de la luz y el calor","ean":"8437009466056"},{"full_name":"LUQUE aceite de oliva virgen extra ecológico lata 3 l","name":"aceite de oliva virgen extra ecológico lata 3 l","brand":"LUQUE ","img":"https://sgfm.elcorteingles.es/SGFM/dctm/MEDIA03/201704/20/00120903201844____1__600x600.jpg","price":"34,75 €","price_unit":"(11,58 € / Litro)","categories":["Supermercado","Alimentación General","Aceites","Aceite de oliva virgen extra","LUQUE aceite de oliva virgen extra ecológico lata 3 l"],"general_information":["Denominación del alimento: Aceite de Oliva Virgen Extra Ecológico","Nombre del operador: Alcubilla 2000 S.L.","Dirección del operador: CN 432, Km. 315,8. 14840 - Castro del Río, Córdoba. - España","Cantidad Neta: 3,0 Litros"],"ingredients":[" Aceite de Oliva Virgen Extra Ecológico"],"ean":"8437002696054"},{"full_name":"ABRIL aceite de oliva virgen extra botella 1 l","name":"aceite de oliva virgen extra botella 1 l","brand":"ABRIL ","img":"https://sgfm.elcorteingles.es/SGFM/dctm/MEDIA03/201606/22/00120903900338____1__600x600.jpg","price":"4,71 €","price_unit":"(4,71 € / Litro)","categories":["Supermercado","Alimentación General","Aceites","Aceite de oliva virgen extra","ABRIL aceite de oliva virgen extra botella 1 l"],"general_information":["Denominación del alimento: Aceite de oliva virgen extra","País de origen: España","Nombre del operador: Aceites Abril S.L.","Dirección del operador: Pol. Ind. San Cibrao, C/6, Nº 18 32901 San Cibrao das Viñas Ourense","Cantidad Neta: 1 Litros"],"ingredients":[" Aceite de oliva virgen extra"],"conservation":" Conservar en lugar fresco y seco. Proteger de la luz.","ean":"8436001252223"},{"full_name":"ABRIL Gran Selección aceite de oliva virgen extra botella 1 l","name":"Gran Selección aceite de oliva virgen extra botella 1 l","brand":"ABRIL ","img":"https://sgfm.elcorteingles.es/SGFM/dctm/MEDIA03/201606/22/00120903900353____1__600x600.jpg","price":"5,39 €","price_unit":"(5,39 € / Litro)","categories":["Supermercado","Alimentación General","Aceites","Aceite de oliva virgen extra","ABRIL Gran Selección aceite de oliva virgen extra botella 1 l"],"general_information":["Denominación del alimento: Aceite de oliva virgen extra","País de origen: España","Nombre del operador: Aceites Abril S.L.","Dirección del operador: Pol. Ind. San Cibrao, C/6, Nº 18 32901 San Cibrao das Viñas Ourense","Cantidad Neta: 1 Litros"],"ingredients":[" Aceite de oliva virgen extra"],"conservation":" Conservar en lugar fresco y seco. Proteger de la luz.","ean":"8436001256368"},{"full_name":"ABRIL aceite de oliva virgen extra Arbequina botella 1 l","name":"aceite de oliva virgen extra Arbequina botella 1 l","brand":"ABRIL ","img":"https://sgfm.elcorteingles.es/SGFM/dctm/MEDIA03/201606/22/00120903900668____2__600x600.jpg","price":"5,39 €","price_unit":"(5,39 € / Litro)","categories":["Supermercado","Alimentación General","Aceites","Aceite de oliva virgen extra","ABRIL aceite de oliva virgen extra Arbequina botella 1 l"],"general_information":["Denominación del alimento: Aceite de oliva virgen extra","País de origen: España","Nombre del operador: Aceites Abril S.L.","Dirección del operador: Pol. Ind. San Cibrao, C/6, Nº 18 32901 San Cibrao das Viñas Ourense","Cantidad Neta: 1 Litros"],"ingredients":[" Aceite de oliva virgen extra"],"conservation":" Conservar en lugar fresco y seco. Proteger de la luz.","ean":"8436001258188"},{"full_name":"ABRIL aceite de oliva virgen extra Hojiblanca botella 1 l","name":"aceite de oliva virgen extra Hojiblanca botella 1 l","brand":"ABRIL ","img":"https://sgfm.elcorteingles.es/SGFM/dctm/MEDIA03/201606/22/00120903900643____2__600x600.jpg","price":"5,39 €","price_unit":"(5,39 € / Litro)","categories":["Supermercado","Alimentación General","Aceites","Aceite de oliva virgen extra","ABRIL aceite de oliva virgen extra Hojiblanca botella 1 l"],"general_information":["Denominación del alimento: Aceite de oliva virgen extra","País de origen: España","Nombre del operador: Aceites Abril S.L.","Dirección del operador: Pol. Ind. San Cibrao, C/6, Nº 18 32901 San Cibrao das Viñas Ourense","Cantidad Neta: 1 Litros"],"ingredients":[" Aceite de oliva virgen extra"],"conservation":" Conservar en lugar fresco y seco. Proteger de la luz.","ean":"8436001258164"},{"full_name":"ABRIL aceite de oliva virgen extra Picual botella 1 l","name":"aceite de oliva virgen extra Picual botella 1 l","brand":"ABRIL ","img":"https://sgfm.elcorteingles.es/SGFM/dctm/MEDIA03/201606/22/00120903900650____2__600x600.jpg","price":"5,39 €","price_unit":"(5,39 € / Litro)","categories":["Supermercado","Alimentación General","Aceites","Aceite de oliva virgen extra","ABRIL aceite de oliva virgen extra Picual botella 1 l"],"general_information":["Denominación del alimento: Aceite de oliva virgen extra","País de origen: España","Nombre del operador: Aceites Abril S.L.","Dirección del operador: Pol. Ind. San Cibrao, C/6, Nº 18 32901 San Cibrao das Viñas Ourense","Cantidad Neta: 1 Litros"],"ingredients":[" Aceite de oliva virgen extra"],"conservation":" Conservar en lugar fresco y seco. Proteger de la luz.","ean":"8436001258171"},{"full_name":"ABRIL aceite de oliva virgen extra ecológico botella 500 ml","name":"aceite de oliva virgen extra ecológico botella 500 ml","brand":"ABRIL ","img":"https://sgfm.elcorteingles.es/SGFM/dctm/MEDIA03/201606/22/00120903201901____2__600x600.jpg","price":"4,59 €","price_unit":"(9,18 € / Litro)","categories":["Supermercado","Alimentación General","Aceites","Aceite de oliva virgen extra","ABRIL aceite de oliva virgen extra ecológico botella 500 ml"],"general_information":["Denominación del alimento: Aceite de oliva virgen extra","País de origen: España","Nombre del operador: Aceites Abril S.L.","Dirección del operador: Pol. Ind. San Cibrao, C/6, Nº 18 32901 San Cibrao das Viñas Ourense","Cantidad Neta: 0.5 Litros"],"ingredients":[" Aceite de oliva virgen extra"],"conservation":" Conservar en lugar fresco y seco. Proteger de la luz.","ean":"8436001251424"},{"full_name":"GOTAS DE ABRIL aceite de oliva virgen extra botella 500 ml","name":"aceite de oliva virgen extra botella 500 ml","brand":"GOTAS DE ABRIL ","img":"https://sgfm.elcorteingles.es/SGFM/dctm/MEDIA03/201606/22/00120903202271____1__600x600.jpg","price":"9,35 €","price_unit":"(18,70 € / Litro)","categories":["Supermercado","Alimentación General","Aceites","Aceite de oliva virgen extra","GOTAS DE ABRIL aceite de oliva virgen extra botella 500 ml"],"general_information":["Denominación del alimento: Aceite de oliva virgen extra","País de origen: España","Nombre del operador: Aceites Abril S.L.","Dirección del operador: Pol. Ind. San Cibrao, C/6, Nº 18 32901 San Cibrao das Viñas Ourense","Cantidad Neta: 0.5 Litros"],"ingredients":[" Aceite de oliva virgen extra"],"conservation":" Conservar en lugar fresco y seco. Proteger de la luz.","ean":"8436001257853"},{"full_name":"OLIVAR DE SEGURA aceite de oliva virgen extra 5 l","name":"aceite de oliva virgen extra  5 l","brand":"OLIVAR DE SEGURA ","img":"https://sgfm.elcorteingles.es/SGFM/dctm/MEDIA03/201609/16/00200404000531____1__600x600.jpg","price":"28,55 €","price_unit":"(5,71 € / Litro)","categories":["Supermercado","Alimentación General","Aceites","Aceite de oliva virgen extra","OLIVAR DE SEGURA aceite de oliva virgen extra 5 l"],"general_information":["Denominación del alimento: Aceite de Oliva Virgen Extra.","Nombre del operador: Olivar de Segura, SCA.","Dirección del operador: Ctra. Córdoba a Valencia s/n. Puente de Génave 23350. Jaén.","Lugar de procedencia del alimento: Puente de Génave, Jaén.","Cantidad Neta: 5 Litros","Número de raciones por envase: 500","Otras menciones obligatorias en la etiqueta: Aceite de Oliva Virgen Extra: Aceite de oliva de categoria superior obtenido directamente de aceitunas y sólo mediante procedimientos mecánicos."],"ingredients":[" Aceite de Oliva Virgen Extra."],"conservation":" Conservar en lugar fresco y oscuro.","ean":"8423036001070"},{"full_name":"OLIVAR DE SEGURA aceite de oliva virgen extra botella 1 l","name":"aceite de oliva virgen extra botella 1 l","brand":"OLIVAR DE SEGURA ","img":"https://sgfm.elcorteingles.es/SGFM/dctm/MEDIA03/201702/13/00120903900684____2__600x600.jpg","price":"6,25 €","price_unit":"(6,25 € / Litro)","categories":["Supermercado","Alimentación General","Aceites","Aceite de oliva virgen extra","OLIVAR DE SEGURA aceite de oliva virgen extra botella 1 l"],"general_information":["Denominación del alimento: Aceite de Oliva Virgen Extra","Nombre del operador: Olivar de Segura, SCA.","Dirección del operador: Ctra. Córdoba a Valencia s/n","Lugar de procedencia del alimento: Puente de Génave, Sierra de Segura. Jaén.","Cantidad Neta: 1 Litros","Número de raciones por envase: 100","Otras menciones obligatorias en la etiqueta: Aceite de Oliva Virgen Extra: Aceite de oliva de categoria superior obtenida directamente de aceitunas y sólo mediante procedimientos mecánicos."],"ingredients":[" Aceite de Oliva Virgen Extra"],"conservation":" Conservar en lugar fresco y oscuro","ean":"8423036000158"},{"full_name":"OLIVAR DE SEGURA aceite de oliva virgen extra ecológico botella 1 l","name":"aceite de oliva virgen extra ecológico botella 1 l","brand":"OLIVAR DE SEGURA ","img":"https://sgfm.elcorteingles.es/SGFM/dctm/MEDIA03/201709/21/00120903900775____6__600x600.jpg","price":"7,99 €","price_unit":"(7,99 € / Litro)","categories":["Supermercado","Alimentación General","Aceites","Aceite de oliva virgen extra","OLIVAR DE SEGURA aceite de oliva virgen extra ecológico botella 1 l"],"general_information":["Denominación del alimento: Aceite de Oliva Virgen Extra Ecológico.","Nombre del operador: Coop. Sierra de Génave. (Olivar de Segura, SCA).","Dirección del operador: Avda. de la Estación s/n. Génave. España","Lugar de procedencia del alimento: Puente de Génave, Sierra de Segura. Jaén.","Cantidad Neta: 1 Litros","Número de raciones por envase: 67","Otras menciones obligatorias en la etiqueta: Aceite de Oliva Virgen Extra: Aceite de oliva de categoria superior obtenido directamente de aceitunas y sólo mediante procedimientos mecánicos."],"ingredients":[" Aceite de oliva Virgen Extra Ecológico."],"conservation":" Conservar en lugar fresco y oscuro","ean":"8423036001605"},{"full_name":"OLIVAR DE SEGURA SAQURA aceite de oliva virgen extra Recolección Temprana botella 500 ml","name":"SAQURA aceite de oliva virgen extra Recolección Temprana botella 500 ml","brand":"OLIVAR DE SEGURA ","img":"https://sgfm.elcorteingles.es/SGFM/dctm/MEDIA03/201709/15/00120903204376____1__600x600.jpg","price":"9,49 €","price_unit":"(18,98 € / Litro)","categories":["Supermercado","Alimentación General","Aceites","Aceite de oliva virgen extra","OLIVAR DE SEGURA SAQURA aceite de oliva virgen extra Recolección Temprana botella 500 ml"],"general_information":[],"ingredients":[],"ean":"8423036002060"},{"full_name":"OLIVAR DE SEGURA aceite de oliva virgen extra ecológico Denominación de Origen Sierra de Segura botella 500 ml","name":"aceite de oliva virgen extra ecológico Denominación de Origen Sierra de Segura botella 500 ml","brand":"OLIVAR DE SEGURA ","img":"https://sgfm.elcorteingles.es/SGFM/dctm/MEDIA03/201709/15/00120903204384____1__600x600.jpg","price":"14,95 €","price_unit":"(29,90 € / Litro)","categories":["Supermercado","Alimentación General","Aceites","Aceite de oliva virgen extra","OLIVAR DE SEGURA aceite de oliva virgen extra ecológico Denominación de Origen Sierra de Segura botella 500 ml"],"general_information":[],"ingredients":[],"ean":"8423036002084"},{"full_name":"CASA DE ALBA aceite de oliva virgen extra Premium variedad Picual estuche 2 botellas 500 ml","name":"aceite de oliva virgen extra Premium variedad Picual estuche 2 botellas 500 ml","brand":"CASA DE ALBA ","img":"https://sgfm.elcorteingles.es/SGFM/dctm/MEDIA02/CONTENIDOS/201511/30/00120903203352____3__600x600.jpg","price":"18,95 €","price_unit":"(18,95 € / Litro)","categories":["Supermercado","Alimentación General","Aceites","Aceite de oliva virgen extra","CASA DE ALBA aceite de oliva virgen extra Premium variedad Picual estuche 2 botellas 500 ml"],"general_information":[],"ingredients":[],"ean":"8437013313070"},{"full_name":"CASA DE ALBA Duquesa aceite de virgen extra Picual lata 500 ml","name":"Duquesa aceite de virgen extra Picual lata 500 ml","brand":"CASA DE ALBA ","img":"https://sgfm.elcorteingles.es/SGFM/dctm/MEDIA03/201604/26/00200403202500____1__600x600.jpg","price":"10,40 €","categories":["Supermercado","Alimentación General","Aceites","Aceite de oliva virgen extra","CASA DE ALBA Duquesa aceite de virgen extra Picual lata 500 ml"],"general_information":[],"ingredients":[],"ean":"8437013313414"},{"full_name":"CASA DE ALBA Alter Ego aceite de oliva virgen extra Picual botella 500 ml","name":"Alter Ego aceite de oliva virgen extra Picual botella 500 ml","brand":"CASA DE ALBA ","img":"https://sgfm.elcorteingles.es/SGFM/dctm/MEDIA03/201710/10/00120903204392____1__600x600.jpg","price":"8,87 €","categories":["Supermercado","Alimentación General","Aceites","Aceite de oliva virgen extra","CASA DE ALBA Alter Ego aceite de oliva virgen extra Picual botella 500 ml"],"general_information":[],"ingredients":[],"ean":"8437013313056"},{"full_name":"LA CUISINE ORGANIC aceite de oliva virgen extra lata 3 l","name":"aceite de oliva virgen extra lata 3 l","brand":"LA CUISINE ORGANIC ","img":"https://sgfm.elcorteingles.es/SGFM/dctm/MEDIA03/201711/10/00120903204764____1__600x600.jpg","price":"29,65 €","price_unit":"(9,88 € / Kilo)","categories":["Supermercado","Alimentación General","Aceites","Aceite de oliva virgen extra","LA CUISINE ORGANIC aceite de oliva virgen extra lata 3 l"],"general_information":[],"ingredients":[],"ean":"8437005613454"},{"full_name":"LA CUISINE ORGANIC aceite de oliva virgen extra botella 500 ml","name":"aceite de oliva virgen extra botella 500 ml","brand":"LA CUISINE ORGANIC ","img":"https://sgfm.elcorteingles.es/SGFM/dctm/MEDIA03/201710/26/00120903201927____2__600x600.jpg","price":"6,29 €","price_unit":"(12,58 € / Litro)","categories":["Supermercado","Alimentación General","Aceites","Aceite de oliva virgen extra","LA CUISINE ORGANIC aceite de oliva virgen extra botella 500 ml"],"general_information":["Denominación del alimento: Aceite de oliva virgen extra orgánico","Nombre del operador: La Amarilla de Ronda S.A","Dirección del operador: C/ Velázquez 53 6º 28001 (Madrid) España","Cantidad Neta: 500,0 Mililitros","Otras menciones obligatorias en la etiqueta: Variedades de aceituna: Picual, Arbequina, Hojiblanca y Picudo. #Acidez: 0.20° de acidez."],"ingredients":[" Aceite de oliva virgen extra orgánico."],"conservation":" Conservar en frío, ambiente seco y protegido de la luz.","ean":"8437005613386"},{"full_name":"CASTILLO DE TABERNAS aceite de oliva virgen extra Picual del Desierto botella 500 ml","name":"aceite de oliva virgen extra Picual del Desierto botella 500 ml","brand":"CASTILLO DE TABERNAS ","img":"https://sgfm.elcorteingles.es/SGFM/dctm/MEDIA03/201611/04/00120903200473____2__600x600.jpg","price":"7,45 €","price_unit":"(14,90 € / Litro)","categories":["Supermercado","Alimentación General","Aceites","Aceite de oliva virgen extra","CASTILLO DE TABERNAS aceite de oliva virgen extra Picual del Desierto botella 500 ml"],"general_information":["Denominación del alimento: Aceite","Nombre del operador: Olivar del Desierto, S.L.","Dirección del operador: Paseo de Almería, 1 - 04001 Almería","Cantidad Neta: 500,0 Mililitros","Otras menciones obligatorias en la etiqueta: Selección Gourmet. Extracción en frío. Acidez 0.1°."],"ingredients":[" Aceite de oliva virgen extra"],"ean":"8436008970168"},{"full_name":"OLIESPAL aceite de oliva virgen extra botella 500 ml","name":"aceite de oliva virgen extra botella 500 ml","brand":"OLIESPAL ","img":"https://sgfm.elcorteingles.es/SGFM/dctm/MEDIA02/CONTENIDOS/201410/02/00120903201042____1__600x600.jpg","price":"3,23 €","price_unit":"(6,46 € / Litro)","categories":["Supermercado","Alimentación General","Aceites","Aceite de oliva virgen extra","OLIESPAL aceite de oliva virgen extra botella 500 ml"],"general_information":["Denominación del alimento: Aceite de Oliva Virgen Extra","Nombre del operador: Coop. Oleicola Alto Palancia Coop. 2G.V","Dirección del operador: Avda. Valencia, 49","Lugar de procedencia del alimento: DOP Aceite de la Comunitat Valenciana","Cantidad Neta: 500 Mililitros","Otras menciones obligatorias en la etiqueta: Aceite de oliva virgen extra, variedad autóctona Serrana de Espadán. Aceite monovarietal que presenta aromas frescos y sabor afrutado, dulce y suave."],"ingredients":[" 100% zumo de aceituna"],"conservation":" Conservar en lugar seco, fresco y alejado de la luz.","ean":"8437004929143"},{"full_name":"ARBOLEDA aceite de oliva virgen extra D.O. Bajo Aragón botella 500 ml","name":"aceite de oliva virgen extra D.O. Bajo Aragón botella 500 ml","brand":"ARBOLEDA ","img":"https://sgfm.elcorteingles.es/SGFM/00/32/5/0120903200325/0120903200325000g01011.jpg","price":"6,33 €","price_unit":"(12,66 € / Litro)","categories":["Supermercado","Alimentación General","Aceites","Aceite de oliva virgen extra","ARBOLEDA aceite de oliva virgen extra D.O. Bajo Aragón botella 500 ml"],"general_information":["Denominación del alimento: Aceite Virgen Extra","Nombre del operador: La Calandina S.C.L.","Dirección del operador: Avda. Autonomía Aragonesa 80- Calanda- 44570- Teruel","Lugar de procedencia del alimento: Denominación de Origen Aceite del Bajo Aragón","Cantidad Neta: 500 Mililitros"],"ingredients":[],"conservation":" Conservar lugar fresco, seco y sin luz.","ean":"8423089000051"},{"full_name":"OLIVECLUB Selección Mejores aceites virgen extra pack Evooleum 10 botellas 50 ml + Guía Evooleum","name":"Selección Mejores aceites virgen extra pack Evooleum 10 botellas 50 ml","brand":"OLIVECLUB ","img":"https://sgfm.elcorteingles.es/SGFM/dctm/MEDIA03/201709/26/00120903500666____1__600x600.jpg","price":"69,95 €            ","price_unit":"(24,98 € / Kilo)","categories":["Supermercado","Alimentación General","Aceites","Aceite de oliva virgen extra","OLIVECLUB Selección Mejores aceites virgen extra pack Evooleum 10 botellas 50 ml + Guía Evooleum"],"general_information":[],"ingredients":[],"ean":"8436569350188"},{"full_name":"LA BOELLA aceite de oliva virgen extra Arbequina botella 500 ml","name":"aceite de oliva virgen extra Arbequina botella 500 ml","brand":"LA BOELLA ","img":"https://sgfm.elcorteingles.es/SGFM/dctm/MEDIA02/CONTENIDOS/201504/29/00120903200309____1__600x600.jpg","price":"8,45 €","price_unit":"(16,90 € / Litro)","categories":["Supermercado","Alimentación General","Aceites","Aceite de oliva virgen extra","LA BOELLA aceite de oliva virgen extra Arbequina botella 500 ml"],"general_information":["Denominación del alimento: Aceite oliva virgen extra Arbequina","Nombre del operador: Selfoods SAU","Dirección del operador: El Rebato s/n 08739 SUBIRATS (Barcelona)","Cantidad Neta: 0.5 Litros"],"ingredients":[" 100% aceite Arbequina."],"conservation":" Conservar en lugar fresco y oscuro","ean":"8437001175024"},{"full_name":"DUQUE DE BAENA aceite de oliva virgen extra D.O. Baena botella 500 ml","name":"aceite de oliva virgen extra D.O. Baena botella 500 ml","brand":"DUQUE DE BAENA ","img":"https://sgfm.elcorteingles.es/SGFM/dctm/MEDIA03/201610/21/00120903200358____1__600x600.jpg","price":"5,30 €","price_unit":"(10,60 € / Litro)","categories":["Supermercado","Alimentación General","Aceites","Aceite de oliva virgen extra","DUQUE DE BAENA aceite de oliva virgen extra D.O. Baena botella 500 ml"],"general_information":[],"ingredients":[],"ean":"8429547601051"},{"full_name":"MIRO aceite de oliva virgen extra D.O. Siurana botella 500 ml","name":"aceite de oliva virgen extra D.O. Siurana botella 500 ml","brand":"MIRO ","img":"https://sgfm.elcorteingles.es/SGFM/dctm/MEDIA02/CONTENIDOS/201511/16/00120903203881____1__600x600.jpg","price":"9,90 €","categories":["Supermercado","Alimentación General","Aceites","Aceite de oliva virgen extra","MIRO aceite de oliva virgen extra D.O. Siurana botella 500 ml"],"general_information":["Denominación del alimento: Aceite de oliva virgen extra","Nombre del operador: Olis de Catalunya, S.L.","Dirección del operador: Carrer Joan Oliver, 16 - C.P. 43206 Reus (Tarragona)","Cantidad Neta: 500 Mililitros"],"ingredients":[],"ean":"8411045601053"},{"full_name":"NUÑEZ DE PRADO aceite de oliva virgen extra ecológico D.O. Baena botella 500 ml","name":"aceite de oliva virgen extra ecológico D.O. Baena botella 500 ml","brand":"NUÑEZ DE PRADO ","img":"https://sgfm.elcorteingles.es/SGFM/01/80/2/0120903201802/0120903201802000g01011.jpg","price":"8,43 €","price_unit":"(16,86 € / Litro)","categories":["Supermercado","Alimentación General","Aceites","Aceite de oliva virgen extra","NUÑEZ DE PRADO aceite de oliva virgen extra ecológico D.O. Baena botella 500 ml"],"general_information":[],"ingredients":[],"ean":"8432511000026"},{"full_name":"AGUSTIN FORNOS aceite de oliva virgen extra Templarius 100% farga milenario botella 500 ml","name":"aceite de oliva virgen extra Templarius 100% farga milenario botella 500 ml","brand":"AGUSTIN FORNOS ","img":"https://sgfm.elcorteingles.es/SGFM/dctm/MEDIA03/201711/08/00120903204491____1__600x600.jpg","price":"14,50 €","price_unit":"(29 € / Litro)","categories":["Supermercado","Alimentación General","Aceites","Aceite de oliva virgen extra","AGUSTIN FORNOS aceite de oliva virgen extra Templarius 100% farga milenario botella 500 ml"],"general_information":["Denominación del alimento: Templarius limitada Aceite oliva virgen extra Farga","Nombre del operador: Agustín Fornós Royo","Dirección del operador: C/ Monasterio de Veruela, 7 , 50583 Trasmoz del Moncayo, Zaragoza.","Cantidad Neta: 500 Mililitros","Otras menciones obligatorias en la etiqueta: Sin filtrar, por lo que puede producirse un pequeño poso que no afecta a la calidad."],"ingredients":[" Aceite de oliva virgen extra Farga."],"conservation":" Conservar en lugar fresco y seco.","ean":"8437014671018"},{"full_name":"ORO DE GENAVE aceite de oliva virgen extra ecológico botella 750 ml","name":"aceite de oliva virgen extra ecológico botella 750 ml","brand":"ORO DE GENAVE ","img":"https://sgfm.elcorteingles.es/SGFM/dctm/MEDIA03/201709/15/00120903204343____1__600x600.jpg","price":"6,83 €","price_unit":"(9,11 € / Litro)","categories":["Supermercado","Alimentación General","Aceites","Aceite de oliva virgen extra","ORO DE GENAVE aceite de oliva virgen extra ecológico botella 750 ml"],"general_information":["Denominación del alimento: Aceite de Oliva Virgen Extra Ecológico","Nombre del operador: Coop. Sierra de Génave. (Olivar de Segura, SCA).","Dirección del operador: Avda. de la Estación s/n. Génave. España","Lugar de procedencia del alimento: Puente de Génave, Sierra de Segura. Jaén.","Cantidad Neta: 750 Mililitros","Número de raciones por envase: 25","Otras menciones obligatorias en la etiqueta: Aceite de Oliva Virgen Extra: Aceite de oliva de categoria superior obtenido directamente de aceitunas y sólo mediante procedimientos mecánicos."],"ingredients":[" Aceite de Oliva Virgen Extra"],"conservation":" Conservar en lugar fresco y oscuro","ean":"8423036000073"},{"full_name":"ORO DE GENAVE aceite de oliva virgen extra ecológico Selección botella 500 ml","name":"aceite de oliva virgen extra ecológico Selección botella 500 ml","brand":"ORO DE GENAVE ","img":"https://sgfm.elcorteingles.es/SGFM/dctm/MEDIA03/201709/08/00120903204335____1__600x600.jpg","price":"7,49 €","price_unit":"(14,98 € / Litro)","categories":["Supermercado","Alimentación General","Aceites","Aceite de oliva virgen extra","ORO DE GENAVE aceite de oliva virgen extra ecológico Selección botella 500 ml"],"general_information":[],"ingredients":[],"ean":"8423036002077"},{"full_name":"SEÑORIO DE JAIME ROSELL aceite de oliva virgen extra Arbequina botella 500 ml","name":"aceite de oliva virgen extra Arbequina botella 500 ml","brand":"SEÑORIO DE JAIME ROSELL ","img":"https://sgfm.elcorteingles.es/SGFM/dctm/MEDIA02/CONTENIDOS/201504/29/00120903201224____1__600x600.jpg","price":"6,65 €","price_unit":"(13,30 € / Litro)","categories":["Supermercado","Alimentación General","Aceites","Aceite de oliva virgen extra","SEÑORIO DE JAIME ROSELL aceite de oliva virgen extra Arbequina botella 500 ml"],"general_information":["Denominación del alimento: Aceite de oliva virgen extra","País de origen: España","Nombre del operador: Beneoliva S.C.V.L.","Dirección del operador: C/Alquibla 6, 03390 Benejúzar - Alicante","Lugar de procedencia del alimento: España","Cantidad Neta: 500,0 Mililitros","Otras menciones obligatorias en la etiqueta: NOTAS DE CATA: aceite de intensidad de \"frutado\" alto con equilibrio entre atributos de \"frutas verdes\" y \"maduras\". Dentro del atributo \"verde\" predomina el \"verde hierba\", combinándose este con la \"almendra\". En boca, es un aceite con intensidades ligeras de \"amargo\" y \"picante\" que marcan en él características dulces. También se percibe en boca, la presencia de notas a \"plátano\", que contribuyen a hacer un conjunto equilibrado. MAXIMUM. Variedad Arbequina. Extracción en frío. net. cont. 16.90 fl.oz."],"ingredients":[],"conservation":" Conservar protegido de la luz en ambiente fresco y seco.","ean":"8437011117021"},{"full_name":"PIEDRAS CUCAS aceite de oliva virgen extra lata 3 l","name":"aceite de oliva virgen extra lata 3 l","brand":"PIEDRAS CUCAS ","img":"https://sgfm.elcorteingles.es/SGFM/00/64/8/0120903200648/0120903200648000g01011.jpg","price":"27,65 €","price_unit":"(9,22 € / Litro)","categories":["Supermercado","Alimentación General","Aceites","Aceite de oliva virgen extra","PIEDRAS CUCAS aceite de oliva virgen extra lata 3 l"],"general_information":[],"ingredients":[],"ean":"8437003839894"},{"full_name":"MARQUES DE GRIÑON DUO aceite de oliva virgen extra arbequina botella 500 ml","name":"DUO aceite de oliva virgen extra arbequina botella 500 ml","brand":"MARQUES DE GRIÑON ","img":"https://sgfm.elcorteingles.es/SGFM/dctm/MEDIA02/CONTENIDOS/201504/29/00120903203394____1__600x600.jpg","price":"7,79 €","price_unit":"(15,58 € / Litro)","categories":["Supermercado","Alimentación General","Aceites","Aceite de oliva virgen extra","MARQUES DE GRIÑON DUO aceite de oliva virgen extra arbequina botella 500 ml"],"general_information":["Denominación del alimento: Aceite oliva virgen extra","Nombre del operador: Marqués de Griñón Family Estates, S.A.","Dirección del operador: Finca Casa de Vacas CM 4015 km 23, 45692 Malpica de Tajo,  Toledo","Cantidad Neta: 500 Mililitros","Otras menciones obligatorias en la etiqueta: Variedad de aceituna, Arbequina"],"ingredients":[" Aceite de oliva virgen extra"],"conservation":" En un lugar oscuro y a una temperatura entre 15° y 20°C.","ean":"8424767000578"},{"full_name":"MARQUES DE GRIÑON DUO aceite de oliva virgen extra mezcla arbequina y picual botella 500 ml","name":"DUO aceite de oliva virgen extra mezcla arbequina y picual botella 500 ml","brand":"MARQUES DE GRIÑON ","img":"https://sgfm.elcorteingles.es/SGFM/dctm/MEDIA02/CONTENIDOS/201501/07/00120903203378____2__600x600.jpg","price":"7,79 €","price_unit":"(15,58 € / Litro)","categories":["Supermercado","Alimentación General","Aceites","Aceite de oliva virgen extra","MARQUES DE GRIÑON DUO aceite de oliva virgen extra mezcla arbequina y picual botella 500 ml"],"general_information":["Denominación del alimento: Aceite oliva virgen extra","Nombre del operador: Marqués de Griñón Family Estates, S.A.","Dirección del operador: Finca Casa de Vacas CM 4015 km 23, 45692 Malpica de Tajo,  Toledo","Cantidad Neta: 500 Mililitros","Otras menciones obligatorias en la etiqueta: Variedad de aceituna, Arbequina y Picual"],"ingredients":[" Aceite de oliva virgen extra"],"conservation":" En un lugar oscuro y a una temperatura entre 15° y 20°C.","ean":"8424767000592"},{"full_name":"MARQUES DE GRIÑON DUO aceite de oliva virgen extra picual botella 500 ml","name":"DUO aceite de oliva virgen extra picual botella 500 ml","brand":"MARQUES DE GRIÑON ","img":"https://sgfm.elcorteingles.es/SGFM/dctm/MEDIA02/CONTENIDOS/201504/29/00120903203386____1__600x600.jpg","price":"7,79 €","price_unit":"(15,58 € / Litro)","categories":["Supermercado","Alimentación General","Aceites","Aceite de oliva virgen extra","MARQUES DE GRIÑON DUO aceite de oliva virgen extra picual botella 500 ml"],"general_information":["Denominación del alimento: Aceite oliva virgen extra","Nombre del operador: Marqués de Griñón Family Estates, S.A.","Dirección del operador: Finca Casa de Vacas CM 4015 km 23, 45692 Malpica de Tajo,  Toledo","Cantidad Neta: 500 Mililitros","Otras menciones obligatorias en la etiqueta: Varietadad de aceituna, Picual"],"ingredients":[" Aceite de oliva virgen extra"],"conservation":" En un lugar oscuro y a una temperatura entre 15° y 20°C.","ean":"8424767000561"},{"full_name":"URZANTE aceite de oliva virgen extra Hojiblanca botella 1 l","name":"aceite de oliva virgen extra Hojiblanca botella 1 l","brand":"URZANTE ","img":"https://sgfm.elcorteingles.es/SGFM/dctm/MEDIA03/201605/18/00120903900361____1__600x600.jpg","price":"5,76 €","price_unit":"(5,76 € / Litro)","categories":["Supermercado","Alimentación General","Aceites","Aceite de oliva virgen extra","URZANTE aceite de oliva virgen extra Hojiblanca botella 1 l"],"general_information":[],"ingredients":[],"ean":"8423243900104"},{"full_name":"URZANTE aceite de oliva virgen extra Picual botella 1 l","name":"aceite de oliva virgen extra Picual botella 1 l","brand":"URZANTE ","img":"https://sgfm.elcorteingles.es/SGFM/dctm/MEDIA03/201605/18/00120903900379____1__600x600.jpg","price":"5,76 €","price_unit":"(5,76 € / Litro)","categories":["Supermercado","Alimentación General","Aceites","Aceite de oliva virgen extra","URZANTE aceite de oliva virgen extra Picual botella 1 l"],"general_information":[],"ingredients":[],"ean":"8423243114181"},{"full_name":"URZANTE aceite de oliva virgen extra Arbequina botella 1 l","name":"aceite de oliva virgen extra Arbequina botella 1 l","brand":"URZANTE ","img":"https://sgfm.elcorteingles.es/SGFM/dctm/MEDIA03/201703/28/00120903900130____2__600x600.jpg","price":"5,76 €","price_unit":"(5,76 € / Litro)","categories":["Supermercado","Alimentación General","Aceites","Aceite de oliva virgen extra","URZANTE aceite de oliva virgen extra Arbequina botella 1 l"],"general_information":[],"ingredients":[],"ean":"8423243002013"},{"full_name":"URZANTE aceite de oliva virgen extra Gran Selección botella 750 ml","name":"aceite de oliva virgen extra Gran Selección botella 750 ml","brand":"URZANTE ","img":"https://sgfm.elcorteingles.es/SGFM/dctm/MEDIA03/201703/28/00120903204095____1__600x600.jpg","price":"5,49 €","price_unit":"(7,32 € / Litro)","categories":["Supermercado","Alimentación General","Aceites","Aceite de oliva virgen extra","URZANTE aceite de oliva virgen extra Gran Selección botella 750 ml"],"general_information":[],"ingredients":[],"ean":"8423243237187"},{"full_name":"TRUJAL OLIVAR DE LA RIVERA aceite de oliva virgen extra D.O. Aceite de Navarra botella 750 ml","name":"aceite de oliva virgen extra D.O. Aceite de Navarra botella 750 ml","brand":"TRUJAL OLIVAR DE LA RIVERA ","img":"https://sgfm.elcorteingles.es/SGFM/dctm/MEDIA03/201703/28/00120903204103____1__600x600.jpg","price":"4,99 €","price_unit":"(6,65 € / Litro)","categories":["Supermercado","Alimentación General","Aceites","Aceite de oliva virgen extra","TRUJAL OLIVAR DE LA RIVERA aceite de oliva virgen extra D.O. Aceite de Navarra botella 750 ml"],"general_information":[],"ingredients":[],"ean":"8423243545664"},{"full_name":"OLEAURUM aceite de oliva virgen extra D.O. Siurana botella 750 ml","name":"aceite de oliva virgen extra D.O. Siurana botella 750 ml","brand":"OLEAURUM ","img":"https://sgfm.elcorteingles.es/SGFM/00/42/4/0120903200424/0120903200424000g01011.jpg","price":"9,19 €            ","price_unit":"(11,80 € / Litro)","categories":["Supermercado","Alimentación General","Aceites","Aceite de oliva virgen extra","OLEAURUM aceite de oliva virgen extra D.O. Siurana botella 750 ml"],"general_information":["Denominación del alimento: Aceite de oliva virgen extra","Nombre del operador: Olis de Catalunya, S.L.","Dirección del operador: Carrer Joan Oliver, 16 - C.P. 43206 Reus (Tarragona)","Cantidad Neta: 750 Mililitros"],"ingredients":[],"ean":"0000084155962"},{"full_name":"OLEAURUM aceite de oliva virgen extra D.O. Les Garrigues botella 750 ml","name":"aceite de oliva virgen extra D.O. Les Garrigues botella 750 ml","brand":"OLEAURUM ","img":"https://sgfm.elcorteingles.es/SGFM/00/48/1/0120903200481/0120903200481000g01011.jpg","price":"9,19 €            ","price_unit":"(11,80 € / Litro)","categories":["Supermercado","Alimentación General","Aceites","Aceite de oliva virgen extra","OLEAURUM aceite de oliva virgen extra D.O. Les Garrigues botella 750 ml"],"general_information":["Denominación del alimento: Aceite de oliva virgen extra","Nombre del operador: Olis de Catalunya, S.L.","Dirección del operador: Carrer Joan Oliver, 16 - C.P. 43206 Reus (Tarragona)","Cantidad Neta: 750 Mililitros"],"ingredients":[],"ean":"0000084159496"},{"full_name":"OLEAURUM aceite de oliva virgen extra Coupage botella 500 ml","name":"aceite de oliva virgen extra Coupage botella 500 ml","brand":"OLEAURUM ","img":"https://sgfm.elcorteingles.es/SGFM/00/50/7/0120903200507/0120903200507000g01011.jpg","price":"9,35 €            ","price_unit":"(17,70 € / Litro)","categories":["Supermercado","Alimentación General","Aceites","Aceite de oliva virgen extra","OLEAURUM aceite de oliva virgen extra Coupage botella 500 ml"],"general_information":["Denominación del alimento: Aceite de oliva virgen extra","Nombre del operador: Olis de Catalunya, S.L.","Dirección del operador: Carrer Joan Oliver, 16 - C.P. 43206 Reus (Tarragona)","Cantidad Neta: 500 Mililitros"],"ingredients":[],"ean":"8425212020240"},{"full_name":"MAIMONA aceite de oliva virgen extra botella 750 ml","name":"aceite de oliva virgen extra botella 750 ml","brand":"MAIMONA ","img":"https://sgfm.elcorteingles.es/SGFM/00/55/6/0120903200556/0120903200556000g01011.jpg","price":"4,69 €","price_unit":"(6,25 € / Litro)","categories":["Supermercado","Alimentación General","Aceites","Aceite de oliva virgen extra","MAIMONA aceite de oliva virgen extra botella 750 ml"],"general_information":[],"ingredients":[],"ean":"8437000495093"},{"full_name":"TEXTURAS MAIMONA aceite de oliva virgen extra Ecológico botella 500 ml","name":"aceite de oliva virgen extra Ecológico botella 500 ml","brand":"TEXTURAS MAIMONA ","img":"https://sgfm.elcorteingles.es/SGFM/dctm/MEDIA03/201608/23/00120903204087____1__600x600.jpg","price":"3,89 €","price_unit":"(7,78 € / Litro)","categories":["Supermercado","Alimentación General","Aceites","Aceite de oliva virgen extra","TEXTURAS MAIMONA aceite de oliva virgen extra Ecológico botella 500 ml"],"general_information":[],"ingredients":[],"ean":"8437000495161"},{"full_name":"K. ARGUIÑANO aceite de oliva virgen extra botella 750 ml","name":"aceite de oliva virgen extra botella 750 ml","brand":"K. ARGUIÑANO ","img":"https://sgfm.elcorteingles.es/SGFM/dctm/MEDIA02/CONTENIDOS/201504/29/00120903202099____1__600x600.jpg","price":"7,94 €","price_unit":"(10,59 € / Litro)","categories":["Supermercado","Alimentación General","Aceites","Aceite de oliva virgen extra","K. ARGUIÑANO aceite de oliva virgen extra botella 750 ml"],"general_information":["Denominación del alimento: Aceite de Oliva Virgen Extra Arbequina","Nombre del operador: Aceite de Oliva Valderrama, S.L.","Dirección del operador: Anabel Segura, 10 - 28108 Alcobendas (Madrid). España","Lugar de procedencia del alimento: Aceite producido y envasado en España","Cantidad Neta: 75 Centilitros","Otras menciones obligatorias en la etiqueta: Extracción en frío. Sin filtrar"],"ingredients":[" Aceite de Oliva Virgen Extra Arbequina"],"conservation":" Preservar del calor y del exceso de luz","ean":"8437003540578"},{"full_name":"PALACIO DE LOS OLIVOS aceite de oliva virgen extra variedad Picual D.O Calatraba botella 500 ml","name":"aceite de oliva virgen extra variedad Picual D.O Calatraba botella 500 ml","brand":"PALACIO DE LOS OLIVOS ","img":"https://sgfm.elcorteingles.es/SGFM/dctm/MEDIA03/201610/21/00120903203345____2__600x600.jpg","price":"8,49 €","price_unit":"(16,98 € / Litro)","categories":["Supermercado","Alimentación General","Aceites","Aceite de oliva virgen extra","PALACIO DE LOS OLIVOS aceite de oliva virgen extra variedad Picual D.O Calatraba botella 500 ml"],"general_information":[],"ingredients":[],"ean":"8414606438594"},{"full_name":"CASTILLO DE CANENA Reserva de Familia aceite de oliva virgen Extra Picual botella 500 ml","name":"Reserva de Familia aceite de oliva virgen Extra Picual botella 500 ml","brand":"CASTILLO DE CANENA ","img":"https://sgfm.elcorteingles.es/SGFM/dctm/MEDIA02/CONTENIDOS/201512/09/00120903200705____1__600x600.jpg","price":"13,75 €","price_unit":"(27,50 € / Litro)","categories":["Supermercado","Alimentación General","Aceites","Aceite de oliva virgen extra","CASTILLO DE CANENA Reserva de Familia aceite de oliva virgen Extra Picual botella 500 ml"],"general_information":["Denominación del alimento: Aceite de oliva virgen extra","Nombre del operador: Castillo de Canena Olive Juice S.L","Dirección del operador: C/ Remedios, 4 - 23420 Canena (Jaén)","Cantidad Neta: 500 Mililitros","Otras menciones obligatorias en la etiqueta: Variedad de aceituna Picual. Producción integrada"],"ingredients":[" Aceite de oliva virgen extra"],"conservation":" Conservar en lugar seco y alejado de la luz directa.","ean":"8437005095045"},{"full_name":"CASAS DE HUALDO aceite de oliva virgen extra Arbequina botella 500 ml","name":"aceite de oliva virgen extra Arbequina botella 500 ml","brand":"CASAS DE HUALDO ","img":"https://sgfm.elcorteingles.es/SGFM/dctm/MEDIA03/201704/20/00120903203519____2__600x600.jpg","price":"8,90 €","price_unit":"(17,80 € / Litro)","categories":["Supermercado","Alimentación General","Aceites","Aceite de oliva virgen extra","CASAS DE HUALDO aceite de oliva virgen extra Arbequina botella 500 ml"],"general_information":["Denominación del alimento: Aceite de oliva virgen extra","Nombre del operador: APC LA VEGUILLA,S.L","Dirección del operador: C/Pascualillo s/n 16660 Las Pedroñeras Cuenca","Cantidad Neta: 500 Mililitros"],"ingredients":[],"conservation":" Almacenar en un lugar fresco y seco","ean":"8437011668011"},{"full_name":"CASAS DE HUALDO aceite de oliva virgen extra Cornicabra D.O. Montes de Toledo botella 500 ml","name":"aceite de oliva virgen extra Cornicabra D.O. Montes de Toledo botella 500 ml","brand":"CASAS DE HUALDO ","img":"https://sgfm.elcorteingles.es/SGFM/dctm/MEDIA03/201704/20/00120903203964____2__600x600.jpg","price":"8,90 €","price_unit":"(17,80 € / Litro)","categories":["Supermercado","Alimentación General","Aceites","Aceite de oliva virgen extra","CASAS DE HUALDO aceite de oliva virgen extra Cornicabra D.O. Montes de Toledo botella 500 ml"],"general_information":["Denominación del alimento: Aceite de oliva virgen extra","Nombre del operador: APC LA VEGUILLA,S.L","Dirección del operador: C/Pascualillo s/n 16660 Las Pedroñeras Cuenca","Cantidad Neta: 500 Mililitros"],"ingredients":[],"conservation":" Almacenar en un lugar fresco y seco","ean":"8437011668035"},{"full_name":"OLI S'ILLA aceite de oliva virgen extra botella 500 ml","name":"aceite de oliva virgen extra botella 500 ml","brand":"OLI S'ILLA ","img":"https://sgfm.elcorteingles.es/SGFM/00/56/4/0120903200564/0120903200564000g01011.jpg","price":"10,95 €","price_unit":"(21,90 € / Litro)","categories":["Supermercado","Alimentación General","Aceites","Aceite de oliva virgen extra","OLI S'ILLA aceite de oliva virgen extra botella 500 ml"],"general_information":["Denominación del alimento: Aceite","Nombre del operador: Explotadora Agro-Alcudia S.A.","Dirección del operador: Paseo Maritimo 28 4º, Port D'alcudia, Baleares","Lugar de procedencia del alimento: DOP Oli de Mallorca","Cantidad Neta: 500 Mililitros"],"ingredients":[" Aceite de oliva virgen extra"],"conservation":" Conservar en un lugar fresco y resguardar de la luz directa","ean":"8437005705029"},{"full_name":"ROMANICO aceite de oliva virgen extra Arbequina botella 500 ml","name":"aceite de oliva virgen extra Arbequina botella 500 ml","brand":"ROMANICO ","img":"https://sgfm.elcorteingles.es/SGFM/dctm/MEDIA03/201604/26/00120903200176____1__600x600.jpg","price":"6,50 €","price_unit":"(13 € / Litro)","categories":["Supermercado","Alimentación General","Aceites","Aceite de oliva virgen extra","ROMANICO aceite de oliva virgen extra Arbequina botella 500 ml"],"general_information":["Denominación del alimento: Aceite de oliva virgen extra arbequina","Nombre del operador: Agrupació Olearia Lleidatana S.L Agroles","Dirección del operador: C/ Verge de Montserrat, 29 25400 Les Borges Blanques, Les Garrigues (Lleida) España","Cantidad Neta: 500,0 Mililitros","Otras menciones obligatorias en la etiqueta: Acidez max. 0.3%, máxima legisla. 0.8%. # Variedad de aceituna: Arbequina"],"ingredients":[" Aceite de oliva virgen extra arbequina"],"conservation":"Modo de empleo: Ideal para aliños en crudo (ensaladas, verduras,...), para frituras de carnes, pescados y para todo tipo de cocidos. Realza el sabor sin modificar gustos.","ean":"8413511011014"},{"full_name":"ROMANICO aceite de oliva virgen extra ecológico botella 500 ml","name":"aceite de oliva virgen extra ecológico botella 500 ml","brand":"ROMANICO ","img":"https://sgfm.elcorteingles.es/SGFM/dctm/MEDIA03/201604/26/00120903201778____2__600x600.jpg","price":"6,25 €","price_unit":"(12,50 € / Litro)","categories":["Supermercado","Alimentación General","Aceites","Aceite de oliva virgen extra","ROMANICO aceite de oliva virgen extra ecológico botella 500 ml"],"general_information":["Denominación del alimento: Aceite de oliva virgen extra orgánico","Nombre del operador: Agrupació Olearia Lleidatana S.L Agroles","Dirección del operador: C/ Verge de Montserrat, 29 25400 Les Borges Blanques, Les Garrigues (Lleida) España","Cantidad Neta: 500,0 Mililitros","Otras menciones obligatorias en la etiqueta: Acidez max. 0.3%, máxima legisla. 0.8%. # Variedad de aceituna: Mezcla de variedades con predominio de arbequina."],"ingredients":[" Aceite de oliva virgen extra orgánico"],"conservation":"Modo de empleo: Ideal para aliños en crudo (ensaladas, verduras,...), para frituras de carnes, pescados y para todo tipo de cocidos. Realza el sabor sin modificar gustos.","ean":"8413511011038"},{"full_name":"GERMANOR aceite de oliva virgen extra botella 750 ml","name":"aceite de oliva virgen extra botella 750 ml","brand":"GERMANOR ","img":"https://sgfm.elcorteingles.es/SGFM/00/18/4/0120903200184/0120903200184000g01011.jpg","price":"7,85 €","price_unit":"(10,47 € / Litro)","categories":["Supermercado","Alimentación General","Aceites","Aceite de oliva virgen extra","GERMANOR aceite de oliva virgen extra botella 750 ml"],"general_information":["Denominación del alimento: Aceite de oliva virgen extra arbequina","Nombre del operador: Agrupació Olearia Lleidatana S.L Agroles","Dirección del operador: C/ Verge de Montserrat, 29 25400 Les Borges Blanques, Les Garrigues (Lleida) España","Cantidad Neta: 750,0 Mililitros","Otras menciones obligatorias en la etiqueta: Acidez max. 0.3%, máxima legisla. 0.8%. # Variedad de aceituna: Arbequina"],"ingredients":[" Aceite de oliva virgen extra arbequina"],"conservation":"Modo de empleo: Ideal para aliños en crudo (ensaladas, verduras,...), para frituras de carnes, pescados y para todo tipo de cocidos. Realza el sabor sin modificar gustos.","ean":"8413511010048"},{"full_name":"ALHEMA DE QUEILES aceite de oliva virgen extra ecológico lata 3 l","name":"aceite de oliva virgen extra ecológico lata 3 l","brand":"ALHEMA DE QUEILES ","img":"https://sgfm.elcorteingles.es/SGFM/dctm/MEDIA03/201712/04/00120903204772____6__600x600.jpg","price":"44,95 €","price_unit":"(14,98 € / Kilo)","categories":["Supermercado","Alimentación General","Aceites","Aceite de oliva virgen extra","ALHEMA DE QUEILES aceite de oliva virgen extra ecológico lata 3 l"],"general_information":[],"ingredients":[],"ean":"8437002570231"},{"full_name":"ALHEMA DE QUEILES aceite de oliva virgen extra ecológico lata 500 ml","name":"aceite de oliva virgen extra ecológico lata 500 ml","brand":"ALHEMA DE QUEILES ","img":"https://sgfm.elcorteingles.es/SGFM/dctm/MEDIA02/CONTENIDOS/201504/15/00120903203436____1__600x600.jpg","price":"8,69 €","price_unit":"(17,38 € / Litro)","categories":["Supermercado","Alimentación General","Aceites","Aceite de oliva virgen extra","ALHEMA DE QUEILES aceite de oliva virgen extra ecológico lata 500 ml"],"general_information":[],"ingredients":[],"ean":"8437002570217"},{"full_name":"ALHEMA DE QUEILES aceite de oliva virgen extra ecológico botella 500 ml","name":"aceite de oliva virgen extra ecológico botella 500 ml","brand":"ALHEMA DE QUEILES ","img":"https://sgfm.elcorteingles.es/SGFM/dctm/MEDIA03/201712/04/00120903204483____11__600x600.jpg","price":"8,75 €","price_unit":"(17,50 € / Litro)","categories":["Supermercado","Alimentación General","Aceites","Aceite de oliva virgen extra","ALHEMA DE QUEILES aceite de oliva virgen extra ecológico botella 500 ml"],"general_information":[],"ingredients":[],"ean":"8437002570118"},{"full_name":"SON MIR aceite de oliva virgen extra arbequina y picual D.O. Mallorca botella 500 ml","name":"aceite de oliva virgen extra arbequina y picual D.O. Mallorca botella 500 ml","brand":"SON MIR ","img":"https://sgfm.elcorteingles.es/SGFM/dctm/MEDIA02/CONTENIDOS/201504/29/00120903203493____1__600x600.jpg","price":"14,59 €","price_unit":"(29,18 € / Litro)","categories":["Supermercado","Alimentación General","Aceites","Aceite de oliva virgen extra","SON MIR aceite de oliva virgen extra arbequina y picual D.O. Mallorca botella 500 ml"],"general_information":[],"ingredients":[],"ean":"8437013065030"},{"full_name":"DOMINUS aceite de oliva virgen extra Cosecha Temprana botella 500 ml","name":"aceite de oliva virgen extra Cosecha Temprana botella 500 ml","brand":"DOMINUS ","img":"https://sgfm.elcorteingles.es/SGFM/dctm/MEDIA03/201611/17/00120903203428____3__600x600.jpg","price":"14,85 €","price_unit":"(29,70 € / Litro)","categories":["Supermercado","Alimentación General","Aceites","Aceite de oliva virgen extra","DOMINUS aceite de oliva virgen extra Cosecha Temprana botella 500 ml"],"general_information":[],"ingredients":[],"ean":"8429291100077"},{"full_name":"VALROBLE aceite de oliva virgen extra pack 4 latas 250 ml","name":"aceite de oliva virgen extra pack 4 latas 250 ml","brand":"VALROBLE ","img":"https://sgfm.elcorteingles.es/SGFM/dctm/MEDIA03/201709/08/00120903204004____2__600x600.jpg","price":"14,85 €","price_unit":"(14,85 € / Litro)","categories":["Supermercado","Alimentación General","Aceites","Aceite de oliva virgen extra","VALROBLE aceite de oliva virgen extra pack 4 latas 250 ml"],"general_information":["Denominación del alimento: Aceite de oliva virgen extra","Nombre del operador: Herboliva 10, S.L.","Dirección del operador: Avenida Cerro del Aguila, 3, 28703 San Sebastián de los Reyes, Madrid.","Lugar de procedencia del alimento: Denominación de origen de Sierra de Segura","Cantidad Neta: 1 Litros","Número de raciones por envase: 50"],"ingredients":[" Aceite de oliva virgen extra"],"conservation":" Consérvese en lugar fresco y oscuro. Evite, en la medida de lo posible, su exposición a la luz directa.","ean":"8437000606406"},{"full_name":"SOLER ROMERO aceite de oliva virgen extra ecológico Primer dia de Campaña botella 500 ml","name":"aceite de oliva virgen extra ecológico Primer dia de Campaña botella 500 ml","brand":"SOLER ROMERO ","img":"https://sgfm.elcorteingles.es/SGFM/dctm/MEDIA02/CONTENIDOS/201504/29/00120903203477____1__600x600.jpg","price":"10,95 €","price_unit":"(21,90 € / Litro)","categories":["Supermercado","Alimentación General","Aceites","Aceite de oliva virgen extra","SOLER ROMERO aceite de oliva virgen extra ecológico Primer dia de Campaña botella 500 ml"],"general_information":[],"ingredients":[],"ean":"8437004324122"},{"full_name":"1881 aceite de oliva virgen extra botella 500 ml","name":"aceite de oliva virgen extra botella 500 ml","brand":"1881 ","img":"https://sgfm.elcorteingles.es/SGFM/00/60/6/0120903200606/0120903200606000g01011.jpg","price":"3,50 €","price_unit":"(7 € / Litro)","categories":["Supermercado","Alimentación General","Aceites","Aceite de oliva virgen extra","1881 aceite de oliva virgen extra botella 500 ml"],"general_information":["Denominación del alimento: Aceite de Oliva Virgen Extra","País de origen: España","Nombre del operador: sANTA TERESA SAT","Dirección del operador: Lantejuela, 1 - C.P. 41640 Osuna (Sevilla)","Cantidad Neta: 0.5 Litros"],"ingredients":[" Aceite de Oliva virgen extra"],"conservation":" Protéjalo de la luz y del calor.","ean":"8437000233312"},{"full_name":"OLIVALLE aceite de oliva virgen extra ecológico botella 750 ml","name":"aceite de oliva virgen extra ecológico botella 750 ml","brand":"OLIVALLE ","img":"https://sgfm.elcorteingles.es/SGFM/01/81/0/0120903201810/0120903201810000g01011.jpg","price":"8,99 €","price_unit":"(11,99 € / Litro)","categories":["Supermercado","Alimentación General","Aceites","Aceite de oliva virgen extra","OLIVALLE aceite de oliva virgen extra ecológico botella 750 ml"],"general_information":[],"ingredients":[],"ean":"8437000810032"},{"full_name":"CORTIJO GARAY aceite de oliva virgen extra botella 500 ml","name":"aceite de oliva virgen extra botella 500 ml","brand":"CORTIJO GARAY ","img":"https://sgfm.elcorteingles.es/SGFM/00/75/4/0120903200754/0120903200754000g01011.jpg","price":"6,72 €","price_unit":"(13,44 € / Litro)","categories":["Supermercado","Alimentación General","Aceites","Aceite de oliva virgen extra","CORTIJO GARAY aceite de oliva virgen extra botella 500 ml"],"general_information":[],"ingredients":[],"ean":"8437009887011"},{"full_name":"OROBAENA aceite de oliva virgen extra botella 500 ml","name":"aceite de oliva virgen extra botella 500 ml","brand":"OROBAENA ","img":"https://sgfm.elcorteingles.es/SGFM/00/32/2/0200403200322/0200403200322000g01011.jpg","price":"4,91 €","price_unit":"(9,82 € / Litro)","categories":["Supermercado","Alimentación General","Aceites","Aceite de oliva virgen extra","OROBAENA aceite de oliva virgen extra botella 500 ml"],"general_information":[],"ingredients":[],"ean":"8437002050122"},{"full_name":"LAGAR DEL SOTO aceite de oliva virgen extra ecológico 100% manzanilla cacerela lata 5 l","name":"aceite de oliva virgen extra ecológico 100% manzanilla cacerela lata 5 l","brand":"LAGAR DEL SOTO ","img":"https://sgfm.elcorteingles.es/SGFM/dctm/MEDIA03/201711/28/00120904000757____1__600x600.jpg","price":"35,95 €","price_unit":"(7,19 € / Kilo)","categories":["Supermercado","Alimentación General","Aceites","Aceite de oliva virgen extra","LAGAR DEL SOTO aceite de oliva virgen extra ecológico 100% manzanilla cacerela lata 5 l"],"general_information":[],"ingredients":[],"ean":"8424056000388"},{"full_name":"EL LAGAR DEL SOTO aceite de oliva virgen extra ecológico lata 500 ml","name":"aceite de oliva virgen extra ecológico lata 500 ml","brand":"EL LAGAR DEL SOTO ","img":"https://sgfm.elcorteingles.es/SGFM/dctm/MEDIA02/CONTENIDOS/201409/11/00120903201836____1__600x600.jpg","price":"5,79 €","price_unit":"(11,58 € / Litro)","categories":["Supermercado","Alimentación General","Aceites","Aceite de oliva virgen extra","EL LAGAR DEL SOTO aceite de oliva virgen extra ecológico lata 500 ml"],"general_information":["Denominación del alimento: Aceite de Oliva Virgen Extra","Nombre del operador: JACOLIVA S.L.","Dirección del operador: Avenida La Paz, 3 - 10813 Pozuelo de Zarzon (Cáceres)","Cantidad Neta: 500 Mililitros","Otras menciones obligatorias en la etiqueta: ES-ECO-021-EX Agricultura España. Aceite de Oliva de catergoría superior obtenido directamente de aceitunas y sólo mediante procedimentos."],"ingredients":[" Aceite de Oliva Vigen Extra."],"conservation":" Temperatura ideal de conservación: 20°C. Conservar en un lugar seco y fresco.","ean":"8424056000470"},{"full_name":"EL LAGAR DEL SOTO aceite de oliva virgen extra D.O. Gata-Hurdes manzanilla cacereña botella 500 ml","name":"aceite de oliva virgen extra D.O. Gata-Hurdes manzanilla cacereña botella 500 ml","brand":"EL LAGAR DEL SOTO ","img":"https://sgfm.elcorteingles.es/SGFM/dctm/MEDIA03/201711/24/00120903203873____3__600x600.jpg","price":"11,75 €","price_unit":"(23,50 € / Litro)","categories":["Supermercado","Alimentación General","Aceites","Aceite de oliva virgen extra","EL LAGAR DEL SOTO aceite de oliva virgen extra D.O. Gata-Hurdes manzanilla cacereña botella 500 ml"],"general_information":["Denominación del alimento: Aceite de Oliva Virgen Extra","Nombre del operador: JACOLIVA S.L.","Dirección del operador: Avenida La Paz, 3 - 10813 Pozuelo de Zarzon (Cáceres)","Lugar de procedencia del alimento: DO Gata - Hurdes","Cantidad Neta: 500 Mililitros","Otras menciones obligatorias en la etiqueta: Aceite de Oliva de catergoría superior obtenido directamente de aceitunas y sólo mediante procedimentos."],"ingredients":[" Aceite de Oliva Vigen Extra."],"conservation":" Temperatura ideal de conservación: 20°C. Conservar en un lugar seco y fresco.","ean":"8424056214310"},{"full_name":"MOLINO ALFONSO aceite de oliva virgen extra variedad Arbequina botella 250 ml","name":"aceite de oliva virgen extra variedad Arbequina botella 250 ml","brand":"MOLINO ALFONSO ","img":"https://sgfm.elcorteingles.es/SGFM/dctm/MEDIA03/201711/29/00120903204301____1__600x600.jpg","price":"4,99 €","price_unit":"(19,96 € / Litro)","categories":["Supermercado","Alimentación General","Aceites","Aceite de oliva virgen extra","MOLINO ALFONSO aceite de oliva virgen extra variedad Arbequina botella 250 ml"],"general_information":[],"ingredients":[],"ean":"8437008717524"},{"full_name":"MOLINO ALFONSO aceite de oliva virgen extra variedad Empeltre botella 250 ml","name":"aceite de oliva virgen extra variedad Empeltre botella 250 ml","brand":"MOLINO ALFONSO ","img":"https://sgfm.elcorteingles.es/SGFM/dctm/MEDIA03/201711/29/00120903204319____1__600x600.jpg","price":"4,99 €","price_unit":"(19,96 € / Litro)","categories":["Supermercado","Alimentación General","Aceites","Aceite de oliva virgen extra","MOLINO ALFONSO aceite de oliva virgen extra variedad Empeltre botella 250 ml"],"general_information":[],"ingredients":[],"ean":"8437008717500"},{"full_name":"MERULA aceite de oliva virgen extra lata 500 ml","name":"aceite de oliva virgen extra lata 500 ml","brand":"MERULA ","img":"https://sgfm.elcorteingles.es/SGFM/00/59/8/0120903200598/0120903200598000g01011.jpg","price":"8,64 €","price_unit":"(17,28 € / Litro)","categories":["Supermercado","Alimentación General","Aceites","Aceite de oliva virgen extra","MERULA aceite de oliva virgen extra lata 500 ml"],"general_information":["Denominación del alimento: Aceite de oliva virgen extra","Nombre del operador: Bodega Perales, S.L.","Dirección del operador: C/ Villanueva, 11 - 06400 Don Benito - Badajoz","Cantidad Neta: 500 Mililitros","Otras menciones obligatorias en la etiqueta: Producto de España. Categoría superior. Obtenido directamente de aceitunas y solo mediante procedimientos mecánicos. Extracción en frío. Acidez máxima 0.2°"],"ingredients":[],"ean":"8437004401045"},{"full_name":"MUELOLIVA aceite de oliva virgen extra variedad Picudo botella 750 ml","name":"aceite de oliva virgen extra variedad Picudo botella 750 ml","brand":"MUELOLIVA ","img":"https://sgfm.elcorteingles.es/SGFM/dctm/MEDIA03/201604/26/00200403202583____1__600x600.jpg","price":"4,49 €","price_unit":"(5,99 € / Litro)","categories":["Supermercado","Alimentación General","Aceites","Aceite de oliva virgen extra","MUELOLIVA aceite de oliva virgen extra variedad Picudo botella 750 ml"],"general_information":[],"ingredients":[],"ean":"8411342002317"},{"full_name":"ARBOLEDA aceite de oliva virgen extra bidón 5 l","name":"aceite de oliva virgen extra bidón 5 l","brand":"ARBOLEDA ","img":"https://sgfm.elcorteingles.es/SGFM/00/06/2/0120904000062/0120904000062000g01011.jpg","price":"26,19 €","price_unit":"(5,24 € / Litro)","categories":["Supermercado","Alimentación General","Aceites","Aceite de oliva virgen extra","ARBOLEDA aceite de oliva virgen extra bidón 5 l"],"general_information":["Denominación del alimento: Aceite Virgen Extra","Nombre del operador: La Calandina S.C.L.","Dirección del operador: Avda. Autonomía Aragonesa 80- Calanda- 44570- Teruel","Lugar de procedencia del alimento: Denominación de Origen Aceite del Bajo Aragón","Cantidad Neta: 5 Litros"],"ingredients":[],"conservation":" Conservar lugar fresco, seco y sin luz.","ean":"8423089000136"},{"full_name":"ARBOLEDA aceite de oliva virgen extra botella 1 l","name":"aceite de oliva virgen extra botella 1 l","brand":"ARBOLEDA ","img":"https://sgfm.elcorteingles.es/SGFM/00/03/1/0120903900031/0120903900031000g01011.jpg","price":"6,18 €","price_unit":"(6,18 € / Litro)","categories":["Supermercado","Alimentación General","Aceites","Aceite de oliva virgen extra","ARBOLEDA aceite de oliva virgen extra botella 1 l"],"general_information":["Denominación del alimento: Aceite Virgen Extra","Nombre del operador: La Calandina S.C.L.","Dirección del operador: Avda. Autonomía Aragonesa 80- Calanda- 44570- Teruel","Lugar de procedencia del alimento: Denominación de Origen Aceite del Bajo Aragón","Cantidad Neta: 1 Litros"],"ingredients":[],"conservation":" Conservar lugar fresco, seco y sin luz.","ean":"8423089000112"},{"full_name":"CHANGLOT REAL Gourmet Selección aceite de oliva virgen extra botella 500 ml","name":"Gourmet Selección aceite de oliva virgen extra botella 500 ml","brand":"CHANGLOT REAL ","img":"https://sgfm.elcorteingles.es/SGFM/01/66/1/0120903201661/0120903201661000g01011.jpg","price":"11,75 €","price_unit":"(23,50 € / Litro)","categories":["Supermercado","Alimentación General","Aceites","Aceite de oliva virgen extra","CHANGLOT REAL Gourmet Selección aceite de oliva virgen extra botella 500 ml"],"general_information":["Denominación del alimento: Aceite de oliva virgen extra","Nombre del operador: Vega Carabaña, S.L.","Dirección del operador: M-204 Carretera Tielmes - Carabaña, 28560 Carabaña (Madrid)","Cantidad Neta: 500 Mililitros","Otras menciones obligatorias en la etiqueta: Aceite de oliva de categoría superior obtenido directamente de aceitunas y solo mediante procedimientos mecánicos. Primera prensada en frío de la variedad de aceituna changlot real. Acidez máxima: 0.2°."],"ingredients":[],"ean":"8437007937015"},{"full_name":"VENTA DEL BARON aceite de oliva virgen extra botella 500 ml","name":"aceite de oliva virgen extra botella 500 ml","brand":"VENTA DEL BARON ","img":"https://sgfm.elcorteingles.es/SGFM/dctm/MEDIA03/201702/10/00120903200291____7__600x600.jpg","price":"12,95 €","price_unit":"(25,90 € / Litro)","categories":["Supermercado","Alimentación General","Aceites","Aceite de oliva virgen extra","VENTA DEL BARON aceite de oliva virgen extra botella 500 ml"],"general_information":["Denominación del alimento: Aceite de oliva extra virgen.","Nombre del operador: Muela-Olives, S.L.","Dirección del operador: A339, km 24.5 - 14800 Priego de Córdoba (Córdoba).","Cantidad Neta: 500 Mililitros"],"ingredients":[" Aceite de oliva virgen extra."],"conservation":" Conservar en lugar fresco y seco. Preservar de la luz y el calor.","ean":"8411342001235"},{"full_name":"OLIAMBEL aceite de oliva virgen extra botella 750 ml","name":"aceite de oliva virgen extra botella 750 ml","brand":"OLIAMBEL ","img":"https://sgfm.elcorteingles.es/SGFM/00/14/3/0120903200143/0120903200143000g01011.jpg","price":"7,65 €","price_unit":"(10,20 € / Litro)","categories":["Supermercado","Alimentación General","Aceites","Aceite de oliva virgen extra","OLIAMBEL aceite de oliva virgen extra botella 750 ml"],"general_information":["Denominación del alimento: Aceite de oliva virgen extra","País de origen: España","Nombre del operador: Aceites Ambel S.L","Dirección del operador: Ctra Nal 122 Km 70, 50546-Bulbuente ? Zaragoza","Cantidad Neta: 75 Centilitros"],"ingredients":[" Aceite de oliva virgen  extra"],"conservation":" Consérvese en lugar fresco y protegido luz","ean":"8425761410011"},{"full_name":"ALMAOLIVA aceite de oliva virgen extra Arbequina botella 500 ml","name":"aceite de oliva virgen extra Arbequina botella 500 ml","brand":"ALMAOLIVA ","img":"https://sgfm.elcorteingles.es/SGFM/dctm/MEDIA03/201711/08/00120903204749____1__600x600.jpg","price":"9,95 €","price_unit":"(19,90 € / Litro)","categories":["Supermercado","Alimentación General","Aceites","Aceite de oliva virgen extra","ALMAOLIVA aceite de oliva virgen extra Arbequina botella 500 ml"],"general_information":["Denominación del alimento: Aceite de oliva virgen extra","País de origen: España","Nombre del operador: Almazaras de la Subbética SL","Dirección del operador: Crta A 339 Km 17,85 - C.P. 14810 Carcabuey - Córdoba","Cantidad Neta: 500 Mililitros","Otras menciones obligatorias en la etiqueta: Aceite de oliva de categoría superior obtenido directamente de aceitunas y sólo mediante procesos mecánicos.  No es una fuente significativa de colesterol, fibra, azúcar, vitamina A, vitamina C, hierro y calcio."],"ingredients":[" Aceite de oliva virgen extra."],"ean":"8423397141101"},{"full_name":"ALJIBES aceite de oliva virgen extra Arbequina - Picual bidón 2 l","name":"aceite de oliva virgen extra Arbequina - Picual bidón 2 l","brand":"ALJIBES ","img":"https://sgfm.elcorteingles.es/SGFM/dctm/MEDIA03/201711/29/00120904000633____1__600x600.jpg","price":"11,90 €","price_unit":"(5,95 € / Litro)","categories":["Supermercado","Alimentación General","Aceites","Aceite de oliva virgen extra","ALJIBES aceite de oliva virgen extra Arbequina - Picual bidón 2 l"],"general_information":[],"ingredients":[],"ean":"8436031590487"},{"full_name":"ALJIBES aceite de oliva virgen extra Arbequina - Picual botella 250 ml","name":"aceite de oliva virgen extra Arbequina - Picual botella 250 ml","brand":"ALJIBES ","img":"https://sgfm.elcorteingles.es/SGFM/dctm/MEDIA03/201711/29/00120903204442____1__600x600.jpg","price":"2,95 €","price_unit":"(11,80 € / Litro)","categories":["Supermercado","Alimentación General","Aceites","Aceite de oliva virgen extra","ALJIBES aceite de oliva virgen extra Arbequina - Picual botella 250 ml"],"general_information":[],"ingredients":[],"ean":"8436031590531"},{"full_name":"ESCORNALBOU aceite de oliva virgen extra Arbequina D.O. Siurana lata 500 ml","name":"aceite de oliva virgen extra Arbequina D.O. Siurana lata 500 ml","brand":"ESCORNALBOU ","img":"https://sgfm.elcorteingles.es/SGFM/dctm/MEDIA03/201604/26/00120903202024____2__600x600.jpg","price":"5,95 €","price_unit":"(11,90 € / Litro)","categories":["Supermercado","Alimentación General","Aceites","Aceite de oliva virgen extra","ESCORNALBOU aceite de oliva virgen extra Arbequina D.O. Siurana lata 500 ml"],"general_information":["Denominación del alimento: Aceite","Nombre del operador: Cooperativa Agrícola Riudecanyes","Dirección del operador: C/ Dilluns, 70 - 43771 Riudecanyes - Tarragona - España","Cantidad Neta: 500,0 Mililitros"],"ingredients":[],"ean":"8437000335320"},{"full_name":"ESTER SOLE aceite de oliva virgen extra Arbequina D.O. Siurana bidón 2 l","name":"aceite de oliva virgen extra Arbequina D.O. Siurana bidón 2 l","brand":"ESTER SOLE ","img":"https://sgfm.elcorteingles.es/SGFM/dctm/MEDIA03/201706/29/00120903204236____1__600x600.jpg","price":"13,95 €","price_unit":"(6,98 € / Litro)","categories":["Supermercado","Alimentación General","Aceites","Aceite de oliva virgen extra","ESTER SOLE aceite de oliva virgen extra Arbequina D.O. Siurana bidón 2 l"],"general_information":["Denominación del alimento: Aceite de oliva virgen extra","Nombre del operador: Olis Solé, S.L.","Dirección del operador: Pl. Miramar, 9, 43300 Mont-roig del Camp, Tarragona.","Lugar de procedencia del alimento: D.O.P. Siurana","Cantidad Neta: 2 Litros"],"ingredients":[" Aceite de oliva virgen extra variedad arbequina"],"conservation":" Consérvese en lugar fresco y protegido de la luz solar.","ean":"8437001404025"},{"full_name":"ESTER SOLE aceite de oliva virgen extra Arbequina D.O. Siurana botella 1 l","name":"aceite de oliva virgen extra Arbequina D.O. Siurana botella 1 l","brand":"ESTER SOLE ","img":"https://sgfm.elcorteingles.es/SGFM/dctm/MEDIA03/201706/29/00120903204228____1__600x600.jpg","price":"7,99 €","price_unit":"(7,99 € / Litro)","categories":["Supermercado","Alimentación General","Aceites","Aceite de oliva virgen extra","ESTER SOLE aceite de oliva virgen extra Arbequina D.O. Siurana botella 1 l"],"general_information":["Denominación del alimento: Aceite de oliva virgen extra","Nombre del operador: Olis Solé, S.L.","Dirección del operador: Pl. Miramar, 9, 43300 Mont-roig del Camp, Tarragona.","Lugar de procedencia del alimento: D.O.P. Siurana","Cantidad Neta: 1 Litros"],"ingredients":[" Aceite de oliva virgen extra variedad arbequina"],"conservation":" Consérvese en lugar fresco y protegido de la luz solar.","ean":"8437001404018"},{"full_name":"SEÑORIO DE SEGURA aceite de oliva virgen extra Denominación de Origen Sierra de Segura bidón 3 l","name":"aceite de oliva virgen extra Denominación de Origen Sierra de Segura bidón 3 l","brand":"SEÑORIO DE SEGURA ","img":"https://sgfm.elcorteingles.es/SGFM/dctm/MEDIA03/201709/21/00120904000609____6__600x600.jpg","price":"18,95 €","price_unit":"(6,32 € / Litro)","categories":["Supermercado","Alimentación General","Aceites","Aceite de oliva virgen extra","SEÑORIO DE SEGURA aceite de oliva virgen extra Denominación de Origen Sierra de Segura bidón 3 l"],"general_information":["Denominación del alimento: Aceite de Oliva Virgen Extra.","Nombre del operador: Olivar de Segura, SCA.","Dirección del operador: Ctra. Córdoba a Valencia s/n. Puente de Génave 23350. Jaén.","Lugar de procedencia del alimento: Puente de Génave, Sierra de Segura. Jaén.","Cantidad Neta: 3 Litros","Número de raciones por envase: 183","Otras menciones obligatorias en la etiqueta: Aceite de Oliva Virgen Extra: Aceite de oliva de categoria superior obtenido directamente de aceitunas y sólo mediante procedimientos mecánicos."],"ingredients":[" Aceite de Oliva Virgen Extra."],"conservation":" Conservar en lugar fresco y oscuro.","ean":"8423036001681"},{"full_name":"PAGO LA CORONA aceite de oliva vigen extra empeltre D.O. Sierra del Moncayo botella 500 ml","name":"aceite de oliva vigen extra empeltre D.O. Sierra del Moncayo botella 500 ml","brand":"PAGO LA CORONA ","img":"https://sgfm.elcorteingles.es/SGFM/01/44/8/0120903201448/0120903201448000g01011.jpg","price":"4,70 €","price_unit":"(9,40 € / Litro)","categories":["Supermercado","Alimentación General","Aceites","Aceite de oliva virgen extra","PAGO LA CORONA aceite de oliva vigen extra empeltre D.O. Sierra del Moncayo botella 500 ml"],"general_information":["Denominación del alimento: Aceite de oliva virgen extra","Nombre del operador: Santo Cristo De Magallon S. C. C.","Dirección del operador: Avda. La Paz, 6, 50520 Magallón - Zaragoza - España","Lugar de procedencia del alimento: D.O.P. Aceite Sierra del Moncayo","Cantidad Neta: 500 Mililitros","Otras menciones obligatorias en la etiqueta: Aceituna variedad: Empeltre y Arbequina. Aceite de oliva de categoría superior obtenido directamente de aceitunas y sólo mediante procedimientos mecánicos."],"ingredients":[],"conservation":" Proteger de la  luz y el calor.","ean":"8437012040410"},{"full_name":"REALES ALMAZARAS DE ALCAÑIZ aceite de oliva virgen extra botella 750 ml","name":"aceite de oliva virgen extra botella 750 ml","brand":"REALES ALMAZARAS DE ALCAÑIZ ","img":"https://sgfm.elcorteingles.es/SGFM/00/23/4/0120903200234/0120903200234000g01011.jpg","price":"6,85 €","price_unit":"(9,13 € / Litro)","categories":["Supermercado","Alimentación General","Aceites","Aceite de oliva virgen extra","REALES ALMAZARAS DE ALCAÑIZ aceite de oliva virgen extra botella 750 ml"],"general_information":["Denominación del alimento: Aceite de oliva virgen extra","Nombre del operador: Almazaras Reunidas del Bajo Aragon S.A","Dirección del operador: Plaza Santo Domingo, 3 44600 ALCAÑIZ (Teruel) Apartado de Correos 61 44600 ALCAÑIZ (Teruel)","Lugar de procedencia del alimento: D.O.P. Aceite del Bajo Aragón","Cantidad Neta: 750 Mililitros","Otras menciones obligatorias en la etiqueta: Ácido oleico: La sustitución de grasa saturada por grasas insaturadas en la dieta contribuye a mantener niveles normales de colesterol sanguíneo. El ácido oleico es una grasa insaturada."],"ingredients":[" Aceite de oliva virgen extra"],"conservation":" Consérvese en lugar fresco, seco, protegido de la luz.","ean":"8437000234012"},{"full_name":"L'ESTORNEL aceite de oliva virgen extra botella 750 ml","name":"aceite de oliva virgen extra botella 750 ml","brand":"L'ESTORNEL ","img":"https://sgfm.elcorteingles.es/SGFM/00/27/5/0120903200275/0120903200275000g01011.jpg","price":"13,59 €","price_unit":"(18,12 € / Litro)","categories":["Supermercado","Alimentación General","Aceites","Aceite de oliva virgen extra","L'ESTORNEL aceite de oliva virgen extra botella 750 ml"],"general_information":[],"ingredients":[],"ean":"8412602404216"},{"full_name":"OLIS SOLLER aceite de oliva virgen extra botella 750 ml","name":"aceite de oliva virgen extra botella 750 ml","brand":"OLIS SOLLER ","img":"https://sgfm.elcorteingles.es/SGFM/00/25/9/0120903200259/0120903200259000g01011.jpg","price":"10,95 €","price_unit":"(14,60 € / Litro)","categories":["Supermercado","Alimentación General","Aceites","Aceite de oliva virgen extra","OLIS SOLLER aceite de oliva virgen extra botella 750 ml"],"general_information":[],"ingredients":[],"ean":"8423983020858"},{"full_name":"LA LAGUNA DE FUENTE DE PIEDRA aceite de oliva virgen extra suave botella 1 l","name":"aceite de oliva virgen extra suave botella 1 l","brand":"LA LAGUNA DE FUENTE DE PIEDRA ","img":"https://sgfm.elcorteingles.es/SGFM/00/06/4/0120903900064/0120903900064000g01011.jpg","price":"5,95 €","price_unit":"(5,95 € / Litro)","categories":["Supermercado","Alimentación General","Aceites","Aceite de oliva virgen extra","LA LAGUNA DE FUENTE DE PIEDRA aceite de oliva virgen extra suave botella 1 l"],"general_information":["Denominación del alimento: Aceite de Oliva Virgen Extra","Nombre del operador: SAT El Labrador Nº8064","Dirección del operador: Plz. De la Constitución 9. Fuente de Piedra (Málaga, España)","Lugar de procedencia del alimento: Origen España","Cantidad Neta: 1 Litros"],"ingredients":[],"ean":"8437000776024"},{"full_name":"OLIMENDROS aceite de oliva virgen extra Coupage botella 750 ml","name":"aceite de oliva virgen extra Coupage botella 750 ml","brand":"OLIMENDROS ","img":"https://sgfm.elcorteingles.es/SGFM/dctm/MEDIA02/CONTENIDOS/201410/09/00120903200812____1__600x600.jpg","price":"4,54 €","price_unit":"(6,05 € / Litro)","categories":["Supermercado","Alimentación General","Aceites","Aceite de oliva virgen extra","OLIMENDROS aceite de oliva virgen extra Coupage botella 750 ml"],"general_information":[],"ingredients":[],"ean":"8437004822055"},{"full_name":"OLIMENDROS aceite de oliva virgen extra Cuquillo botella 750 ml","name":"aceite de oliva virgen extra Cuquillo botella 750 ml","brand":"OLIMENDROS ","img":"https://sgfm.elcorteingles.es/SGFM/dctm/MEDIA02/CONTENIDOS/201410/09/00120903200804____1__600x600.jpg","price":"4,54 €","price_unit":"(6,05 € / Litro)","categories":["Supermercado","Alimentación General","Aceites","Aceite de oliva virgen extra","OLIMENDROS aceite de oliva virgen extra Cuquillo botella 750 ml"],"general_information":[],"ingredients":[],"ean":"8437004822956"},{"full_name":"ENORO aceite de oliva virgen extra bidón 2 l","name":"aceite de oliva virgen extra bidón 2 l","brand":"ENORO ","img":"https://sgfm.elcorteingles.es/SGFM/dctm/MEDIA03/201612/27/00200403202906____1__600x600.jpg","price":"9,97 €","price_unit":"(4,98 € / Litro)","categories":["Supermercado","Alimentación General","Aceites","Aceite de oliva virgen extra","ENORO aceite de oliva virgen extra bidón 2 l"],"general_information":[],"ingredients":[],"ean":"8414606567652"},{"full_name":"REALES ALMAZARAS DE ALCAÑIZ aceite de oliva virgen extra D.O. Bajo Aragón lata 5 l","name":"aceite de oliva virgen extra D.O. Bajo Aragón lata 5 l","brand":"REALES ALMAZARAS DE ALCAÑIZ ","img":"https://sgfm.elcorteingles.es/SGFM/01/45/5/0120903201455/0120903201455000g01011.jpg","price":"41,25 €","price_unit":"(8,25 € / Litro)","categories":["Supermercado","Alimentación General","Aceites","Aceite de oliva virgen extra","REALES ALMAZARAS DE ALCAÑIZ aceite de oliva virgen extra D.O. Bajo Aragón lata 5 l"],"general_information":["Denominación del alimento: Aceite de oliva virgen extra","Nombre del operador: Almazaras Reunidas del Bajo Aragon S.A","Dirección del operador: Plaza Santo Domingo, 3 44600 ALCAÑIZ (Teruel) Apartado de Correos 61 44600 ALCAÑIZ (Teruel)","Lugar de procedencia del alimento: D.O.P. Aceite del Bajo Aragón","Cantidad Neta: 5000 Mililitros","Otras menciones obligatorias en la etiqueta: Ácido oleico: La sustitución de grasa saturada por grasas insaturadas en la dieta contribuye a mantener niveles normales de colesterol sanguíneo. El ácido oleico es una grasa insaturada."],"ingredients":[" Aceite de oliva virgen extra"],"conservation":" Consérvese en lugar fresco, seco, protegido de la luz.","ean":"8437000234036"},{"full_name":"IZNAOLIVA aceite de oliva virgen extra bidón 5 l","name":"aceite de oliva virgen extra bidón 5 l","brand":"IZNAOLIVA ","img":"https://sgfm.elcorteingles.es/SGFM/dctm/MEDIA03/201602/11/00120904000526____1__600x600.jpg","price":"22,95 €","price_unit":"(4,59 € / Litro)","categories":["Supermercado","Alimentación General","Aceites","Aceite de oliva virgen extra","IZNAOLIVA aceite de oliva virgen extra bidón 5 l"],"general_information":[],"ingredients":[],"ean":"8437002590079"},{"full_name":"DUC aceite de oliva virgen extra DOP Terra Alta botella 750 ml","name":"aceite de oliva virgen extra DOP Terra Alta botella 750 ml","brand":"DUC ","img":"https://sgfm.elcorteingles.es/SGFM/00/57/2/0120903200572/0120903200572000g01011.jpg","price":"6,15 €            ","price_unit":"(6,79 € / Litro)","categories":["Supermercado","Alimentación General","Aceites","Aceite de oliva virgen extra","DUC aceite de oliva virgen extra DOP Terra Alta botella 750 ml"],"general_information":["Denominación del alimento: Aceite de oliva virgen extra","Nombre del operador: Olis de Catalunya, S.L.","Dirección del operador: Carrer Joan Oliver, 16 - C.P. 43206 Reus (Tarragona)","Cantidad Neta: 750 Mililitros"],"ingredients":[],"ean":"8411045612349"},{"full_name":"IZNAOLIVA aceite de oliva virgen extra botella 1 l","name":"aceite de oliva virgen extra botella 1 l","brand":"IZNAOLIVA ","img":"https://sgfm.elcorteingles.es/SGFM/dctm/MEDIA03/201602/11/00120903900619____1__600x600.jpg","price":"4,59 €","price_unit":"(4,59 € / Litro)","categories":["Supermercado","Alimentación General","Aceites","Aceite de oliva virgen extra","IZNAOLIVA aceite de oliva virgen extra botella 1 l"],"general_information":[],"ingredients":[],"ean":"8437002590031"},{"full_name":"BARONIA DE CABACES aceite de oliva virgen extra D.O. Siurana bidón 2 l","name":"aceite de oliva virgen extra D.O. Siurana bidón 2 l","brand":"BARONIA DE CABACES ","img":"https://sgfm.elcorteingles.es/SGFM/dctm/MEDIA02/CONTENIDOS/201511/16/00120903200101____2__600x600.jpg","price":"11,95 €","price_unit":"(5,98 € / Litro)","categories":["Supermercado","Alimentación General","Aceites","Aceite de oliva virgen extra","BARONIA DE CABACES aceite de oliva virgen extra D.O. Siurana bidón 2 l"],"general_information":[],"ingredients":[],"ean":"8423504800013"},{"full_name":"OLIDOR aceite de oliva virgen extra botella 750 ml","name":"aceite de oliva virgen extra botella 750 ml","brand":"OLIDOR ","img":"https://sgfm.elcorteingles.es/SGFM/00/24/2/0120903200242/0120903200242000g01011.jpg","price":"7,22 €","price_unit":"(9,63 € / Litro)","categories":["Supermercado","Alimentación General","Aceites","Aceite de oliva virgen extra","OLIDOR aceite de oliva virgen extra botella 750 ml"],"general_information":[],"ingredients":[],"ean":"8413641310056"},{"full_name":"PAGO BALDIOS SAN CARLOS aceite de oliva virgen extra Arbequina de Extremadura botella 500 ml","name":"aceite de oliva virgen extra Arbequina de Extremadura botella 500 ml","brand":"PAGO BALDIOS SAN CARLOS ","img":"https://sgfm.elcorteingles.es/SGFM/dctm/MEDIA02/CONTENIDOS/201504/29/00120903200820____1__600x600.jpg","price":"8,99 €","price_unit":"(17,98 € / Litro)","categories":["Supermercado","Alimentación General","Aceites","Aceite de oliva virgen extra","PAGO BALDIOS SAN CARLOS aceite de oliva virgen extra Arbequina de Extremadura botella 500 ml"],"general_information":["Denominación del alimento: Aceite de oliva virgen extra","País de origen: España","Nombre del operador: Pago de los Baldios San Carlos S.L","Dirección del operador: Finca La Laguna s/n, 10529 Majadas, Cáceres (España).","Lugar de procedencia del alimento: Majadas del Tiétar, Cáceres","Cantidad Neta: 500,0 Mililitros","Porcentaje de alcohol: 0,0%","Número de raciones por envase: 12","Otras menciones obligatorias en la etiqueta: Max. Ac 0.1%. Primera cosecha en frío sin filtrar"],"ingredients":[" 100% Aceite de Oliva Virgen Extra. Variedad Arbequina"],"conservation":" Manténgase en un lugar fresco, limpio y seco, protegido de la luz del sol.","ean":"8437007723038"},{"full_name":"1881 aceite de oliva virgen extra lata 2,5 l","name":"aceite de oliva virgen extra lata 2,5 l","brand":"1881 ","img":"https://sgfm.elcorteingles.es/SGFM/00/01/0/0120903200010/0120903200010000g01011.jpg","price":"14,50 €","price_unit":"(5,80 € / Litro)","categories":["Supermercado","Alimentación General","Aceites","Aceite de oliva virgen extra","1881 aceite de oliva virgen extra lata 2,5 l"],"general_information":["Denominación del alimento: Aceite de Oliva Virgen Extra","País de origen: España","Nombre del operador: SANTA TERESA SAT","Dirección del operador: Lantejuela, 1 - C.P. 41640 Osuna (Sevilla)","Cantidad Neta: 2.5 Litros"],"ingredients":[" Aceite de Oliva virgen extra"],"conservation":" Protéjalo de la luz y del calor.","ean":"8437000233480"},{"full_name":"MONTES DE BENALI aceite de oliva virgen extra ecológico botella 500 ml","name":"aceite de oliva virgen extra ecológico botella 500 ml","brand":"MONTES DE BENALI ","img":"https://sgfm.elcorteingles.es/SGFM/dctm/MEDIA02/CONTENIDOS/201410/22/00120903201851____1__600x600.jpg","price":"5,13 €","price_unit":"(10,26 € / Litro)","categories":["Supermercado","Alimentación General","Aceites","Aceite de oliva virgen extra","MONTES DE BENALI aceite de oliva virgen extra ecológico botella 500 ml"],"general_information":["Denominación del alimento: Aceite de oliva virgen extra ecológico","Nombre del operador: Ana MariaFito Marti","Dirección del operador: Severo Ochoa, 4, 46010 Valencia","Cantidad Neta: 500 Mililitros"],"ingredients":[],"conservation":" Es conveniente que no le dé la luz.","ean":"8437006083904"},{"full_name":"FLOR DE ARANA aceite de oliva virgen extra botella 500 ml","name":"aceite de oliva virgen extra botella 500 ml","brand":"FLOR DE ARANA ","img":"https://sgfm.elcorteingles.es/SGFM/dctm/MEDIA03/201602/11/00120903203808____1__600x600.jpg","price":"2,85 €","price_unit":"(0,57 € / Litro)","categories":["Supermercado","Alimentación General","Aceites","Aceite de oliva virgen extra","FLOR DE ARANA aceite de oliva virgen extra botella 500 ml"],"general_information":[],"ingredients":[],"ean":"8437002590123"},{"full_name":"O-MED aceite de oliva virgen extra Arbequina lata 1 l","name":"aceite de oliva virgen extra Arbequina lata 1 l","brand":"O-MED ","img":"https://sgfm.elcorteingles.es/SGFM/dctm/MEDIA02/CONTENIDOS/201507/03/00120903203576____1__600x600.jpg","price":"17,50 €","price_unit":"(17,50 € / Litro)","categories":["Supermercado","Alimentación General","Aceites","Aceite de oliva virgen extra","O-MED aceite de oliva virgen extra Arbequina lata 1 l"],"general_information":[],"ingredients":[],"ean":"8437003149344"},{"full_name":"O-MED aceite de oliva virgen extra Picual lata 1 l","name":"aceite de oliva virgen extra Picual lata 1 l","brand":"O-MED ","img":"https://sgfm.elcorteingles.es/SGFM/dctm/MEDIA02/CONTENIDOS/201507/03/00120903203584____1__600x600.jpg","price":"17,50 €","price_unit":"(17,50 € / Litro)","categories":["Supermercado","Alimentación General","Aceites","Aceite de oliva virgen extra","O-MED aceite de oliva virgen extra Picual lata 1 l"],"general_information":[],"ingredients":[],"ean":"8437003149245"},{"full_name":"EL CABALLO aceite de oliva virgen extra botella 500 ml","name":"aceite de oliva virgen extra botella 500 ml","brand":"EL CABALLO ","img":"https://sgfm.elcorteingles.es/SGFM/01/55/1/0200403201551/0200403201551000g01011.jpg","price":"7,70 €","price_unit":"(15,40 € / Litro)","categories":["Supermercado","Alimentación General","Aceites","Aceite de oliva virgen extra","EL CABALLO aceite de oliva virgen extra botella 500 ml"],"general_information":[],"ingredients":[],"ean":"8424466001128"},{"full_name":"OLIVARES DE ALTOMIRA aceite de oliva virgen extra botella 500 ml","name":"aceite de oliva virgen extra botella 500 ml","brand":"OLIVARES DE ALTOMIRA ","img":"https://sgfm.elcorteingles.es/SGFM/01/54/4/0200403201544/0200403201544000g01011.jpg","price":"6,69 €","price_unit":"(13,38 € / Litro)","categories":["Supermercado","Alimentación General","Aceites","Aceite de oliva virgen extra","OLIVARES DE ALTOMIRA aceite de oliva virgen extra botella 500 ml"],"general_information":["Denominación del alimento: Aceite de oliva virgen extra ecológico","Nombre del operador: Hermanos Pastor de Vellisca S.L.","Dirección del operador: Pza. de la Fuente ,1, 16510 Vellisca, Cuenca","Lugar de procedencia del alimento: DOP La Alcarria","Cantidad Neta: 500 Mililitros"],"ingredients":[" Aceite de Oliva Virgen Extra Ecológico"],"conservation":" Conservese en lugar fresco.","ean":"8414606344017"},{"full_name":"ESCORNALBOU aceite de oliva vigen extra Arbequina bidón 3 l","name":"aceite de oliva vigen extra Arbequina bidón 3 l","brand":"ESCORNALBOU ","img":"https://sgfm.elcorteingles.es/SGFM/dctm/MEDIA02/CONTENIDOS/201407/03/00120904000419____1__600x600.jpg","price":"17,45 €","price_unit":"(5,82 € / Litro)","categories":["Supermercado","Alimentación General","Aceites","Aceite de oliva virgen extra","ESCORNALBOU aceite de oliva vigen extra Arbequina bidón 3 l"],"general_information":["Denominación del alimento: Aceite","Nombre del operador: Cooperativa Agrícola Riudecanyes","Dirección del operador: C/ Dilluns, 70 - 43771 Riudecanyes - Tarragona - España","Cantidad Neta: 3,0 Litros"],"ingredients":[],"ean":"8437000335061"},{"full_name":"CORTIJO LA TORRE aceite oliva virgen extra premium Picual botella 500 ml","name":"aceite oliva virgen extra premium Picual botella 500 ml","brand":"CORTIJO LA TORRE ","img":"https://sgfm.elcorteingles.es/SGFM/00/65/5/0120903200655/0120903200655000g01011.jpg","price":"10,25 €","price_unit":"(20,50 € / Litro)","categories":["Supermercado","Alimentación General","Aceites","Aceite de oliva virgen extra","CORTIJO LA TORRE aceite oliva virgen extra premium Picual botella 500 ml"],"general_information":[],"ingredients":[],"ean":"8437005646544"},{"full_name":"SON CANTIU aceite de oliva virgen extra D.O. Mallorca bidón 2 l","name":"aceite de oliva virgen extra D.O. Mallorca bidón 2 l","brand":"SON CANTIU ","img":"https://sgfm.elcorteingles.es/SGFM/dctm/MEDIA02/CONTENIDOS/201410/14/00120903200051____1__600x600.jpg","price":"19,95 €","price_unit":"(9,98 € / Litro)","categories":["Supermercado","Alimentación General","Aceites","Aceite de oliva virgen extra","SON CANTIU aceite de oliva virgen extra D.O. Mallorca bidón 2 l"],"general_information":["Denominación del alimento: Oli d'oliva","Nombre del operador: Son Catiu SL","Dirección del operador: Ctra. Incà- Artà, km 3.8. Rotonda Llubí - Muro. Mallorca","Lugar de procedencia del alimento: Denominació d'origen protegida oli de Mallorca","Cantidad Neta: 2 Litros"],"ingredients":[],"ean":"8437010060502"},{"full_name":"DUC aceite de oliva virgen extra bidón 3 l","name":"aceite de oliva virgen extra bidón 3 l","brand":"DUC ","img":"https://sgfm.elcorteingles.es/SGFM/00/20/3/0120904000203/0120904000203000g01011.jpg","price":"17,95 €            ","price_unit":"(5,10 € / Litro)","categories":["Supermercado","Alimentación General","Aceites","Aceite de oliva virgen extra","DUC aceite de oliva virgen extra bidón 3 l"],"general_information":["Denominación del alimento: Aceite de oliva virgen extra","Nombre del operador: Olis de Catalunya, S.L.","Dirección del operador: Carrer Joan Oliver, 16 - C.P. 43206 Reus (Tarragona)","Cantidad Neta: 3 Litros"],"ingredients":[],"ean":"8411045611823"},{"full_name":"MEDITERRÁNEO aceite de oliva virgen extra Arbequina botella 500 ml","name":"aceite de oliva virgen extra Arbequina botella 500 ml","brand":"MEDITERRÁNEO ","img":"https://sgfm.elcorteingles.es/SGFM//03/10/5/0120903203105/0120903203105000g01011.jpg","price":"6,78 €","price_unit":"(13,56 € / Litro)","categories":["Supermercado","Alimentación General","Aceites","Aceite de oliva virgen extra","MEDITERRÁNEO aceite de oliva virgen extra Arbequina botella 500 ml"],"general_information":["Denominación del alimento: Aceite de oliva virgen extra premium","Nombre del operador: Reina Marín, S.L.","Dirección del operador: Calle Denis Belgrano 3, 29015 Málaga.","Cantidad Neta: 500 Mililitros","Otras menciones obligatorias en la etiqueta: Primera presión en frío."],"ingredients":[" Aceite de oliva virgen extra, variedad Arbequina."],"conservation":" Mantener en un lugar seco y apartado de la luz.","ean":"8437009164211"},{"full_name":"GINESTAR aceite de oliva virgen extra Arbequina botella 1 l","name":"aceite de oliva virgen extra Arbequina botella 1 l","brand":"GINESTAR ","img":"https://sgfm.elcorteingles.es/SGFM/00/15/5/0120903900155/0120903900155000g01011.jpg","price":"5,61 €","price_unit":"(5,61 € / Litro)","categories":["Supermercado","Alimentación General","Aceites","Aceite de oliva virgen extra","GINESTAR aceite de oliva virgen extra Arbequina botella 1 l"],"general_information":[],"ingredients":[],"ean":"8437003890024"},{"full_name":"TUCCIOLIVA Gran Selección aceite de oliva virgen extra Mystic estuche 250 ml","name":"Gran Selección aceite de oliva virgen extra Mystic estuche 250 ml","brand":"TUCCIOLIVA ","img":"https://sgfm.elcorteingles.es/SGFM/dctm/MEDIA02/CONTENIDOS/201511/30/00120903201430____1__600x600.jpg","price":"5,42 €","price_unit":"(21,68 € / Litro)","categories":["Supermercado","Alimentación General","Aceites","Aceite de oliva virgen extra","TUCCIOLIVA Gran Selección aceite de oliva virgen extra Mystic estuche 250 ml"],"general_information":["Denominación del alimento: ACEITE DE OLIVA VIRGEN EXTRA","Nombre del operador: S.C.A. SAN AMADOR","Dirección del operador: AVD. PRINCIPE FELIPE, 20  23600 - MARTOS(JAÉN) - ESPAÑA","Cantidad Neta: 0.25 Litros"],"ingredients":[" ACEITUNA PICUAL (100%)"],"ean":"8437011690296"},{"full_name":"MAS NOTARI aceite de oliva virgen extra Arbequina D.O. Siurana botella 2 l","name":"aceite de oliva virgen extra Arbequina D.O. Siurana botella 2 l","brand":"MAS NOTARI ","img":"https://sgfm.elcorteingles.es/SGFM/00/22/9/0120904000229/0120904000229000g01011.jpg","price":"14,95 €","price_unit":"(7,48 € / Litro)","categories":["Supermercado","Alimentación General","Aceites","Aceite de oliva virgen extra","MAS NOTARI aceite de oliva virgen extra Arbequina D.O. Siurana botella 2 l"],"general_information":["Denominación del alimento: Aceite de oliva virgen extra","Nombre del operador: La Gramanosa, S.L.","Dirección del operador: Finca La Gramanosa s/n, 08793 Avinyonet del Penedès.","Cantidad Neta: 2 g"],"ingredients":[" Aceite de oliva virgen extra, Arbequina."],"conservation":" Conservar en un lugar fresco, seco y protegido de la luz.","ean":"8437008281070"},{"full_name":"ACEITES DE ARDALES aceite de oliva virgen extra botella 500 ml","name":"aceite de oliva virgen extra botella 500 ml","brand":"ACEITES DE ARDALES ","img":"https://sgfm.elcorteingles.es/SGFM/02/26/3/0120903202263/0120903202263000g01011.jpg","price":"5,70 €","price_unit":"(11,40 € / Litro)","categories":["Supermercado","Alimentación General","Aceites","Aceite de oliva virgen extra","ACEITES DE ARDALES aceite de oliva virgen extra botella 500 ml"],"general_information":["Denominación del alimento: Aceite de oliva virgen extra","Nombre del operador: Bravoliva S.L","Dirección del operador: Paraje Llano de Belen, pl. 45; C.P. - 29550 Ardales (Málaga)","Lugar de procedencia del alimento: Málaga","Cantidad Neta: 500 Mililitros","Otras menciones obligatorias en la etiqueta: Aceite de oliva de categoria superior obtenido directamente de aceitunas y sólo por procedimientos mecánicos"],"ingredients":[" Aceite de Oliva Virgen Extra"],"conservation":" Proteger de la luz y del calor","ean":"8437010753169"},{"full_name":"ACEITES DE ARDALES aceite de oliva virgen extra lata 500 ml","name":"aceite de oliva virgen extra lata 500 ml","brand":"ACEITES DE ARDALES ","img":"https://sgfm.elcorteingles.es/SGFM//02/24/8/0120903202248/0120903202248000g01011.jpg","price":"4,95 €","price_unit":"(9,90 € / Litro)","categories":["Supermercado","Alimentación General","Aceites","Aceite de oliva virgen extra","ACEITES DE ARDALES aceite de oliva virgen extra lata 500 ml"],"general_information":["Denominación del alimento: Aceite de oliva virgen extra","Nombre del operador: Bravoliva S.L","Dirección del operador: Paraje Llano de Belen, pl. 45; C.P. - 29550 Ardales (Málaga)","Lugar de procedencia del alimento: Málaga","Cantidad Neta: 500 Mililitros","Otras menciones obligatorias en la etiqueta: Aceite de oliva de categoria superior obtenido directamente de aceitunas y sólo por procedimientos mecánicos"],"ingredients":[" Aceite de Oliva Virgen Extra"],"conservation":" Proteger de la luz y del calor","ean":"8437010753107"},{"full_name":"ACEITES DE ARDALES aceite de oliva virgen extra lata 200 ml","name":"aceite de oliva virgen extra lata 200 ml","brand":"ACEITES DE ARDALES ","img":"https://sgfm.elcorteingles.es/SGFM/02/25/5/0120903202255/0120903202255000g01011.jpg","price":"2,95 €","price_unit":"(14,75 € / Litro)","categories":["Supermercado","Alimentación General","Aceites","Aceite de oliva virgen extra","ACEITES DE ARDALES aceite de oliva virgen extra lata 200 ml"],"general_information":["Denominación del alimento: Aceite de oliva virgen extra","Nombre del operador: Bravoliva S.L","Dirección del operador: Paraje Llano de Belen, pl. 45; C.P. - 29550 Ardales (Málaga)","Lugar de procedencia del alimento: Málaga","Cantidad Neta: 200 Mililitros","Otras menciones obligatorias en la etiqueta: Aceite de oliva de categoria superior obtenido directamente de aceitunas y sólo por procedimientos mecánicos"],"ingredients":[" Aceite de Oliva Virgen Extra"],"conservation":" Proteger de la luz y del calor","ean":"8437010753114"},{"full_name":"PARQUEOLIVA aceite de oliva virgen extra D.O. Priego de Cordoba Serie Oro botella 500 ml","name":"aceite de oliva virgen extra D.O. Priego de Cordoba Serie Oro botella 500 ml","brand":"PARQUEOLIVA ","img":"https://sgfm.elcorteingles.es/SGFM/dctm/MEDIA03/201709/11/00120903202016____2__600x600.jpg","price":"12,58 €","price_unit":"(25,16 € / Litro)","categories":["Supermercado","Alimentación General","Aceites","Aceite de oliva virgen extra","PARQUEOLIVA aceite de oliva virgen extra D.O. Priego de Cordoba Serie Oro botella 500 ml"],"general_information":[],"ingredients":[],"ean":"8423397142061"},{"full_name":"AMARGA Y PICA aceite de oliva virgen extra Edición Especial Cosecha Temprana D.O M. Granada botella 500 ml","name":"aceite de oliva virgen extra Edición Especial Cosecha Temprana D.O M. Granada botella 500 ml","brand":"AMARGA Y PICA ","img":"https://sgfm.elcorteingles.es/SGFM/dctm/MEDIA03/201606/01/00120903204038____2__600x600.jpg","price":"4,89 €","price_unit":"(9,78 € / Litro)","categories":["Supermercado","Alimentación General","Aceites","Aceite de oliva virgen extra","AMARGA Y PICA aceite de oliva virgen extra Edición Especial Cosecha Temprana D.O M. Granada botella 500 ml"],"general_information":[],"ingredients":[],"ean":"8437000880813"},{"full_name":"FUENROBLE aceite de oliva virgen extra botella 500 ml","name":"aceite de oliva virgen extra botella 500 ml","brand":"FUENROBLE ","img":"https://sgfm.elcorteingles.es/SGFM/dctm/MEDIA03/201711/08/00120903203725____6__600x600.jpg","price":"6,84 €","price_unit":"(13,68 € / Litro)","categories":["Supermercado","Alimentación General","Aceites","Aceite de oliva virgen extra","FUENROBLE aceite de oliva virgen extra botella 500 ml"],"general_information":["Denominación del alimento: Aceite de oliva virgen extra Selección Noviembre","Nombre del operador: Acomacesa, S.L.","Dirección del operador: Avenida Cerro del Aguila, 7, 28703 San Sebastián de los Reyes, Madrid.","Lugar de procedencia del alimento: Denominación de origen Sierra de Segura.","Cantidad Neta: 500 Mililitros","Número de raciones por envase: 25"],"ingredients":[" Aceite de oliva virgen extra"],"conservation":" Consérvese en lugar fresco y oscuro. Evite, en la medida de lo posible, su exposición a la luz directa","ean":"8437000606048"},{"full_name":"FUENROBLE aceite de oliva virgen extra Picual botella 500 ml","name":"aceite de oliva virgen extra Picual botella 500 ml","brand":"FUENROBLE ","img":"https://sgfm.elcorteingles.es/SGFM/dctm/MEDIA03/201709/08/00120903200416____1__600x600.jpg","price":"8,69 €","price_unit":"(17,38 € / Litro)","categories":["Supermercado","Alimentación General","Aceites","Aceite de oliva virgen extra","FUENROBLE aceite de oliva virgen extra Picual botella 500 ml"],"general_information":["Denominación del alimento: Aceite de oliva virgen extra Selección Noviembre","Nombre del operador: Acomacesa, S.L.","Dirección del operador: Avenida Cerro del Aguila, 7, 28703 San Sebastián de los Reyes, Madrid.","Lugar de procedencia del alimento: Denominación de origen Sierra de Segura.","Cantidad Neta: 500 Mililitros","Número de raciones por envase: 25"],"ingredients":[" Aceite de oliva virgen extra"],"conservation":" Consérvese en lugar fresco y oscuro. Evite, en la medida de lo posible, su exposición a la luz directa","ean":"8437000606017"},{"full_name":"FUENROBLE aceite de oliva virgen extra Picual lata 500 ml","name":"aceite de oliva virgen extra Picual lata 500 ml","brand":"FUENROBLE ","img":"https://sgfm.elcorteingles.es/SGFM/dctm/MEDIA03/201709/08/00120903200044____2__600x600.jpg","price":"8,25 €","price_unit":"(16,50 € / Litro)","categories":["Supermercado","Alimentación General","Aceites","Aceite de oliva virgen extra","FUENROBLE aceite de oliva virgen extra Picual lata 500 ml"],"general_information":["Denominación del alimento: Aceite de oliva virgen extra Selección Noviembre","Nombre del operador: Acomacesa, S.L.","Dirección del operador: Avenida Cerro del Aguila, 7, 28703 San Sebastián de los Reyes, Madrid.","Lugar de procedencia del alimento: Denominación de origen Sierra de Segura.","Cantidad Neta: 500 Mililitros","Número de raciones por envase: 25"],"ingredients":[" Aceite de oliva virgen extra"],"conservation":" Consérvese en lugar fresco y oscuro. Evite, en la medida de lo posible, su exposición a la luz directa","ean":"8437000606772"},{"full_name":"CIGUEÑA NEGRA Platinium aceite de oliva virgen extra ecológico botella 500 ml","name":"Platinium aceite de oliva virgen extra ecológico botella 500 ml","brand":"CIGUEÑA NEGRA ","img":"https://sgfm.elcorteingles.es/SGFM/dctm/MEDIA02/CONTENIDOS/201507/09/00120903203543____1__600x600.jpg","price":"12,29 €","price_unit":"(24,58 € / Litro)","categories":["Supermercado","Alimentación General","Aceites","Aceite de oliva virgen extra","CIGUEÑA NEGRA Platinium aceite de oliva virgen extra ecológico botella 500 ml"],"general_information":[],"ingredients":[],"ean":"8437012656000"},{"full_name":"ZAJARI aceite de oliva virgen extra pack 2 botellas 500 ml","name":"aceite de oliva virgen extra pack 2 botellas 500 ml","brand":"ZAJARI ","img":"https://sgfm.elcorteingles.es/SGFM/dctm/MEDIA02/CONTENIDOS/201507/23/00120903203683____2__600x600.jpg","price":"18,50 €","price_unit":"(18,50 € / Litro)","categories":["Supermercado","Alimentación General","Aceites","Aceite de oliva virgen extra","ZAJARI aceite de oliva virgen extra pack 2 botellas 500 ml"],"general_information":[],"ingredients":[],"ean":"8414606689460"},{"full_name":"ZAJARI aceite de oliva virgen extra ecológico botella 500 ml","name":"aceite de oliva virgen extra ecológico botella 500 ml","brand":"ZAJARI ","img":"https://sgfm.elcorteingles.es/SGFM/dctm/MEDIA02/CONTENIDOS/201507/09/00120903203667____1__600x600.jpg","price":"9,50 €","price_unit":"(19 € / Litro)","categories":["Supermercado","Alimentación General","Aceites","Aceite de oliva virgen extra","ZAJARI aceite de oliva virgen extra ecológico botella 500 ml"],"general_information":[],"ingredients":[],"ean":"8437004021243"},{"full_name":"ZAJARI aceite de oliva virgen extra ecológico botella 250 ml","name":"aceite de oliva virgen extra ecológico botella 250 ml","brand":"ZAJARI ","img":"https://sgfm.elcorteingles.es/SGFM/dctm/MEDIA02/CONTENIDOS/201507/09/00120903203675____1__600x600.jpg","price":"6,50 €","price_unit":"(26 € / Litro)","categories":["Supermercado","Alimentación General","Aceites","Aceite de oliva virgen extra","ZAJARI aceite de oliva virgen extra ecológico botella 250 ml"],"general_information":[],"ingredients":[],"ean":"8414606689477"},{"full_name":"O-MED aceite de oliva virgen extra Arbequina botella 500 ml","name":"aceite de oliva virgen extra Arbequina botella 500 ml","brand":"O-MED ","img":"https://sgfm.elcorteingles.es/SGFM/dctm/MEDIA02/CONTENIDOS/201507/03/00120903203550____1__600x600.jpg","price":"15,00 €","price_unit":"(30 € / Litro)","categories":["Supermercado","Alimentación General","Aceites","Aceite de oliva virgen extra","O-MED aceite de oliva virgen extra Arbequina botella 500 ml"],"general_information":[],"ingredients":[],"ean":"8437003149191"},{"full_name":"O-MED aceite de oliva virgen extra Picual botella 500 ml","name":"aceite de oliva virgen extra Picual botella 500 ml","brand":"O-MED ","img":"https://sgfm.elcorteingles.es/SGFM/dctm/MEDIA02/CONTENIDOS/201507/03/00120903203568____1__600x600.jpg","price":"15,00 €","price_unit":"(30 € / Litro)","categories":["Supermercado","Alimentación General","Aceites","Aceite de oliva virgen extra","O-MED aceite de oliva virgen extra Picual botella 500 ml"],"general_information":[],"ingredients":[],"ean":"8437003149207"},{"full_name":"FERRARINI aceite de oliva virgen extra lata 1 l","name":"aceite de oliva virgen extra lata 1 l","brand":"FERRARINI ","img":"https://sgfm.elcorteingles.es/SGFM/dctm/MEDIA02/CONTENIDOS/201411/14/00120903203154____1__600x600.jpg","price":"13,75 €","price_unit":"(13,75 € / Litro)","categories":["Supermercado","Alimentación General","Aceites","Aceite de oliva virgen extra","FERRARINI aceite de oliva virgen extra lata 1 l"],"general_information":["Denominación del alimento: ACEITE VIRGEN EXTRA FERRARINI LATA 1 Ltr.","País de origen: Italia","Nombre del operador: FERRARINI ESPAÑA, S.L.","Dirección del operador: RONDA DE BUENAVISTA, 55 - CENTRO COMERCIAL MODULO 3 1ª PLANTA OF. 11 - 45005 TOLEDO","Cantidad Neta: 1,0 Litros","Otras menciones obligatorias en la etiqueta: Alérgenos presentes: ninguno. Apto para todas las categorías de consumidores."],"ingredients":[" Aceite de\noliva virgen extra italiano 100%."],"conservation":" Lugar fresco y seco.","ean":"8008706085422"},{"full_name":"ROSSELLO aceite de oliva virgen extra botella 750 ml","name":"aceite de oliva virgen extra botella 750 ml","brand":"ROSSELLO ","img":"https://sgfm.elcorteingles.es/SGFM/01/74/5/0120903201745/0120903201745000g01011.jpg","price":"5,86 €","price_unit":"(7,81 € / Litro)","categories":["Supermercado","Alimentación General","Aceites","Aceite de oliva virgen extra","ROSSELLO aceite de oliva virgen extra botella 750 ml"],"general_information":[],"ingredients":[],"ean":"8410585090037"},{"full_name":"EGREGIO aceite de oliva virgen extra ecológico D.O. Estepa botella 500 ml","name":"aceite de oliva virgen extra ecológico D.O. Estepa botella 500 ml","brand":"EGREGIO ","img":"https://sgfm.elcorteingles.es/SGFM/dctm/MEDIA03/201711/29/00120903204467____1__600x600.jpg","price":"13,95 €","price_unit":"(27,90 € / Litro)","categories":["Supermercado","Alimentación General","Aceites","Aceite de oliva virgen extra","EGREGIO aceite de oliva virgen extra ecológico D.O. Estepa botella 500 ml"],"general_information":[],"ingredients":[],"ean":"8422975110003"},{"full_name":"ACANTO aceite de oliva virgen extra 100% picual botella 500 ml","name":"aceite de oliva virgen extra 100% picual botella 500 ml","brand":"ACANTO ","img":"https://sgfm.elcorteingles.es/SGFM/dctm/MEDIA02/CONTENIDOS/201410/30/00120903202008____1__600x600.jpg","price":"8,38 €","price_unit":"(16,76 € / Litro)","categories":["Supermercado","Alimentación General","Aceites","Aceite de oliva virgen extra","ACANTO aceite de oliva virgen extra 100% picual botella 500 ml"],"general_information":["Denominación del alimento: Aceite de Oliva Virgen Extra","Nombre del operador: Evoo Acanto S.L.","Dirección del operador: c/ Ollerias 42, Pasaje bajo - 23740 Andújar (Jaén)","Lugar de procedencia del alimento: Andújar","Cantidad Neta: 500 Mililitros","Otras menciones obligatorias en la etiqueta: No se considera una fuente significativa de fibra, Vitamina A, Vitamina C, Calcio, Hierro y Azúcares."],"ingredients":[" Aceite de Oliva Virgen Extra"],"conservation":" Conservar en lugar fresco y oscuro.","ean":"8437011741004"},{"full_name":"MONTALVO aceite de oliva virgen extra ecológico botella 500 ml","name":"aceite de oliva virgen extra ecológico botella 500 ml","brand":"MONTALVO ","img":"https://sgfm.elcorteingles.es/SGFM/dctm/MEDIA03/201605/10/00120903203980____1__600x600.jpg","price":"11,90 €","price_unit":"(23,80 € / Litro)","categories":["Supermercado","Alimentación General","Aceites","Aceite de oliva virgen extra","MONTALVO aceite de oliva virgen extra ecológico botella 500 ml"],"general_information":[],"ingredients":[],"ean":"8437014261035"},{"full_name":"OLIVA VERDE aceite de oliva virgen extra Cayena botella 250 ml","name":"aceite de oliva virgen extra Cayena botella 250 ml","brand":"OLIVA VERDE ","img":"https://sgfm.elcorteingles.es/SGFM/dctm/MEDIA03/201709/19/00120903204244____1__600x600.jpg","price":"4,99 €","price_unit":"(19,96 € / Litro)","categories":["Supermercado","Alimentación General","Aceites","Aceite de oliva virgen extra","OLIVA VERDE aceite de oliva virgen extra Cayena botella 250 ml"],"general_information":["Denominación del alimento: Aceite de oliva virgen extra condimentado con cayena","Nombre del operador: Olis Solé, S.L.","Dirección del operador: Pl. Miramar, 9, 43300 Mont-roig del Camp, Tarragona.","Cantidad Neta: 250 Mililitros"],"ingredients":[" Aceite de oliva virgen extra variedad arbequina y cayena"],"conservation":" Consérvese en lugar fresco y protegido de la luz solar.","ean":"8437001404339"},{"full_name":"OLIDUERO aceite de oliva virgen extra Prestigio botella 500 ml","name":"aceite de oliva virgen extra Prestigio botella 500 ml","brand":"OLIDUERO ","img":"https://sgfm.elcorteingles.es/SGFM/dctm/MEDIA03/201711/08/00120903204475____1__600x600.jpg","price":"6,95 €","price_unit":"(13,90 € / Litro)","categories":["Supermercado","Alimentación General","Aceites","Aceite de oliva virgen extra","OLIDUERO aceite de oliva virgen extra Prestigio botella 500 ml"],"general_information":["Denominación del alimento: Aceite","Nombre del operador: Bodega Matarromera S.L","Dirección del operador: Ctra. San Bernardo S/N. Valbuena de Duero 47359 Valladolid","Cantidad Neta: 50 Centilitros"],"ingredients":[" Contiene sulfitos."],"ean":"8436532092138"},{"full_name":"ACEITES DE ARDALES aceites de oliva virgen extra botella 1 l","name":"aceites de oliva virgen extra botella 1 l","brand":"ACEITES DE ARDALES ","img":"https://sgfm.elcorteingles.es/SGFM//00/34/6/0120903900346/0120903900346000g01011.jpg","price":"5,95 €","price_unit":"(5,95 € / Litro)","categories":["Supermercado","Alimentación General","Aceites","Aceite de oliva virgen extra","ACEITES DE ARDALES aceites de oliva virgen extra botella 1 l"],"general_information":[],"ingredients":[],"ean":"8437010753626"},{"full_name":"CAIMARI aceite de oliva virgen extra afrutado botella 750 ml","name":"aceite de oliva virgen extra afrutado botella 750 ml","brand":"CAIMARI ","img":"https://sgfm.elcorteingles.es/SGFM/00/15/0/0120903200150/0120903200150000g01011.jpg","price":"5,95 €","price_unit":"(7,93 € / Litro)","categories":["Supermercado","Alimentación General","Aceites","Aceites especialidades","CAIMARI aceite de oliva virgen extra afrutado botella 750 ml"],"general_information":[],"ingredients":[],"ean":"8412520111012"},{"full_name":"LA ESPAÑOLA aceite de oliva virgen extra pack 5 botellas 20 ml","name":"aceite de oliva virgen extra pack 5 botellas 20 ml","brand":"LA ESPAÑOLA ","img":"https://sgfm.elcorteingles.es/SGFM/00/08/8/0120903500088/0120903500088000g01011.jpg","price":"2,29 €","price_unit":"(22,90 € / Litro)","categories":["Supermercado","Alimentación General","Aceites","Aceites especialidades","LA ESPAÑOLA aceite de oliva virgen extra pack 5 botellas 20 ml"],"general_information":["Denominación del alimento: Aceite de Oliva Virgen Extra","País de origen: España","Nombre del operador: Aceites del Sur- Coosur S.A.","Dirección del operador: Ctra. La Carolina Km 29. 23220 Vilches (Jaén)","Cantidad Neta: 20 Mililitros","Otras menciones obligatorias en la etiqueta: Aceite de oliva de categoría superior obtenido directamente de aceitunas y sólo mediante procedimientos mecánicos. Producto de España"],"ingredients":[" Aceite de oliva virgen extra"],"conservation":" Preservar del calor y del exceso de luz","ean":"8410660014194"},{"full_name":"LA ESPAÑOLA aceite de oliva virgen extra a la guindilla botella 250 ml","name":"aceite de oliva virgen extra a la guindilla botella 250 ml","brand":"LA ESPAÑOLA ","img":"https://sgfm.elcorteingles.es/SGFM/00/03/9/0120903500039/0120903500039000g01011.jpg","price":"2,23 €","price_unit":"(8,92 € / Litro)","categories":["Supermercado","Alimentación General","Aceites","Aceites especialidades","LA ESPAÑOLA aceite de oliva virgen extra a la guindilla botella 250 ml"],"general_information":["Denominación del alimento: Condimento preparado a base de aceite de oliva virgen extra a la guindilla","País de origen: España","Nombre del operador: Aceites del Sur- Coosur S.A.","Dirección del operador: Ctra. La Carolina Km 29. 23220 Vilches (Jaén)","Cantidad Neta: 250 Mililitros","Otras menciones obligatorias en la etiqueta: Condimento preparado a base de aceite de oliva virgen extra a la guindilla"],"ingredients":[" Aceite de oliva virgen extra y aroma natural de guindilla"],"conservation":" Preservar del calor y del exceso de luz","ean":"8410660101726"},{"full_name":"LA ESPAÑOLA aceite de oliva virgen extra al ajo botella 250 ml","name":"aceite de oliva virgen extra al ajo botella 250 ml","brand":"LA ESPAÑOLA ","img":"https://sgfm.elcorteingles.es/SGFM/00/04/7/0120903500047/0120903500047000g01011.jpg","price":"2,23 €","price_unit":"(8,92 € / Litro)","categories":["Supermercado","Alimentación General","Aceites","Aceites especialidades","LA ESPAÑOLA aceite de oliva virgen extra al ajo botella 250 ml"],"general_information":["Denominación del alimento: Condimento preparado a base de aceite de oliva virgen extra al ajo","País de origen: España","Nombre del operador: Aceites del Sur- Coosur S.A.","Dirección del operador: Ctra. La Carolina Km 29. 23220 Vilches (Jaén)","Cantidad Neta: 250 Mililitros","Otras menciones obligatorias en la etiqueta: Condimento preparado a base de aceite de oliva virgen extra al ajo"],"ingredients":[" Aceite de oliva virgen extra y aroma natural de ajo"],"conservation":" Preservar del calor y del exceso de luz","ean":"8410660101771"},{"full_name":"LA ESPAÑOLA aceite de oliva virgen extra a la trufa blanca botella 250 ml","name":"aceite de oliva virgen extra a la trufa blanca botella 250 ml","brand":"LA ESPAÑOLA ","img":"https://sgfm.elcorteingles.es/SGFM/00/46/8/0120903500468/0120903500468000g01011.jpg","price":"2,32 €","price_unit":"(9,28 € / Litro)","categories":["Supermercado","Alimentación General","Aceites","Aceites especialidades","LA ESPAÑOLA aceite de oliva virgen extra a la trufa blanca botella 250 ml"],"general_information":["Denominación del alimento: Condimento preparado a base de aceite de oliva virgen extra al trufa blanca","País de origen: España","Nombre del operador: Aceites del Sur- Coosur S.A.","Dirección del operador: Ctra. La Carolina Km 29. 23220 Vilches (Jaén)","Cantidad Neta: 250 Mililitros","Otras menciones obligatorias en la etiqueta: Condimento preparado a base de aceite de oliva virgen extra a la trufa blanca"],"ingredients":[" Aceite de oliva virgen extra y esencia de trufa blanca"],"conservation":" Preservar del calor y del exceso de luz","ean":"8410660033652"},{"full_name":"LA ESPAÑOLA aceite de oliva virgen extra spray 200 ml","name":"aceite de oliva virgen extra spray 200 ml","brand":"LA ESPAÑOLA ","img":"https://sgfm.elcorteingles.es/SGFM//00/47/6/0120903500476/0120903500476000g01011.jpg","price":"2,69 €","price_unit":"(13,45 € / Litro)","categories":["Supermercado","Alimentación General","Aceites","Aceites especialidades","LA ESPAÑOLA aceite de oliva virgen extra spray 200 ml"],"general_information":["Denominación del alimento: Aceite de Oliva Virgen Extra","País de origen: España","Nombre del operador: Aceites del Sur- Coosur S.A.","Dirección del operador: Ctra. La Carolina Km 29. 23220 Vilches (Jaén)","Cantidad Neta: 200 Mililitros","Otras menciones obligatorias en la etiqueta: Aceite de oliva de categoría superior obtenido directamente de aceitunas y sólo mediante procedimientos mecánicos. Producto de España"],"ingredients":[" Aceite de oliva virgen extra"],"conservation":" Preservar del calor y del exceso de luz","ean":"8410660034543"},{"full_name":"CARBONELL aceite de oliva virgen para plancha spray 200 ml","name":"aceite de oliva virgen para plancha spray 200 ml","brand":"CARBONELL ","img":"https://sgfm.elcorteingles.es/SGFM/dctm/MEDIA03/201706/29/00120903500179____3__600x600.jpg","price":"3,15 €","price_unit":"(15,75 € / Litro)","categories":["Supermercado","Alimentación General","Aceites","Aceites especialidades","CARBONELL aceite de oliva virgen para plancha spray 200 ml"],"general_information":["Denominación del alimento: Aceite De Oliva","País de origen: España","Nombre del operador: Deoleo S.A.","Dirección del operador: Ctra. N.IV. Km.388-14610 Alcolea (Córdoba)","Cantidad Neta: 200 Mililitros"],"ingredients":[" Aceite de Oliva Refinado, Aceite de Oliva Virgen."],"conservation":" Mantener en lugar fresco y seco.","ean":"8410010262688"},{"full_name":"CARBONELL aceite de oliva virgen extra especial para tostadas y ensaladas spray 200 ml","name":"aceite de oliva virgen extra especial para tostadas y ensaladas spray 200 ml","brand":"CARBONELL ","img":"https://sgfm.elcorteingles.es/SGFM/dctm/MEDIA03/201706/29/00120903500583____3__600x600.jpg","price":"3,15 €","price_unit":"(15,75 € / Litro)","categories":["Supermercado","Alimentación General","Aceites","Aceites especialidades","CARBONELL aceite de oliva virgen extra especial para tostadas y ensaladas spray 200 ml"],"general_information":["Denominación del alimento: Aceite De Oliva-Contiene Aceites De Oliva Refinados Y Aceites De Olliva Virgenes","País de origen: España","Nombre del operador: Deoleo S.A.","Dirección del operador: Ctra. N.IV. Km.388-14610 Alcolea (Córdoba)","Cantidad Neta: 200 Mililitros"],"ingredients":[" Aceite de Oliva Virgen Extra"],"conservation":" Mantener en lugar fresco y seco.","ean":"8410010264224"},{"full_name":"CARBONELL aceite de oliva virgen extra para ensaladas y pastas con esencia de albahaca spray 200 ml","name":"aceite de oliva virgen extra para ensaladas y pastas con esencia de albahaca spray 200 ml","brand":"CARBONELL ","img":"https://sgfm.elcorteingles.es/SGFM/dctm/MEDIA03/201706/29/00120903500187____3__600x600.jpg","price":"3,15 €","price_unit":"(15,75 € / Litro)","categories":["Supermercado","Alimentación General","Aceites","Aceites especialidades","CARBONELL aceite de oliva virgen extra para ensaladas y pastas con esencia de albahaca spray 200 ml"],"general_information":["Denominación del alimento: Aceite de Oliva Virgen Extra","País de origen: España","Nombre del operador: Deoleo S.A.","Dirección del operador: Ctra. N.IV. Km.388-14610 Alcolea (Córdoba)","Cantidad Neta: 200 Mililitros"],"ingredients":[" Aceite de Oliva Virgen Extra"],"conservation":" Mantener en lugar fresco y seco.","ean":"8410010262718"},{"full_name":"AGUSTIN FORNOS aceite de oliva virgen extra 100% Arbequina con orégano botella 500 ml","name":"aceite de oliva virgen extra 100% Arbequina con orégano botella 500 ml","brand":"AGUSTIN FORNOS ","img":"https://sgfm.elcorteingles.es/SGFM/dctm/MEDIA02/CONTENIDOS/201511/16/00120903500617____1__600x600.jpg","price":"9,95 €","price_unit":"(19,90 € / Litro)","categories":["Supermercado","Alimentación General","Aceites","Aceites especialidades","AGUSTIN FORNOS aceite de oliva virgen extra 100% Arbequina con orégano botella 500 ml"],"general_information":["Denominación del alimento: Aceite oliva Arbequina macedado con Oregano","Nombre del operador: Agustín Fornós Royo","Dirección del operador: C/ Monasterio de Veruela, 7 , 50583 Trasmoz del Moncayo, Zaragoza.","Cantidad Neta: 500 Mililitros","Otras menciones obligatorias en la etiqueta: Sin filtrar, por lo que puede producirse un pequeño poso que no afecta a la calidad. El orégano le transmite su fragancia al líquido, por lo que los sazones quedan más condimentados a la que a su vez aporta un intenso y agradable aroma. La planta de orégano posee propiedades medicinales de antioxidante y emenagogo. Debido a su composición, el orégano favorece la circulación sanguínea."],"ingredients":[" Aceite de oliva virgen extra Arbequina macerado con orégano al 2.1 %."],"conservation":" Conservar en lugar fresco y seco.","ean":"8437014671117"},{"full_name":"AGUSTIN FORNOS aceite de oliva virgen extra 100% Arbequina con romero botella 500 ml","name":"aceite de oliva virgen extra 100% Arbequina con romero botella 500 ml","brand":"AGUSTIN FORNOS ","img":"https://sgfm.elcorteingles.es/SGFM/dctm/MEDIA03/201606/03/00120903500609____2__600x600.jpg","price":"9,95 €","price_unit":"(19,90 € / Litro)","categories":["Supermercado","Alimentación General","Aceites","Aceites especialidades","AGUSTIN FORNOS aceite de oliva virgen extra 100% Arbequina con romero botella 500 ml"],"general_information":["Denominación del alimento: Aceite oliva Arbequina macedado con Romero","Nombre del operador: Agustín Fornós Royo","Dirección del operador: C/ Monasterio de Veruela, 7 , 50583 Trasmoz del Moncayo, Zaragoza.","Cantidad Neta: 500 Mililitros","Otras menciones obligatorias en la etiqueta: Sin filtrar, por lo que puede producirse un pequeño poso que no afecta a la calidad. El aceite arbequina aromatizado con romero, pimienta blanca y negra, con que le aporta un toque picante y un leve amargor propio del aceite de oliva virgen extra. Una de las claves es conseguir un equilibrio, que persista suavemente en la boca, sin que enmascare o elimine el resto de los sabores presentes. Extracción en frío, conserva todas la cualidades en estado más natural, sin filtrar. Estimula los folículos para que produzcan nuevos cabellos, inhibe la caída y la aparición de canas, elimina la caspa y suaviza el cuero cabelludo. Además, tiene propiedades desinfectantes, previene de la proliferación de bacterias. El aceite de oliva es rico en mono-saturadas y las grasas es saludable para su corazón, mientras que el romero es una hierba picante y deliciosa que se puede añadir sabor a cualquier plato."],"ingredients":[" Aceite de oliva virgen extra Arbequina macerado con romero, pimientas blanca y negra al 5.6 %."],"conservation":" Conservar en lugar fresco y seco.","ean":"8437014671063"},{"full_name":"AGUSTIN FORNOS aceite de oliva virgen extra 100% Arbequina con guindillas botella 500 ml","name":"aceite de oliva virgen extra 100% Arbequina con guindillas botella 500 ml","brand":"AGUSTIN FORNOS ","img":"https://sgfm.elcorteingles.es/SGFM/dctm/MEDIA02/CONTENIDOS/201511/16/00120903500591____1__600x600.jpg","price":"10,75 €","price_unit":"(21,50 € / Litro)","categories":["Supermercado","Alimentación General","Aceites","Aceites especialidades","AGUSTIN FORNOS aceite de oliva virgen extra 100% Arbequina con guindillas botella 500 ml"],"general_information":["Denominación del alimento: Aceite oliva Arbequina macedado con Guindilla","Nombre del operador: Agustín Fornós Royo","Dirección del operador: C/ Monasterio de Veruela, 7 , 50583 Trasmoz del Moncayo, Zaragoza.","Cantidad Neta: 500 Mililitros","Otras menciones obligatorias en la etiqueta: Sin filtrar, por lo que puede producirse un pequeño poso que no afecta a la calidad. Aporta un toque picante y un leve amargor propio del aceite de oliva virgen extra, más que un ingrediente adicional podríamos decir que actúa como un condimento, que potencia los sabores. Una de las claves es conseguir un equilibrio, que persista suavemente en la boca, sin que enmascare o elimine el resto de los sabores presentes."],"ingredients":[" Aceite de oliva virgen extra Arbequina macerado con guindillas, cayena, pimientas blanca y negra, romero y laurel al 6.7 %."],"conservation":" Conservar en lugar fresco y seco.","ean":"8437014671056"},{"full_name":"MOLI COLOMA condimento de aceite de oliva aromatizado a la trufa negra envase 250 ml","name":"condimento de aceite de oliva aromatizado a la trufa negra envase 250 ml","brand":"MOLI COLOMA ","img":"https://sgfm.elcorteingles.es/SGFM/dctm/MEDIA03/201711/08/00120903500658____1__600x600.jpg","price":"6,10 €","price_unit":"(24,40 € / Litro)","categories":["Supermercado","Alimentación General","Aceites","Aceites especialidades","MOLI COLOMA condimento de aceite de oliva aromatizado a la trufa negra envase 250 ml"],"general_information":["Denominación del alimento: Condimento de aceite de oliva aromatizado a la trufa negra","Nombre del operador: Selfoods SAU","Dirección del operador: El Rebato s/n 08739 SUBIRATS (Barcelona)","Cantidad Neta: 250 Mililitros"],"ingredients":[" Aceite de oliva virgen extra 98%, aroma de trufa negra 2%"],"conservation":" Mantener en lugar fresco y seco","ean":"8436021664488"},{"full_name":"LYCOLIVE aceite de oliva virgen extra con licopeno botella 250 ml","name":"aceite de oliva virgen extra con licopeno botella 250 ml","brand":"LYCOLIVE ","img":"https://sgfm.elcorteingles.es/SGFM/dctm/MEDIA02/CONTENIDOS/201501/08/00120903500559____1__600x600.jpg","price":"5,10 €","price_unit":"(20,40 € / Litro)","categories":["Supermercado","Alimentación General","Aceites","Aceites especialidades","LYCOLIVE aceite de oliva virgen extra con licopeno botella 250 ml"],"general_information":["Denominación del alimento: Aceite de Oliva Virgen Extra con licopeno de tomate","Nombre del operador: Vianoleo S.L.","Dirección del operador: C/ Serrezuela, 70 - 06400 Don Benito - Extremadura - España","Cantidad Neta: 250 Mililitros","Otras menciones obligatorias en la etiqueta: El licopeno es un producto natural que forma parte de la familia de los Carotinoides, es el que da el color rojo a los tomates, sandías? El licopeno es un antioxidante beneficioso para la salud."],"ingredients":[" Aceite de Oliva Virgen Extra y tomate natural."],"conservation":" Conservar en lugar fresco y seco.","ean":"8437006140379"},{"full_name":"MAEVA aceite de oliva virgen extra spray 200 ml","name":"aceite de oliva virgen extra spray 200 ml","brand":"MAEVA ","img":"https://sgfm.elcorteingles.es/SGFM/dctm/MEDIA02/CONTENIDOS/201409/03/00120903500492____1__600x600.jpg","price":"2,37 €","price_unit":"(11,85 € / Litro)","categories":["Supermercado","Alimentación General","Aceites","Aceites especialidades","MAEVA aceite de oliva virgen extra spray 200 ml"],"general_information":["Denominación del alimento: ACEITE DE OLIVA VIRGEN EXTRA","Nombre del operador: ACEITES MAEVA","Dirección del operador: PARQUE METROPOLITANO AVENIDA DE INCAR,8 18130 ESCÚZAR,GRANADA, ESPAÑA","Cantidad Neta: 200 Mililitros"],"ingredients":[" 100% ACEITE DE OLIVA VIRGEN EXTRA"],"ean":"8412498001346"},{"full_name":"MAEVA aceite de oliva virgen extra ecológico spray 200 ml","name":"aceite de oliva virgen extra ecológico spray 200 ml","brand":"MAEVA ","img":"https://sgfm.elcorteingles.es/SGFM/dctm/MEDIA02/CONTENIDOS/201409/03/00120903500500____1__600x600.jpg","price":"2,37 €","price_unit":"(11,85 € / Litro)","categories":["Supermercado","Alimentación General","Aceites","Aceites especialidades","MAEVA aceite de oliva virgen extra ecológico spray 200 ml"],"general_information":["Denominación del alimento: ACEITE DE OLIVA VIRGEN EXTRA ECOLÓGICO","Nombre del operador: ACEITES MAEVA","Dirección del operador: PARQUE METROPOLITANO AVENIDA DE INCAR,8 18130 ESCÚZAR,GRANADA, ESPAÑA","Cantidad Neta: 200 Mililitros"],"ingredients":[" 100% ACEITE DE OLIVA VIRGEN EXTRA"],"ean":"8412498001384"},{"full_name":"MAEVA aceite de oliva virgen extra con guindilla spray 200 ml","name":"aceite de oliva virgen extra con guindilla spray 200 ml","brand":"MAEVA ","img":"https://sgfm.elcorteingles.es/SGFM/dctm/MEDIA02/CONTENIDOS/201409/03/00120903500518____1__600x600.jpg","price":"2,37 €","price_unit":"(11,85 € / Litro)","categories":["Supermercado","Alimentación General","Aceites","Aceites especialidades","MAEVA aceite de oliva virgen extra con guindilla spray 200 ml"],"general_information":["Denominación del alimento: CONDIMENTO PREPARADO A BASE DE ACEITE DE OLIVA VIRGEN EXTRA CON GUINDILLA","Nombre del operador: ACEITES MAEVA","Dirección del operador: PARQUE METROPOLITANO AVENIDA DE INCAR,8 18130 ESCÚZAR,GRANADA, ESPAÑA","Cantidad Neta: 200 Mililitros"],"ingredients":[" 99% ACEITE DE OLIVA VIRGEN EXTRA 1% GUINDILLA"],"ean":"8412498001360"},{"full_name":"CAPRICHO ANDALUZ Set de 5 monodosis aceite oliva virgen extra envase 10 ml + 5 monodosis de tomate natural triturado 28 g + 5 sobres de sal","name":"Set de 5 monodosis aceite oliva virgen extra envase 10 ml","brand":"CAPRICHO ANDALUZ ","img":"https://sgfm.elcorteingles.es/SGFM/00/25/2/0120903500252/0120903500252000g01011.jpg","price":"1,67 €","price_unit":"(1,67 € / Unidad)","categories":["Supermercado","Alimentación General","Aceites","Aceites especialidades","CAPRICHO ANDALUZ Set de 5 monodosis aceite oliva virgen extra envase 10 ml + 5 monodosis de tomate natural triturado 28 g + 5 sobres de sal"],"general_information":["Denominación del alimento: ACEITE DE OLIVA VIRGEN EXTRA, TOMATE NATURAL, SAL YODADA","País de origen: España","Nombre del operador: Borges Branded Foods, SLU.","Dirección del operador: Avda. Josep Trepat, s/n 25300 Tárrega (Lérida).","Lugar de procedencia del alimento: España","Cantidad Neta: 195 g"],"ingredients":[" Aceite de oliva Virgen Extra, Tomate natural, Sal (sal yodada)"],"conservation":" Cerrar después de cada uso. Almacenar en un lugar fresco y seco, lejos de la luz solar.","ean":"8436006377525"},{"full_name":"CAPRICHO ANDALUZ Set 5 monodosis de aceite oliva virgen extra envase 10 ml + 5 monodosis de vinagre de 10 ml + 5 sobres de sal","name":"Set 5 monodosis de aceite oliva virgen extra envase 10 ml","brand":"CAPRICHO ANDALUZ ","img":"https://sgfm.elcorteingles.es/SGFM/00/26/0/0120903500260/0120903500260000g01011.jpg","price":"1,39 €","price_unit":"(1,39 € / Unidad)","categories":["Supermercado","Alimentación General","Aceites","Aceites especialidades","CAPRICHO ANDALUZ Set 5 monodosis de aceite oliva virgen extra envase 10 ml + 5 monodosis de vinagre de 10 ml + 5 sobres de sal"],"general_information":["Denominación del alimento: Aliño Mediterraneo, monodosis.","País de origen: España","Nombre del operador: Borges Branded Foods, SLU.","Dirección del operador: Avda. Josep Trepat, s/n 25300 Tárrega (Lérida).","Cantidad Neta: 105 g"],"ingredients":[" Aceite de oliva Virgen Extra, vinagre (vinagre de vino tinto y conservador metabisulfito potásico) y sal yodada. Contiene sulfitos."],"conservation":" Cerrar después de cada uso. Almacenar en un lugar fresco y seco, lejos de la luz solar.","ean":"8436006377532"},{"full_name":"MUELOLIVA aceite de oliva virgen extra pack 5 botellas 20 ml","name":"aceite de oliva virgen extra pack 5 botellas 20 ml","brand":"MUELOLIVA ","img":"https://sgfm.elcorteingles.es/SGFM/dctm/MEDIA02/CONTENIDOS/201504/29/00120903500062____1__600x600.jpg","price":"2,10 €","price_unit":"(21 € / Litro)","categories":["Supermercado","Alimentación General","Aceites","Aceites especialidades","MUELOLIVA aceite de oliva virgen extra pack 5 botellas 20 ml"],"general_information":["Denominación del alimento: Aceite de oliva virgen extra picudo.","Nombre del operador: Muela-Olives, S.L.","Dirección del operador: A339, km 24.5 - 14800 Priego de Córdoba (Córdoba).","Cantidad Neta: 20 Mililitros"],"ingredients":[" Aceite de oliva virgen extra."],"conservation":" Conservar en lugar fresco y seco. Preservar de la luz y el calor.","ean":"8411342000634"},{"full_name":"CIGUEÑA NEGRA aceite de oliva virgen extra ecológico afrutado botella 500 ml","name":"aceite de oliva virgen extra ecológico afrutado botella 500 ml","brand":"CIGUEÑA NEGRA ","img":"https://sgfm.elcorteingles.es/SGFM/dctm/MEDIA02/CONTENIDOS/201507/09/00120903203535____1__600x600.jpg","price":"5,99 €","price_unit":"(11,98 € / Litro)","categories":["Supermercado","Alimentación General","Aceites","Aceites especialidades","CIGUEÑA NEGRA aceite de oliva virgen extra ecológico afrutado botella 500 ml"],"general_information":[],"ingredients":[],"ean":"8437012656017"},{"full_name":"INTERNACIONAL COLLECTION aceite de coco ecológico frasco 250 ml","name":"aceite de coco ecológico frasco 250 ml","brand":"INTERNACIONAL COLLECTION ","img":"https://sgfm.elcorteingles.es/SGFM/dctm/MEDIA03/201612/12/00120903600193____1__600x600.jpg","price":"5,40 €","price_unit":"(21,60 € / Litro)","categories":["Supermercado","Alimentación General","Aceites","Aceites especialidades","INTERNACIONAL COLLECTION aceite de coco ecológico frasco 250 ml"],"general_information":["Denominación del alimento: Aceite de coco ecológico","Nombre del operador: Veldis, S.A.","Dirección del operador: C/ Puerto de Navacerrada, 59. 28935 Móstoles (Madrid - España)","Cantidad Neta: 300 Mililitros","Otras menciones obligatorias en la etiqueta: Este producto es sólido a temperaturas inferiores a 24ºC. A temperaturas superiores, podría volverse más blando y/o líquido."],"ingredients":[" Aceite de coco ecológico"],"conservation":" Conservar en lugar fresco y seco y alejado de la luz solar directa y olores fuertes.","ean":"5028905024049"},{"full_name":"EL CORTE INGLES aceite refinado de semillas especial para freir bidón 5 l","name":"aceite refinado de semillas especial para freir bidón 5 l","brand":"EL CORTE INGLES ","img":"https://sgfm.elcorteingles.es/SGFM/dctm/MEDIA03/201606/03/00120903600177____2__600x600.jpg","price":"7,25 €","price_unit":"(1,45 € / Litro)","categories":["Supermercado","Alimentación General","Aceites","Aceite de girasol y semillas","EL CORTE INGLES aceite refinado de semillas especial para freir bidón 5 l"],"general_information":["Denominación del alimento: ACEITE REFINADO \nDE SEMILLAS","Nombre del operador: Envasado para El Corte Inglés por\nAceites Abril S.L. \nPolígono Industrial San Cibrao das Viñas, \ncalle 6, nº 18. CP 32901 (Ourense) - España","Número de raciones por envase: 333"],"ingredients":[" INGREDIENTES: \n\nAceite refinado de maiz, aceite refinado de girasol alto oleico y antiespumante E-900."],"conservation":" Conservar en lugar fresco, seco y al abrigo del \ncalor y de la luz","ean":"8433329069922"},{"full_name":"EL CORTE INGLES aceite refinado de semillas especial para freir botella 1 l","name":"aceite refinado de semillas especial para freir botella 1 l","brand":"EL CORTE INGLES ","img":"https://sgfm.elcorteingles.es/SGFM/dctm/MEDIA03/201604/26/00120903600169____1__600x600.jpg","price":"1,55 €","price_unit":"(1,55 € / Litro)","categories":["Supermercado","Alimentación General","Aceites","Aceite de girasol y semillas","EL CORTE INGLES aceite refinado de semillas especial para freir botella 1 l"],"general_information":["Denominación del alimento: ACEITE REFINADO \nDE SEMILLAS","Nombre del operador: Envasado para El Corte Inglés por\nAceites Abril S.L. \nPolígono Industrial San Cibrao das Viñas, \ncalle 6, nº 18. CP 32901 (Ourense) - España","Número de raciones por envase: 66"],"ingredients":[" INGREDIENTES: \n\nAceite refinado de maiz, aceite refinado de girasol alto oleico y antiespumante E-900."],"conservation":" Conservar en lugar fresco, seco y al abrigo del \ncalor y de la luz","ean":"8433329069915"},{"full_name":"ALIADA aceite refinado de girasol bidón 5 l","name":"aceite refinado de girasol bidón 5 l","brand":"ALIADA ","img":"https://sgfm.elcorteingles.es/SGFM/dctm/MEDIA03/201604/18/00120904200084____3__600x600.jpg","price":"4,99 €","categories":["Supermercado","Alimentación General","Aceites","Aceite de girasol y semillas","ALIADA aceite refinado de girasol bidón 5 l"],"general_information":["Denominación del alimento: ACEITE REFINADO\nDE GIRASOL","Cantidad Neta: 5 Litros","Número de raciones por envase: 333"],"ingredients":[],"conservation":" Conservar en lugar fresco, seco y al abrigo del calor y de la luz.","ean":"8433329065559"},{"full_name":"ALIADA aceite refinado de girasol botella 1 l","name":"aceite refinado de girasol botella 1 l","brand":"ALIADA ","img":"https://sgfm.elcorteingles.es/SGFM/dctm/MEDIA03/201604/18/00120904100185____3__600x600.jpg","price":"1,02 €","price_unit":"(1,02 € / Litro)","categories":["Supermercado","Alimentación General","Aceites","Aceite de girasol y semillas","ALIADA aceite refinado de girasol botella 1 l"],"general_information":["Denominación del alimento: ACEITE REFINADO\nDE GIRASOL","Cantidad Neta: 1 Litros","Número de raciones por envase: 66"],"ingredients":[],"conservation":" Conservar en lugar fresco, seco y al abrigo del calor y de la luz.","ean":"8433329065542"},{"full_name":"COOSOL aceite refinado de girasol botella 1 l","name":"aceite refinado de girasol botella 1 l","brand":"COOSOL ","img":"https://sgfm.elcorteingles.es/SGFM/00/01/1/0120904100011/0120904100011000g01011.jpg","price":"1,64 €            ","price_unit":"(1,19 € / Litro)","categories":["Supermercado","Alimentación General","Aceites","Aceite de girasol y semillas","COOSOL aceite refinado de girasol botella 1 l"],"general_information":["Denominación del alimento: Aceite Refinado de Girasol","País de origen: España","Nombre del operador: Aceites del Sur- Coosur S.A.","Dirección del operador: Ctra. La Carolina Km 29. 23220 Vilches (Jaén)","Cantidad Neta: 1 Litros"],"ingredients":[" Aceite refinado de girasol"],"conservation":" Preservar del calor y del exceso de luz","ean":"8411190102115"},{"full_name":"COOSOL Premium aceite refinado de girasol especial freír botella 1 l","name":"Premium aceite refinado de girasol especial freír botella 1 l","brand":"COOSOL ","img":"https://sgfm.elcorteingles.es/SGFM/00/02/9/0120904100029/0120904100029000g01011.jpg","price":"1,90 €","price_unit":"(1,90 € / Litro)","categories":["Supermercado","Alimentación General","Aceites","Aceite de girasol y semillas","COOSOL Premium aceite refinado de girasol especial freír botella 1 l"],"general_information":["Denominación del alimento: Aceite Refinado de Girasol","País de origen: España","Nombre del operador: Aceites del Sur- Coosur S.A.","Dirección del operador: Ctra. La Carolina Km 29. 23220 Vilches (Jaén)","Cantidad Neta: 1 Litros"],"ingredients":[" Aceite refinado de girasol, antioxidantes: Vitamina E, palmitato de ascorbilo, galato de propilo, antiespumante: E-900"],"conservation":" Preservar del calor y del exceso de luz","ean":"8411190102320"},{"full_name":"KOIPESOL aceite de girasol bidón 5 l","name":"aceite de girasol bidón 5 l","brand":"KOIPESOL ","img":"https://sgfm.elcorteingles.es/SGFM/dctm/MEDIA03/201703/13/00120904200050____2__600x600.jpg","price":"7,63 €","price_unit":"(1,53 € / Litro)","categories":["Supermercado","Alimentación General","Aceites","Aceite de girasol y semillas","KOIPESOL aceite de girasol bidón 5 l"],"general_information":["Denominación del alimento: Aceite Refinado De Girasol","País de origen: España","Nombre del operador: Deoleo S.A.","Dirección del operador: Ctra. N.IV. Km.388-14610 Alcolea (Córdoba)","Cantidad Neta: 5000 Mililitros"],"ingredients":[" Aceite refinado de girasol, antioxidantes E306 y E304, antiespumante E900."],"conservation":" Mantener en lugar fresco y seco.","ean":"8410270027041"},{"full_name":"KOIPESOL aceite de girasol botella 1 l","name":"aceite de girasol botella 1 l","brand":"KOIPESOL ","img":"https://sgfm.elcorteingles.es/SGFM/dctm/MEDIA03/201703/13/00120904100045____7__600x600.jpg","price":"1,87 €","price_unit":"(1,87 € / Litro)","categories":["Supermercado","Alimentación General","Aceites","Aceite de girasol y semillas","KOIPESOL aceite de girasol botella 1 l"],"general_information":["Denominación del alimento: Aceite Refinado De Girasol","País de origen: España","Nombre del operador: Deoleo S.A.","Dirección del operador: Ctra. N.IV. Km.388-14610 Alcolea (Córdoba)","Cantidad Neta: 1000 Mililitros"],"ingredients":[" Aceite refinado de girasol, antioxidantes E306 y E304, antiespumante E900."],"conservation":" Mantener en lugar fresco y seco.","ean":"8410270027010"},{"full_name":"KOIPE ASUA aceite de maíz botella 1 l","name":"aceite de maíz botella 1 l","brand":"KOIPE ASUA ","img":"https://sgfm.elcorteingles.es/SGFM/dctm/MEDIA03/201703/13/00120903600011____2__600x600.jpg","price":"1,96 €","price_unit":"(1,96 € / Litro)","categories":["Supermercado","Alimentación General","Aceites","Aceite de girasol y semillas","KOIPE ASUA aceite de maíz botella 1 l"],"general_information":["Denominación del alimento: Aceite Refinado De Germen De $Maiz$","País de origen: España","Nombre del operador: Deoleo S.A.","Dirección del operador: Ctra. N.IV. Km.388-14610 Alcolea (Córdoba)","Cantidad Neta: 1000 Mililitros"],"ingredients":[" Aceite Refinado de Germen de maiz"],"conservation":" Mantener en lugar fresco y seco.","ean":"8410270042204"},{"full_name":"KOIPE Fritos aceite de girasol especial para freir botella 1 l","name":"Fritos aceite de girasol especial para freir botella 1 l","brand":"KOIPE ","img":"https://sgfm.elcorteingles.es/SGFM/dctm/MEDIA03/201703/13/00120903600144____3__600x600.jpg","price":"1,95 €","price_unit":"(1,95 € / Litro)","categories":["Supermercado","Alimentación General","Aceites","Aceite de girasol y semillas","KOIPE Fritos aceite de girasol especial para freir botella 1 l"],"general_information":["Denominación del alimento: Aceite Refinado De Girasol","País de origen: España","Nombre del operador: Deoleo S.A.","Dirección del operador: C/Marie Curie, 7. Edificio Beta  28521 Rivas-Vacimadrid Madrid(Espana)","Cantidad Neta: 1000 Mililitros"],"ingredients":[" Aceite refinado de girasol y oleína de palma."],"conservation":" Mantener en lugar fresco y seco.","ean":"8410270210603"},{"full_name":"BORGESOL aceite de girasol rico en vitamina E botella 1 l","name":"aceite de girasol rico en vitamina E botella 1 l","brand":"BORGESOL ","img":"https://sgfm.elcorteingles.es/SGFM/00/03/7/0120904100037/0120904100037000g01011.jpg","price":"1,94 €","price_unit":"(1,94 € / Litro)","categories":["Supermercado","Alimentación General","Aceites","Aceite de girasol y semillas","BORGESOL aceite de girasol rico en vitamina E botella 1 l"],"general_information":["Denominación del alimento: Aceite refinado de girasol.","País de origen: España","Nombre del operador: Borges Branded Foods, SLU.","Dirección del operador: Avda. Josep Trepat, s/n 25300 Tárrega (Lérida).","Lugar de procedencia del alimento: España","Cantidad Neta: 1000 Mililitros"],"ingredients":[" Aceite refinado de girasol."],"conservation":" Almacenar en un lugar fresco y seco, lejos de la luz solar. Cerrar despues de cada uso.","ean":"8410179202006"},{"full_name":"LA ESPAÑOLA SOY PLUS aceite de semillas de girasol con Omega 3 botella 1 l","name":"aceite de semillas de girasol con Omega 3 botella 1 l","brand":"LA ESPAÑOLA SOY PLUS ","img":"https://sgfm.elcorteingles.es/SGFM//00/02/9/0120903600029/0120903600029000g01011.jpg","price":"2,20 €            ","price_unit":"(1,79 € / Litro)","categories":["Supermercado","Alimentación General","Aceites","Aceite de girasol y semillas","LA ESPAÑOLA SOY PLUS aceite de semillas de girasol con Omega 3 botella 1 l"],"general_information":["Denominación del alimento: Preparado graso a base de aceites refinados de semillas, soja , girasol y Omega 3","País de origen: España","Nombre del operador: Aceites del Sur- Coosur S.A.","Dirección del operador: Ctra. La Carolina Km 29. 23220 Vilches (Jaén)","Cantidad Neta: 1 Litros","Otras menciones obligatorias en la etiqueta: Alto contenido en ácidos grasos Omega 3"],"ingredients":[" Aceite refinado de soja 70%, girasol 20%, semillas 9,5%, omega 3 (aceite de pescado) 0,5% y antiespumante E-900. Esencia de limón"],"conservation":" Preservar del calor y del exceso de luz","ean":"8410660109579"},{"full_name":"LA ESPAÑOLA SOY PLUS Soja + Nueces aceite de semillas, girasol, soja y nueces botella 1 l","name":"Soja + Nueces aceite de semillas, girasol, soja y nueces botella 1 l","brand":"LA ESPAÑOLA SOY PLUS ","img":"https://sgfm.elcorteingles.es/SGFM/dctm/MEDIA03/201709/25/00120903600151____2__600x600.jpg","price":"1,93 €            ","price_unit":"(1,99 € / Litro)","categories":["Supermercado","Alimentación General","Aceites","Aceite de girasol y semillas","LA ESPAÑOLA SOY PLUS Soja + Nueces aceite de semillas, girasol, soja y nueces botella 1 l"],"general_information":["Denominación del alimento: Preparado graso Nutraceite Soja+Nuez","País de origen: España","Nombre del operador: Aceites del Sur- Coosur S.A.","Dirección del operador: Ctra. La Carolina Km 29. 23220 Vilches (Jaén)","Cantidad Neta: 750 Mililitros","Otras menciones obligatorias en la etiqueta: Alto contenido en ácidos grasos Omega 3"],"ingredients":[" Aceite de soja 95%, aceite refinado de nuez 5%, antioxidante: extracto de romero y aroma"],"conservation":" Preservar del calor y del exceso de luz","ean":"8410660046126"},{"full_name":"ELOSOL aceite refinado de girasol botella 1 l","name":"aceite refinado de girasol botella 1 l","brand":"ELOSOL ","img":"https://sgfm.elcorteingles.es/SGFM/dctm/MEDIA03/201607/11/00120904100177____4__600x600.jpg","price":"1,99 €","price_unit":"(1,99 € / Litro)","categories":["Supermercado","Alimentación General","Aceites","Aceite de girasol y semillas","ELOSOL aceite refinado de girasol botella 1 l"],"general_information":["Denominación del alimento: Aceite Refinado De Girasol","País de origen: España","Nombre del operador: Deoleo S.A.","Dirección del operador: Ctra. N.IV. Km.388-14610 Alcolea (Córdoba)","Cantidad Neta: 1000 Mililitros"],"ingredients":[" Aceite Refinado de girasol"],"conservation":" Mantener en lugar fresco y seco.","ean":"8410125112885"},{"full_name":"ABRILSOL aceite de girasol botella 1 l","name":"aceite de girasol botella 1 l","brand":"ABRILSOL ","img":"https://sgfm.elcorteingles.es/SGFM/dctm/MEDIA03/201606/22/00120904100128____1__600x600.jpg","price":"1,14 €","price_unit":"(1,14 € / Litro)","categories":["Supermercado","Alimentación General","Aceites","Aceite de girasol y semillas","ABRILSOL aceite de girasol botella 1 l"],"general_information":["Denominación del alimento: Aceite refinado de girasol","País de origen: España","Nombre del operador: Aceites Abril S.L.","Dirección del operador: Pol. Ind. San Cibrao, C/6, Nº 18 32901 San Cibrao das Viñas Ourense","Cantidad Neta: 1 Litros"],"ingredients":[" Aceite de girasol refinado"],"conservation":" Conservar en lugar fresco y seco. Proteger de la luz.","ean":"8436001253466"},{"full_name":"DOUBLE PAGODA aceite de sesamo botella 150 ml","name":"aceite de sesamo botella 150 ml","brand":"DOUBLE PAGODA ","img":"https://sgfm.elcorteingles.es/SGFM/dctm/MEDIA03/201703/24/00120903600185____1__600x600.jpg","price":"3,40 €","price_unit":"(22,67 € / Litro)","categories":["Supermercado","Alimentación General","Aceites","Aceite de girasol y semillas","DOUBLE PAGODA aceite de sesamo botella 150 ml"],"general_information":["Denominación del alimento: Aceite de sésamo","País de origen: Singapur","Nombre del operador: Veldis S.A.","Dirección del operador: C/Puerto de Navacerrada, 59. 28935 Móstoles (Madrid) España","Cantidad Neta: 150 Mililitros","Otras menciones obligatorias en la etiqueta: El producto puede presentar sedimentos naturales."],"ingredients":[" Aceite de sésamo"],"conservation":" Almacenar protegido de la luz directa y lejos de fuentes de calor.","ean":"8888007100112"}]