[{"full_name":"ALIADA agua mineral natural garrafa 6,5 l","name":"agua mineral natural garrafa 6,5 l","brand":"ALIADA ","img":"https://sgfm.elcorteingles.es/SGFM/00/73/9/0118630400739/0118630400739000g01011.jpg","price":"0,59 €","price_unit":"(0,09 € / Litro)","categories":["Supermercado","Bebidas","Agua, Refrescos y Zumos","Agua y soda","Agua mineral sin gas","ALIADA agua mineral natural garrafa 6,5 l"],"general_information":["Denominación del alimento: Agua mineral natural","Nombre del operador: El Corte Inglés  S.A","Dirección del operador: C/Hermosilla, 112 -28009 Madrid (Madrid)","Cantidad Neta: 6.5 Litros","Otras menciones obligatorias en la etiqueta: De mineralización débil, indicada para dietas  pobres en sodio. Apta para la preparación de alimentos infantiles."],"ingredients":[" Residuo seco a 180° 205 mg, bicarbonatos 156 mg, sulfatos 4.6 mg, cloruros 18.9 mg, calcio 35.2 mg, magnesio 15.1, sodio 8.6, silice 26.9 mg."],"conservation":" Conservar en lugar limpio, fresco, seco y preservado de olores agresivos. Proteger de la luz solar.","ean":"8433329000864"},{"full_name":"ALIADA agua mineral natural botella 1,5 l","name":"agua mineral natural botella 1,5 l","brand":"ALIADA ","img":"https://sgfm.elcorteingles.es/SGFM/02/32/9/0118630002329/0118630002329000g01011.jpg","price":"0,21 €","price_unit":"(0,14 € / Litro)","categories":["Supermercado","Bebidas","Agua, Refrescos y Zumos","Agua y soda","Agua mineral sin gas","ALIADA agua mineral natural botella 1,5 l"],"general_information":[],"ingredients":[],"ean":"8413402900038"},{"full_name":"ALIADA agua mineral natural pack 6 botellas 50 cl","name":"agua mineral natural pack 6 botellas 50 cl","brand":"ALIADA ","img":"https://sgfm.elcorteingles.es/SGFM/01/04/7/0118630601047/0118630601047000g01011.jpg","price":"0,99 €","price_unit":"(0,33 € / Litro)","categories":["Supermercado","Bebidas","Agua, Refrescos y Zumos","Agua y soda","Agua mineral sin gas","ALIADA agua mineral natural pack 6 botellas 50 cl"],"general_information":["Denominación del alimento: Agua mineral natural","Nombre del operador: El Corte Inglés  S.A","Dirección del operador: C/Hermosilla, 112 -28009 Madrid (Madrid)","Cantidad Neta: 300 Centilitros","Otras menciones obligatorias en la etiqueta: De mineralización débil, indicada para dietas  pobres en sodio. Apta para la preparación de alimentos infantiles."],"ingredients":[" Residuo seco a 180° 205 mg, bicarbonatos 156 mg, sulfatos 4.6 mg, cloruros 18.9 mg, calcio 35.2 mg, magnesio 15.1, sodio 8.6, silice 26.9 mg."],"conservation":" Conservar en lugar limpio, fresco, seco y preservado de olores agresivos. Proteger de la luz solar.","ean":"8433329000871"},{"full_name":"EL CORTE INGLES agua mineral natural garrafa 5 l","name":"agua mineral natural garrafa 5 l","brand":"EL CORTE INGLES ","img":"https://sgfm.elcorteingles.es/SGFM/00/49/9/0118630400499/0118630400499000g01011.jpg","price":"0,68 €","price_unit":"(0,14 € / Litro)","categories":["Supermercado","Bebidas","Agua, Refrescos y Zumos","Agua y soda","Agua mineral sin gas","EL CORTE INGLES agua mineral natural garrafa 5 l"],"general_information":["Denominación del alimento: Agua Mineral Natural.","Nombre del operador: C. Navalpotro S.A.","Dirección del operador: Ctra. De Soria s/n (42200 Almazán, Soria).","Lugar de procedencia del alimento: Manantial Montepinos.","Cantidad Neta: 5,0 Litros"],"ingredients":[" Agua Mineral natural."],"conservation":" Conservar en lugar seco y fresco. Proteger de la luz solar.","ean":"8414932001844"},{"full_name":"EL CORTE INGLES agua mineral natural botella 1,5 l","name":"agua mineral natural botella 1,5 l","brand":"EL CORTE INGLES ","img":"https://sgfm.elcorteingles.es/SGFM/00/84/4/0118630000844/0118630000844000g01011.jpg","price":"0,38 €","price_unit":"(0,25 € / Litro)","categories":["Supermercado","Bebidas","Agua, Refrescos y Zumos","Agua y soda","Agua mineral sin gas","EL CORTE INGLES agua mineral natural botella 1,5 l"],"general_information":["Denominación del alimento: Agua Mineral Natural.","Nombre del operador: C. Navalpotro S.A.","Dirección del operador: Ctra. De Soria s/n (42200 Almazán, Soria).","Lugar de procedencia del alimento: Manantial Montepinos.","Cantidad Neta: 1,5 Litros"],"ingredients":[" Agua Mineral natural."],"conservation":" Conservar en lugar seco y fresco. Proteger de la luz solar.","ean":"8414932001608"},{"full_name":"EL CORTE INGLES agua mineral natural de mineralización muy débil botella 1,5 l","name":"agua mineral natural de mineralización muy débil botella 1,5 l","brand":"EL CORTE INGLES ","img":"https://sgfm.elcorteingles.es/SGFM/dctm/MEDIA02/CONTENIDOS/201408/19/00118630003285____1__600x600.jpg","price":"0,44 €","price_unit":"(0,29 € / Litro)","categories":["Supermercado","Bebidas","Agua, Refrescos y Zumos","Agua y soda","Agua mineral sin gas","EL CORTE INGLES agua mineral natural de mineralización muy débil botella 1,5 l"],"general_information":["Nombre del operador: Envasada para El Corte Inglés. Distribuída por C.Navalpotro,S.L . Ctra. de Soria s/n ? 42200 Almazán (Soria) ESPAÑA .","Lugar de procedencia del alimento: MANANTIAL ? LANDÍN?\nPonteareas (Pontevedra) España"],"ingredients":[" Composición analítica en (mg/l): Residuo seco a 180ºC 32;Bicarbonatos 4;Sodio 5,72;Cloruro 7,46;Calcio 1,63. CNTA."],"conservation":" Conservar en lugar limpio, fresco,  seco y preservado de olores agresivos\nProteger de la luz solar","ean":"8433329047418"},{"full_name":"EL CORTE INGLES agua mineral natural botella 50 cl","name":"agua mineral natural botella 50 cl","brand":"EL CORTE INGLES ","img":"https://sgfm.elcorteingles.es/SGFM/00/75/9/0118630600759/0118630600759000g01011.jpg","price":"0,30 €","price_unit":"(0,60 € / Litro)","categories":["Supermercado","Bebidas","Agua, Refrescos y Zumos","Agua y soda","Agua mineral sin gas","EL CORTE INGLES agua mineral natural botella 50 cl"],"general_information":["Denominación del alimento: Agua Mineral Natural.","Nombre del operador: C. Navalpotro S.A.","Dirección del operador: Ctra. De Soria s/n (42200 Almazán, Soria).","Lugar de procedencia del alimento: Manantial Montepinos.","Cantidad Neta: 50,0 Centilitros"],"ingredients":[" Agua Mineral natural."],"conservation":" Conservar en lugar seco y fresco. Proteger de la luz solar.","ean":"8414932001509"},{"full_name":"EL CORTE INGLES agua mineral natural botella 33 cl","name":"agua mineral natural botella 33 cl","brand":"EL CORTE INGLES ","img":"https://sgfm.elcorteingles.es/SGFM/00/79/1/0118630600791/0118630600791000g01011.jpg","price":"0,22 €","price_unit":"(0,67 € / Litro)","categories":["Supermercado","Bebidas","Agua, Refrescos y Zumos","Agua y soda","Agua mineral sin gas","EL CORTE INGLES agua mineral natural botella 33 cl"],"general_information":["Denominación del alimento: Agua Mineral Natural.","Nombre del operador: C. Navalpotro S.A.","Dirección del operador: Ctra. De Soria s/n (42200 Almazán, Soria).","Lugar de procedencia del alimento: Manantial Montepinos.","Cantidad Neta: 33,0 Centilitros"],"ingredients":[" Agua Mineral natural."],"conservation":" Conservar en lugar seco y fresco. Proteger de la luz solar.","ean":"8414932001400"},{"full_name":"EL CORTE INGLES agua mineral natural de mineralización muy débil botella 33 cl con tapón sport","name":"agua mineral natural de mineralización muy débil botella 33 cl","brand":"EL CORTE INGLES ","img":"https://sgfm.elcorteingles.es/SGFM/dctm/MEDIA02/CONTENIDOS/201408/19/00118630601351____1__600x600.jpg","price":"0,25 €","price_unit":"(0,76 € / Litro)","categories":["Supermercado","Bebidas","Agua, Refrescos y Zumos","Agua y soda","Agua mineral sin gas","EL CORTE INGLES agua mineral natural de mineralización muy débil botella 33 cl con tapón sport"],"general_information":["Nombre del operador: Distribuida para El Corte Inglés por\nBalnear, S.L. CL Riera Can Pahisa, 8-10 \nPolig. Ind. El Pla Molins de Rei (Barcelona) ESPAÑA"],"ingredients":[" Composición analítica en (mg/l): Residuo seco a 180ºC 32;Bicarbonatos 4;Sodio 5,72;Cloruro 7,46;Calcio 1,63. CNTA."],"conservation":" Conservar en lugar limpio, fresco,  seco y preservado de olores agresivos\nProteger de la luz solar","ean":"8433329047395"},{"full_name":"FONT VELLA agua mineral natural garrafa 6,25 l","name":"agua mineral natural garrafa 6,25 l","brand":"FONT VELLA ","img":"https://sgfm.elcorteingles.es/SGFM/dctm/MEDIA03/201606/13/00118630400341____2__600x600.jpg","price":"1,98 €","price_unit":"(0,32 € / Litro)","categories":["Supermercado","Bebidas","Agua, Refrescos y Zumos","Agua y soda","Agua mineral sin gas","FONT VELLA agua mineral natural garrafa 6,25 l"],"general_information":["Denominación del alimento: agua mineral natural","Nombre del operador: AGUAS FONT VELLA Y LANJARON S.A.","Dirección del operador: calle Buenos Aires, 21 - 08029 Barcelona","Lugar de procedencia del alimento: Manantial Font Vella SACALM y Manantial Font Vella SIGUENZA","Cantidad Neta: 6.25 Litros"],"ingredients":[" Manantial Font Vella SACALM: Conductividad (uS/cm) 303.Bicarbonatos 167·Calcio 43,2· Magnesio 11,5· Sodio 12,3 (CNTA-2013) ; MANANTIAL Font Vella SIGUENZA: Conductividad (uS/cm) 530.Bicarbonatos 312·Calcio 86,1· Magnesio 22,5· Sodio 8,1 (CNTA-2013)"],"conservation":" Conservar en lugar límpio, fresco y seco. Proteger de la luz solar y de olores agresivos.  Evitar contacto directo con el suelo. Exija que se abra la botella en su presencia.No reutilizar este envase.","ean":"8410055501131"},{"full_name":"FONT VELLA agua mineral natural botella 2,5 l","name":"agua mineral natural botella 2,5 l","brand":"FONT VELLA ","img":"https://sgfm.elcorteingles.es/SGFM/dctm/MEDIA02/CONTENIDOS/201509/24/00118630003095____2__600x600.jpg","price":"0,89 €","price_unit":"(0,36 € / Litro)","categories":["Supermercado","Bebidas","Agua, Refrescos y Zumos","Agua y soda","Agua mineral sin gas","FONT VELLA agua mineral natural botella 2,5 l"],"general_information":["Denominación del alimento: agua mineral natural","Nombre del operador: AGUAS FONT VELLA Y LANJARON S.A.","Dirección del operador: calle Buenos Aires, 21 - 08029 Barcelona","Lugar de procedencia del alimento: Manantial Font Vella SACALM y Manantial Font Vella SIGUENZA","Cantidad Neta: 2.5 Litros"],"ingredients":[" Manantial Font Vella SACALM: Conductividad (uS/cm) 303.Bicarbonatos 167·Calcio 43,2· Magnesio 11,5· Sodio 12,3 (CNTA-2013)"],"conservation":" Conservar en lugar límpio, fresco y seco. Proteger de la luz solar y de olores agresivos.  Evitar contacto directo con el suelo. Exija que se abra la botella en su presencia.No reutilizar este envase.","ean":"8410055300000"},{"full_name":"FONT VELLA agua mineral natural botella 2 l","name":"agua mineral natural botella 2 l","brand":"FONT VELLA ","img":"https://sgfm.elcorteingles.es/SGFM/dctm/MEDIA02/CONTENIDOS/201509/24/00118630000679____1__600x600.jpg","price":"0,73 €","price_unit":"(0,36 € / Litro)","categories":["Supermercado","Bebidas","Agua, Refrescos y Zumos","Agua y soda","Agua mineral sin gas","FONT VELLA agua mineral natural botella 2 l"],"general_information":["Denominación del alimento: agua mineral natural","Nombre del operador: AGUAS FONT VELLA Y LANJARON S.A.","Dirección del operador: calle Buenos Aires, 21 - 08029 Barcelona","Lugar de procedencia del alimento: Manantial Font Vella SACALM y Manantial Font Vella SIGUENZA","Cantidad Neta: 2 Litros"],"ingredients":[" Manantial Font Vella SACALM: Conductividad (uS/cm) 303.Bicarbonatos 167·Calcio 43,2· Magnesio 11,5· Sodio 12,3 (CNTA-2013) ; MANANTIAL Font Vella SIGUENZA: Conductividad (uS/cm) 530.Bicarbonatos 312·Calcio 86,1· Magnesio 22,5· Sodio 8,1 (CNTA-2013)"],"conservation":" Conservar en lugar límpio, fresco y seco. Proteger de la luz solar y de olores agresivos.  Evitar contacto directo con el suelo. Exija que se abra la botella en su presencia.No reutilizar este envase.","ean":"8410055200010"},{"full_name":"FONT VELLA agua mineral natural botella 1,5 l","name":"agua mineral natural botella 1,5 l","brand":"FONT VELLA ","img":"https://sgfm.elcorteingles.es/SGFM/dctm/MEDIA03/201606/13/00118630000745____2__600x600.jpg","price":"0,57 €","price_unit":"(0,38 € / Litro)","categories":["Supermercado","Bebidas","Agua, Refrescos y Zumos","Agua y soda","Agua mineral sin gas","FONT VELLA agua mineral natural botella 1,5 l"],"general_information":["Denominación del alimento: agua mineral natural","Nombre del operador: AGUAS FONT VELLA Y LANJARON S.A.","Dirección del operador: calle Buenos Aires, 21 - 08029 Barcelona","Lugar de procedencia del alimento: Manantial Font Vella SACALM y Manantial Font Vella SIGUENZA","Cantidad Neta: 1.5 Litros"],"ingredients":[" Manantial Font Vella SACALM: Conductividad (uS/cm) 303.Bicarbonatos 167·Calcio 43,2· Magnesio 11,5· Sodio 12,3 (CNTA-2013) ; MANANTIAL Font Vella SIGUENZA: Conductividad (uS/cm) 530.Bicarbonatos 312·Calcio 86,1· Magnesio 22,5· Sodio 8,1 (CNTA-2013)"],"conservation":" Conservar en lugar límpio, fresco y seco. Proteger de la luz solar y de olores agresivos.  Evitar contacto directo con el suelo. Exija que se abra la botella en su presencia.No reutilizar este envase.","ean":"8410055150018"},{"full_name":"FONT VELLA agua mineral natural botella 1 l","name":"agua mineral natural botella 1 l","brand":"FONT VELLA ","img":"https://sgfm.elcorteingles.es/SGFM/dctm/MEDIA02/CONTENIDOS/201509/24/00118630001271____1__600x600.jpg","price":"0,57 €","price_unit":"(0,57 € / Litro)","categories":["Supermercado","Bebidas","Agua, Refrescos y Zumos","Agua y soda","Agua mineral sin gas","FONT VELLA agua mineral natural botella 1 l"],"general_information":["Denominación del alimento: agua mineral natural","Nombre del operador: AGUAS FONT VELLA Y LANJARON S.A.","Dirección del operador: calle Buenos Aires, 21 - 08029 Barcelona","Lugar de procedencia del alimento: Manantial Font Vella SACALM y Manantial Font Vella SIGUENZA","Cantidad Neta: 1 Litros"],"ingredients":[" Manantial Font Vella SACALM: Conductividad (uS/cm) 303.Bicarbonatos 167·Calcio 43,2· Magnesio 11,5· Sodio 12,3 (CNTA-2013)"],"conservation":" Conservar en lugar límpio, fresco y seco. Proteger de la luz solar y de olores agresivos.  Evitar contacto directo con el suelo. Exija que se abra la botella en su presencia.No reutilizar este envase.","ean":"8410055125023"},{"full_name":"FONT VELLA Premium agua mineral natural sin gas botella 1,25 l","name":"Premium agua mineral natural sin gas botella 1,25 l","brand":"FONT VELLA ","img":"https://sgfm.elcorteingles.es/SGFM/dctm/MEDIA03/201712/13/00118630003624____1__600x600.jpg","price":"0,65 €            ","price_unit":"(0,47 € / Litro)","categories":["Supermercado","Bebidas","Agua, Refrescos y Zumos","Agua y soda","Agua mineral sin gas","FONT VELLA Premium agua mineral natural sin gas botella 1,25 l"],"general_information":["Denominación del alimento: agua mineral natural","Nombre del operador: AGUAS FONT VELLA Y LANJARON S.A.","Dirección del operador: calle Buenos Aires, 21 - 08029 Barcelona","Lugar de procedencia del alimento: Manantial Font Vella SACALM y Manantial Font Vella SIGUENZA","Cantidad Neta: 1.25 Litros"],"ingredients":[" Manantial Font Vella SACALM: Conductividad (uS/cm) 303.Bicarbonatos 167·Calcio 43,2· Magnesio 11,5· Sodio 12,3 (CNTA-2013) ; MANANTIAL Font Vella SIGUENZA: Conductividad (uS/cm) 530.Bicarbonatos 312·Calcio 86,1· Magnesio 22,5· Sodio 8,1 (CNTA-2013)"],"conservation":" Conservar en lugar límpio, fresco y seco. Proteger de la luz solar y de olores agresivos.  Evitar contacto directo con el suelo. Exija que se abra la botella en su presencia.No reutilizar este envase.","ean":"8410055620030"},{"full_name":"FONT VELLA agua mineral natural botella 75 cl con tapón Sport","name":"agua mineral natural botella 75 cl","brand":"FONT VELLA ","img":"https://sgfm.elcorteingles.es/SGFM/dctm/MEDIA03/201704/17/00118630601591____1__600x600.jpg","price":"0,65 €","price_unit":"(0,87 € / Litro)","categories":["Supermercado","Bebidas","Agua, Refrescos y Zumos","Agua y soda","Agua mineral sin gas","FONT VELLA agua mineral natural botella 75 cl con tapón Sport"],"general_information":["Denominación del alimento: agua mineral natural","Nombre del operador: AGUAS FONT VELLA Y LANJARON S.A.","Dirección del operador: calle Buenos Aires, 21 - 08029 Barcelona","Lugar de procedencia del alimento: Manantial Font Vella SACALM y Manantial Font Vella SIGUENZA","Cantidad Neta: 0.75 Litros"],"ingredients":[" Manantial Font Vella SACALM: Conductividad (uS/cm) 303.Bicarbonatos 167·Calcio 43,2· Magnesio 11,5· Sodio 12,3 (CNTA-2013)"],"conservation":" Conservar en lugar límpio, fresco y seco. Proteger de la luz solar y de olores agresivos.  Evitar contacto directo con el suelo. Exija que se abra la botella en su presencia.No reutilizar este envase.","ean":"8410055620016"},{"full_name":"FONT VELLA agua mineral natural botella 50 cl","name":"agua mineral natural botella 50 cl","brand":"FONT VELLA ","img":"https://sgfm.elcorteingles.es/SGFM/dctm/MEDIA02/CONTENIDOS/201509/24/00118630600742____1__600x600.jpg","price":"0,48 €","price_unit":"(0,96 € / Litro)","categories":["Supermercado","Bebidas","Agua, Refrescos y Zumos","Agua y soda","Agua mineral sin gas","FONT VELLA agua mineral natural botella 50 cl"],"general_information":["Denominación del alimento: agua mineral natural","Nombre del operador: AGUAS FONT VELLA Y LANJARON S.A.","Dirección del operador: calle Buenos Aires, 21 - 08029 Barcelona","Lugar de procedencia del alimento: Manantial Font Vella SACALM y Manantial Font Vella SIGUENZA","Cantidad Neta: 0.5 Litros"],"ingredients":[" Manantial Font Vella SACALM: Conductividad (uS/cm) 303.Bicarbonatos 167·Calcio 43,2· Magnesio 11,5· Sodio 12,3 (CNTA-2013) ; MANANTIAL Font Vella SIGUENZA: Conductividad (uS/cm) 530.Bicarbonatos 312·Calcio 86,1· Magnesio 22,5· Sodio 8,1 (CNTA-2013)"],"conservation":" Conservar en lugar límpio, fresco y seco. Proteger de la luz solar y de olores agresivos.  Evitar contacto directo con el suelo. Exija que se abra la botella en su presencia.No reutilizar este envase.","ean":"8410055050011"},{"full_name":"FONT VELLA agua mineral natural botella 33 cl con tapón Sport","name":"agua mineral natural botella 33 cl","brand":"FONT VELLA ","img":"https://sgfm.elcorteingles.es/SGFM/dctm/MEDIA03/201707/08/00118630600080____2__600x600.jpg","price":"0,41 €","price_unit":"(1,24 € / Litro)","categories":["Supermercado","Bebidas","Agua, Refrescos y Zumos","Agua y soda","Agua mineral sin gas","FONT VELLA agua mineral natural botella 33 cl con tapón Sport"],"general_information":["Denominación del alimento: agua mineral natural","Nombre del operador: AGUAS FONT VELLA Y LANJARON S.A.","Dirección del operador: calle Buenos Aires, 21 - 08029 Barcelona","Lugar de procedencia del alimento: Manantial Font Vella SACALM y Manantial Font Vella SIGUENZA","Cantidad Neta: 0.33 Litros"],"ingredients":[" Manantial Font Vella SACALM: Conductividad (uS/cm) 303.Bicarbonatos 167·Calcio 43,2· Magnesio 11,5· Sodio 12,3 (CNTA-2013) ; MANANTIAL Font Vella SIGUENZA: Conductividad (uS/cm) 530.Bicarbonatos 312·Calcio 86,1· Magnesio 22,5· Sodio 8,1 (CNTA-2013)"],"conservation":" Conservar en lugar límpio, fresco y seco. Proteger de la luz solar y de olores agresivos.  Evitar contacto directo con el suelo. Exija que se abra la botella en su presencia.No reutilizar este envase.","ean":"8410055033014"},{"full_name":"FONT VELLA agua mineral natural botella 33 cl","name":"agua mineral natural botella 33 cl","brand":"FONT VELLA ","img":"https://sgfm.elcorteingles.es/SGFM/dctm/MEDIA02/CONTENIDOS/201509/24/00118630600775____1__600x600.jpg","price":"0,45 €","categories":["Supermercado","Bebidas","Agua, Refrescos y Zumos","Agua y soda","Agua mineral sin gas","FONT VELLA agua mineral natural botella 33 cl"],"general_information":["Denominación del alimento: agua mineral natural","Nombre del operador: AGUAS FONT VELLA Y LANJARON S.A.","Dirección del operador: calle Buenos Aires, 21 - 08029 Barcelona","Lugar de procedencia del alimento: Manantial Font Vella SACALM y Manantial Font Vella SIGUENZA","Cantidad Neta: 0.33 Litros"],"ingredients":[" Manantial Font Vella SACALM: Conductividad (uS/cm) 303.Bicarbonatos 167·Calcio 43,2· Magnesio 11,5· Sodio 12,3 (CNTA-2013) ; MANANTIAL Font Vella SIGUENZA: Conductividad (uS/cm) 530.Bicarbonatos 312·Calcio 86,1· Magnesio 22,5· Sodio 8,1 (CNTA-2013)"],"conservation":" Conservar en lugar límpio, fresco y seco. Proteger de la luz solar y de olores agresivos.  Evitar contacto directo con el suelo. Exija que se abra la botella en su presencia.No reutilizar este envase.","ean":"8410055033021"},{"full_name":"FONT VELLA KIDS agua mineral natural sin gas botella 33 cl (Personajes surtidos según existencias)","name":"KIDS agua mineral natural sin gas botella 33 cl","brand":"FONT VELLA ","img":"https://sgfm.elcorteingles.es/SGFM/dctm/MEDIA03/201704/10/00118630601377____7__600x600.jpg","price":"0,50 €","price_unit":"(1,52 € / Litro)","categories":["Supermercado","Bebidas","Agua, Refrescos y Zumos","Agua y soda","Agua mineral sin gas","FONT VELLA KIDS agua mineral natural sin gas botella 33 cl (Personajes surtidos según existencias)"],"general_information":["Denominación del alimento: agua mineral natural","Nombre del operador: AGUAS FONT VELLA Y LANJARON S.A.","Dirección del operador: calle Buenos Aires, 21 - 08029 Barcelona","Lugar de procedencia del alimento: Manantial Font Vella SACALM y Manantial Font Vella SIGUENZA","Cantidad Neta: 0.33 Litros"],"ingredients":[" Manantial Font Vella SACALM: Conductividad (uS/cm) 303.Bicarbonatos 167·Calcio 43,2· Magnesio 11,5· Sodio 12,3 (CNTA-2013)"],"conservation":" Conservar en lugar límpio, fresco y seco. Proteger de la luz solar y de olores agresivos.  Evitar contacto directo con el suelo. Exija que se abra la botella en su presencia.No reutilizar este envase.","ean":"8410055033601"},{"full_name":"FONT VELLA KIDS agua mineral natural sin gas botella 33 cl (Personajes surtidos según existencias)","name":"KIDS agua mineral natural sin gas botella 33 cl","brand":"FONT VELLA ","img":"https://sgfm.elcorteingles.es/SGFM/dctm/MEDIA03/201707/08/00118630601419____13__600x600.jpg","price":"0,50 €","price_unit":"(1,52 € / Litro)","categories":["Supermercado","Bebidas","Agua, Refrescos y Zumos","Agua y soda","Agua mineral sin gas","FONT VELLA KIDS agua mineral natural sin gas botella 33 cl (Personajes surtidos según existencias)"],"general_information":["Denominación del alimento: agua mineral natural","Nombre del operador: AGUAS FONT VELLA Y LANJARON S.A.","Dirección del operador: calle Buenos Aires, 21 - 08029 Barcelona","Lugar de procedencia del alimento: Manantial Font Vella SACALM y Manantial Font Vella SIGUENZA","Cantidad Neta: 0.33 Litros"],"ingredients":[" Manantial Font Vella SACALM: Conductividad (uS/cm) 303.Bicarbonatos 167·Calcio 43,2· Magnesio 11,5· Sodio 12,3 (CNTA-2013)"],"conservation":" Conservar en lugar límpio, fresco y seco. Proteger de la luz solar y de olores agresivos.  Evitar contacto directo con el suelo. Exija que se abra la botella en su presencia.No reutilizar este envase.","ean":"8410055033700"},{"full_name":"FONT D'OR agua mineral garrafa 5 l","name":"agua mineral garrafa 5 l","brand":"FONT D'OR ","img":"https://sgfm.elcorteingles.es/SGFM/00/45/7/0118630400457/0118630400457000g01011.jpg","price":"1,52 €","price_unit":"(0,30 € / Litro)","categories":["Supermercado","Bebidas","Agua, Refrescos y Zumos","Agua y soda","Agua mineral sin gas","FONT D'OR agua mineral garrafa 5 l"],"general_information":["Denominación del alimento: Agua mineral natural","País de origen: España","Nombre del operador: Premium Mix Group, S.L.","Dirección del operador: Planta Fontdor, Crta. De Sant Hilari a Viladrau, km. 3,7 - 17403 Sant Hilari Sacalm","Lugar de procedencia del alimento: Manantial Fontdor","Cantidad Neta: 5 Litros","Otras menciones obligatorias en la etiqueta: Indicada en dietas pobres en sodio y en la preparación de alimentos infantiles."],"ingredients":[" Residuo seco(128,0 mg/l), bicarbonatos(78,8 mg/l), sulfatos(13,7 mg/l), cloruros(8,6 mg/l), sílice (13,9 mg/l), calcio (26,4 mg/l), magnesio (3,2 mg/l) y sodio (9,2 mg/l)."],"conservation":" Consevar en lugar fresco y seco, protegido de la luz solar y exento de olores intensos.","ean":"8410739500016"},{"full_name":"FONT D'OR agua mineral botella 1,5 l","name":"agua mineral botella 1,5 l","brand":"FONT D'OR ","img":"https://sgfm.elcorteingles.es/SGFM/00/31/5/0118630000315/0118630000315000g01011.jpg","price":"0,47 €","price_unit":"(0,31 € / Litro)","categories":["Supermercado","Bebidas","Agua, Refrescos y Zumos","Agua y soda","Agua mineral sin gas","FONT D'OR agua mineral botella 1,5 l"],"general_information":["Denominación del alimento: Agua mineral natural","País de origen: España","Nombre del operador: Premium Mix Group, S.L.","Dirección del operador: Planta Fontdor, Crta. De Sant Hilari a Viladrau, km. 3,7 - 17403 Sant Hilari Sacalm","Lugar de procedencia del alimento: Manantial Fontdor","Cantidad Neta: 1.5 Litros","Otras menciones obligatorias en la etiqueta: Indicada en dietas pobres en sodio y en la preparación de alimentos infantiles."],"ingredients":[" Residuo seco(128,0 mg/l), bicarbonatos(78,8 mg/l), sulfatos(13,7 mg/l), cloruros(8,6 mg/l), sílice (13,9 mg/l), calcio (26,4 mg/l), magnesio (3,2 mg/l) y sodio (9,2 mg/l)."],"conservation":" Consevar en lugar fresco y seco, protegido de la luz solar y exento de olores intensos.","ean":"8410739156602"},{"full_name":"FONT D'OR Maximum agua mineral natural botella 1 l cristal","name":"Maximum agua mineral natural botella 1 l","brand":"FONT D'OR ","img":"https://sgfm.elcorteingles.es/SGFM/dctm/MEDIA02/CONTENIDOS/201411/19/00118630002584____1__600x600.jpg","price":"1,03 €            ","price_unit":"(0,98 € / Litro)","categories":["Supermercado","Bebidas","Agua, Refrescos y Zumos","Agua y soda","Agua mineral sin gas","FONT D'OR Maximum agua mineral natural botella 1 l cristal"],"general_information":["Denominación del alimento: Agua mineral natural","País de origen: España","Nombre del operador: Premium Mix Group, S.L.","Dirección del operador: Planta Fontdor, Crta. De Sant Hilari a Viladrau, km. 3,7 - 17403 Sant Hilari Sacalm","Lugar de procedencia del alimento: Manantial Fontdor","Cantidad Neta: 1 Litros","Otras menciones obligatorias en la etiqueta: Indicada en dietas pobres en sodio y en la preparación de alimentos infantiles."],"ingredients":[" Residuo seco(128,0 mg/l), bicarbonatos(78,8 mg/l), sulfatos(13,7 mg/l), cloruros(8,6 mg/l), sílice (13,9 mg/l), calcio (26,4 mg/l), magnesio (3,2 mg/l) y sodio (9,2 mg/l)."],"conservation":" Consevar en lugar fresco y seco, protegido de la luz solar y exento de olores intensos.","ean":"8410739100025"},{"full_name":"FONT DEL REGAS agua mineral natural garrafa 8 l","name":"agua mineral natural garrafa 8 l","brand":"FONT DEL REGAS ","img":"https://sgfm.elcorteingles.es/SGFM/00/47/3/0118630400473/0118630400473000g01011.jpg","price":"1,98 €","price_unit":"(0,25 € / Litro)","categories":["Supermercado","Bebidas","Agua, Refrescos y Zumos","Agua y soda","Agua mineral sin gas","FONT DEL REGAS agua mineral natural garrafa 8 l"],"general_information":["Denominación del alimento: Agua mineral natural","País de origen: España","Nombre del operador: Font del Regàs S.L.","Dirección del operador: Afores, s/n - 17401 Arbúcies","Lugar de procedencia del alimento: Manantial Font del Regàs","Cantidad Neta: 8 Litros","Otras menciones obligatorias en la etiqueta: Indicada en dietas pobres en sodio y en la preparación de alimentos infantiles."],"ingredients":[" Residuo seco(167,0 mg/l), bicarbonatos(111,0 mg/l), sulfatos(9,2 mg/l), cloruros(18,9 mg/l), sílice (21,6 mg/l), calcio (26,6 mg/l), magnesio (1,3 mg/l) y sodio (28,2 mg/l)."],"conservation":" Consevar en lugar fresco y seco, protegido de la luz solar y exento de olores intensos.","ean":"8412686000281"},{"full_name":"FONTNOVA agua mineral garrafa 8 l","name":"agua mineral garrafa 8 l","brand":"FONTNOVA ","img":"https://sgfm.elcorteingles.es/SGFM/dctm/MEDIA02/CONTENIDOS/201407/21/00118630400440____1__600x600.jpg","price":"1,38 €","price_unit":"(0,17 € / Litro)","categories":["Supermercado","Bebidas","Agua, Refrescos y Zumos","Agua y soda","Agua mineral sin gas","FONTNOVA agua mineral garrafa 8 l"],"general_information":["Denominación del alimento: Agua mineral natural","Nombre del operador: Explotadora de Manantiales S.A","Dirección del operador: Pla de molí, s/n 43815 Aiguamurcia - Santa Creus (Tarragona)","Cantidad Neta: 8 Litros"],"ingredients":[" Análisis químico (en mg/L): Bicarbonato 270, Sulfatos 103, Cloruros 18, Calcio 74, Magnesio 36, Sodio 11, Sílice 55, Potasio 1,2, Residuo seco (a 180°C) 493"],"ean":"8422181000884"},{"full_name":"FONTAREL agua mineral natural botella 1,5 l","name":"agua mineral natural botella 1,5 l","brand":"FONTAREL ","img":"https://sgfm.elcorteingles.es/SGFM/dctm/MEDIA03/201704/10/00118630003525____1__600x600.jpg","price":"0,29 €","categories":["Supermercado","Bebidas","Agua, Refrescos y Zumos","Agua y soda","Agua mineral sin gas","FONTAREL agua mineral natural botella 1,5 l"],"general_information":[],"ingredients":[],"ean":"8428658000029"},{"full_name":"BEZOYA agua mineral natural de mineralización muy débil botella 1,5 l","name":"agua mineral natural de mineralización muy débil botella 1,5 l","brand":"BEZOYA ","img":"https://sgfm.elcorteingles.es/SGFM/dctm/MEDIA03/201605/27/00118630000539____1__600x600.jpg","price":"0,58 €","price_unit":"(0,39 € / Litro)","categories":["Supermercado","Bebidas","Agua, Refrescos y Zumos","Agua y soda","Agua mineral sin gas","BEZOYA agua mineral natural de mineralización muy débil botella 1,5 l"],"general_information":["Denominación del alimento: Agua mineral natural de mineralización muy débil","Nombre del operador: Calidad Pascual, SAU.","Dirección del operador: Ctra. De Palencia, s/n - 09400 Aranda de Duero (Burgos)","Lugar de procedencia del alimento: Manantial Bezoya de Ortigosa del Monte (Segovia) o Manantial Bezoya de Trescasas (Segovia)","Cantidad Neta: 1.5 Litros","Otras menciones obligatorias en la etiqueta: Composición química manantial Bezoya de Trescasas (mg/l): Residuo seco a 180°C, 28; Bicarbonatos, 21; Cloruros, 0.60; Calcio, 5.26; Magnesio, 0.91; Sodio, 1.36; Sílice, 9.15. CNTA (Septiembre 2009). Indicada para la preparación de alimentos infantiles. //Composición química manantial de Bezoya (Ortigosa del Monte) (mg/l): Residuo seco a 180°C, 28; Bicarbonatos, 7; Cloruros, 0.87; Calcio, 2.73; Magnesio, 0.39; Sodio, 2.55; Sílice, 11.0. CNTA (Diciembre 2013). Indicada para la preparación de alimentos infantiles."],"ingredients":[],"conservation":" Conservar en lugar fresco, seco y preservado de olores intensos. Proteger de la luz solar.","ean":"8410128000400"},{"full_name":"BEZOYA agua mineral natural de mineralización muy débil botella 50 cl","name":"agua mineral natural de mineralización muy débil botella 50 cl","brand":"BEZOYA ","img":"https://sgfm.elcorteingles.es/SGFM/dctm/MEDIA03/201609/07/00118630601500____1__600x600.jpg","price":"0,49 €","price_unit":"(0,98 € / Litro)","categories":["Supermercado","Bebidas","Agua, Refrescos y Zumos","Agua y soda","Agua mineral sin gas","BEZOYA agua mineral natural de mineralización muy débil botella 50 cl"],"general_information":["Denominación del alimento: Agua mineral natural de mineralización muy débil","Nombre del operador: Calidad Pascual, SAU.","Dirección del operador: Ctra. De Palencia, s/n - 09400 Aranda de Duero (Burgos)","Lugar de procedencia del alimento: Manantial Bezoya de Trescasas (Segovia)","Cantidad Neta: 50 Centilitros","Otras menciones obligatorias en la etiqueta: Composición química (mg/l): Residuo seco a 180°C, 28; Bicarbonatos, 21; Cloruros, 0.60; Calcio, 5.26; Magnesio, 0.91; Sodio, 1.36; Sílice, 9.15. CNTA (Septiembre 2009). Indicada para la preparación de alimentos infantiles."],"ingredients":[],"conservation":" Conservar en lugar fresco, seco y preservado de olores intensos. Proteger de la luz solar.","ean":"8410128160319"},{"full_name":"BEZOYA agua mineral natural de mineralización muy débil tapón Sport botella 50 cl","name":"agua mineral natural de mineralización muy débil tapón Sport botella 50 cl","brand":"BEZOYA ","img":"https://sgfm.elcorteingles.es/SGFM/dctm/MEDIA03/201609/07/00118630601146____1__600x600.jpg","price":"0,47 €","price_unit":"(0,94 € / Litro)","categories":["Supermercado","Bebidas","Agua, Refrescos y Zumos","Agua y soda","Agua mineral sin gas","BEZOYA agua mineral natural de mineralización muy débil tapón Sport botella 50 cl"],"general_information":["Denominación del alimento: Agua mineral natural de mineralización muy débil","Nombre del operador: Calidad Pascual, SAU.","Dirección del operador: Ctra. De Palencia, s/n - 09400 Aranda de Duero (Burgos)","Lugar de procedencia del alimento: Manantial Bezoya de Trescasas (Segovia)","Cantidad Neta: 50 Centilitros","Otras menciones obligatorias en la etiqueta: Composición química (mg/l): Residuo seco a 180°C, 28; Bicarbonatos, 21; Cloruros, 0.60; Calcio, 5.26; Magnesio, 0.91; Sodio, 1.36; Sílice, 9.15. CNTA (Septiembre 2009). Indicada para la preparación de alimentos infantiles."],"ingredients":[],"conservation":" Conservar en lugar fresco, seco y preservado de olores intensos. Proteger de la luz solar.","ean":"8410128160609"},{"full_name":"BEZOYA agua mineral natural de mineralización muy débil tapón Sport botella 33 cl","name":"agua mineral natural de mineralización muy débil tapón Sport botella 33 cl","brand":"BEZOYA ","img":"https://sgfm.elcorteingles.es/SGFM/00/64/3/0118630600643/0118630600643000g01011.jpg","price":"0,44 €","price_unit":"(1,33 € / Litro)","categories":["Supermercado","Bebidas","Agua, Refrescos y Zumos","Agua y soda","Agua mineral sin gas","BEZOYA agua mineral natural de mineralización muy débil tapón Sport botella 33 cl"],"general_information":["Denominación del alimento: Agua mineral natural de mineralización muy débil","Nombre del operador: Calidad Pascual, SAU.","Dirección del operador: Ctra. De Palencia, s/n - 09400 Aranda de Duero (Burgos)","Lugar de procedencia del alimento: Manantial Bezoya de Trescasas (Segovia)","Cantidad Neta: 33 Centilitros","Otras menciones obligatorias en la etiqueta: Composición química (mg/l): Residuo seco a 180°C, 28; Bicarbonatos, 21; Cloruros, 0.60; Calcio, 5.26; Magnesio, 0.91; Sodio, 1.36; Sílice, 9.15. CNTA (Septiembre 2009). Indicada para la preparación de alimentos infantiles."],"ingredients":[],"conservation":" Conservar en lugar fresco, seco y preservado de olores intensos. Proteger de la luz solar.","ean":"8410128160623"},{"full_name":"SOLAN DE CABRAS agua mineral sin gas garrafa 5 l","name":"agua mineral sin gas garrafa 5 l","brand":"SOLAN DE CABRAS ","img":"https://sgfm.elcorteingles.es/SGFM/dctm/MEDIA02/CONTENIDOS/201407/21/00118630400507____1__600x600.jpg","price":"1,99 €","price_unit":"(0,40 € / Litro)","categories":["Supermercado","Bebidas","Agua, Refrescos y Zumos","Agua y soda","Agua mineral sin gas","SOLAN DE CABRAS agua mineral sin gas garrafa 5 l"],"general_information":["Denominación del alimento: Agua Mineral Natural","Nombre del operador: Aguas Solan de Cabras, S.A.","Dirección del operador: Paraje de Solan de Cabras, 16893  Beteta (Cuenca)","Lugar de procedencia del alimento: Manantial Solan de Cabras","Cantidad Neta: 5 Litros"],"ingredients":[" Bicarbonato (284 mg/l), Residuo seco (260 mg/l), Calcio (59.4 mg/l, Magnesio (25.6 mg/l),  Sulfato (21.3 mg/l), Cloruro (7.4 mg/l), Silice (7.2 mg/l), Sodio (5.1 mg/l),   Potasio  (1.1 mg/l), Floruros < (0.2 mg/l),  Relación calcio-magnesio = 2.3"],"conservation":" Conservar en lugar fresco, limpio y seco. Proteger de olores agresivos","ean":"8411547000606"},{"full_name":"SOLAN DE CABRAS agua mineral natural botella 3 l","name":"agua mineral natural botella 3 l","brand":"SOLAN DE CABRAS ","img":"https://sgfm.elcorteingles.es/SGFM/dctm/MEDIA03/201608/18/00118630003244____1__600x600.jpg","price":"1,34 €","price_unit":"(0,45 € / Litro)","categories":["Supermercado","Bebidas","Agua, Refrescos y Zumos","Agua y soda","Agua mineral sin gas","SOLAN DE CABRAS agua mineral natural botella 3 l"],"general_information":["Denominación del alimento: Agua Mineral Natural","Nombre del operador: Aguas Solan de Cabras, S.A.","Dirección del operador: Paraje de Solan de Cabras, 16893  Beteta (Cuenca)","Lugar de procedencia del alimento: Manantial Solan de Cabras","Cantidad Neta: 3 Litros"],"ingredients":[" Bicarbonato (284 mg/l), Residuo seco (260 mg/l), Calcio (59.4 mg/l, Magnesio (25.6 mg/l),  Sulfato (21.3 mg/l), Cloruro (7.4 mg/l), Silice (7.2 mg/l), Sodio (5.1 mg/l),   Potasio  (1.1 mg/l), Floruros < (0.2 mg/l),  Relación calcio-magnesio = 2.3"],"conservation":" Conservar en lugar fresco, limpio y seco. Proteger de olores agresivos","ean":"8411547210104"},{"full_name":"SOLAN DE CABRAS agua mineral sin gas botella 1,5 l","name":"agua mineral sin gas botella 1,5 l","brand":"SOLAN DE CABRAS ","img":"https://sgfm.elcorteingles.es/SGFM/dctm/MEDIA02/CONTENIDOS/201504/21/00118630000810____3__600x600.jpg","price":"0,69 €","price_unit":"(0,46 € / Litro)","categories":["Supermercado","Bebidas","Agua, Refrescos y Zumos","Agua y soda","Agua mineral sin gas","SOLAN DE CABRAS agua mineral sin gas botella 1,5 l"],"general_information":["Denominación del alimento: Agua Mineral Natural","Nombre del operador: Aguas Solan de Cabras, S.A.","Dirección del operador: Paraje de Solan de Cabras, 16893  Beteta (Cuenca)","Lugar de procedencia del alimento: Manantial Solan de Cabras","Cantidad Neta: 1.5 Litros"],"ingredients":[" Bicarbonato (284 mg/l), Residuo seco (260 mg/l), Calcio (59.4 mg/l, Magnesio (25.6 mg/l),  Sulfato (21.3 mg/l), Cloruro (7.4 mg/l), Silice (7.2 mg/l), Sodio (5.1 mg/l),   Potasio  (1.1 mg/l), Floruros < (0.2 mg/l),  Relación calcio-magnesio = 2.3"],"conservation":" Conservar en lugar fresco, limpio y seco. Proteger de olores agresivos","ean":"8411547001085"},{"full_name":"SOLAN DE CABRAS agua mineral natural botella 1 l cristal","name":"agua mineral natural botella 1 l","brand":"SOLAN DE CABRAS ","img":"https://sgfm.elcorteingles.es/SGFM/dctm/MEDIA03/201603/23/00118630002097____1__600x600.jpg","price":"2,99 €","price_unit":"(2,99 € / Litro)","categories":["Supermercado","Bebidas","Agua, Refrescos y Zumos","Agua y soda","Agua mineral sin gas","SOLAN DE CABRAS agua mineral natural botella 1 l cristal"],"general_information":[],"ingredients":[],"ean":"8411547211057"},{"full_name":"SOLAN DE CABRAS agua mineral natural botella 75 cl","name":"agua mineral natural botella 75 cl","brand":"SOLAN DE CABRAS ","img":"https://sgfm.elcorteingles.es/SGFM/01/00/5/0118630601005/0118630601005000g01011.jpg","price":"0,65 €","price_unit":"(0,87 € / Litro)","categories":["Supermercado","Bebidas","Agua, Refrescos y Zumos","Agua y soda","Agua mineral sin gas","SOLAN DE CABRAS agua mineral natural botella 75 cl"],"general_information":["Denominación del alimento: Agua Mineral Natural","Nombre del operador: Aguas Solan de Cabras, S.A.","Dirección del operador: Paraje de Solan de Cabras, 16893  Beteta (Cuenca)","Lugar de procedencia del alimento: Manantial Solan de Cabras","Cantidad Neta: 0.75 Litros"],"ingredients":[" Bicarbonato (284 mg/l), Residuo seco (260 mg/l), Calcio (59.4 mg/l, Magnesio (25.6 mg/l),  Sulfato (21.3 mg/l), Cloruro (7.4 mg/l), Silice (7.2 mg/l), Sodio (5.1 mg/l),   Potasio  (1.1 mg/l), Floruros < (0.2 mg/l),  Relación calcio-magnesio = 2.3"],"conservation":" Conservar en lugar fresco, limpio y seco. Proteger de olores agresivos","ean":"8411547001009"},{"full_name":"SOLAN DE CABRAS agua mineral botella 50 cl","name":"agua mineral botella 50 cl","brand":"SOLAN DE CABRAS ","img":"https://sgfm.elcorteingles.es/SGFM/00/18/9/0118630600189/0118630600189000g01011.jpg","price":"0,54 €","price_unit":"(1,08 € / Litro)","categories":["Supermercado","Bebidas","Agua, Refrescos y Zumos","Agua y soda","Agua mineral sin gas","SOLAN DE CABRAS agua mineral botella 50 cl"],"general_information":["Denominación del alimento: Agua Mineral Natural","Nombre del operador: Aguas Solan de Cabras, S.A.","Dirección del operador: Paraje de Solan de Cabras, 16893  Beteta (Cuenca)","Lugar de procedencia del alimento: Manantial Solan de Cabras","Cantidad Neta: 0.5 Litros"],"ingredients":[" Bicarbonato (284 mg/l), Residuo seco (260 mg/l), Calcio (59.4 mg/l, Magnesio (25.6 mg/l),  Sulfato (21.3 mg/l), Cloruro (7.4 mg/l), Silice (7.2 mg/l), Sodio (5.1 mg/l),   Potasio  (1.1 mg/l), Floruros < (0.2 mg/l),  Relación calcio-magnesio = 2.3"],"conservation":" Conservar en lugar fresco, limpio y seco. Proteger de olores agresivos","ean":"8411547001061"},{"full_name":"SOLAN DE CABRAS agua mineral botella 33 cl con tapón sport","name":"agua mineral botella 33 cl","brand":"SOLAN DE CABRAS ","img":"https://sgfm.elcorteingles.es/SGFM/00/76/7/0118630600767/0118630600767000g01011.jpg","price":"0,49 €","price_unit":"(1,48 € / Litro)","categories":["Supermercado","Bebidas","Agua, Refrescos y Zumos","Agua y soda","Agua mineral sin gas","SOLAN DE CABRAS agua mineral botella 33 cl con tapón sport"],"general_information":[],"ingredients":[],"ean":"8411547000156"},{"full_name":"SOLARES agua mineral garrafa 5 l","name":"agua mineral garrafa 5 l","brand":"SOLARES ","img":"https://sgfm.elcorteingles.es/SGFM/00/45/6/0200530400456/0200530400456000g01011.jpg","price":"1,26 €","price_unit":"(0,25 € / Litro)","categories":["Supermercado","Bebidas","Agua, Refrescos y Zumos","Agua y soda","Agua mineral sin gas","SOLARES agua mineral garrafa 5 l"],"general_information":["Denominación del alimento: Agua Mineral natural","Nombre del operador: Manantial de Fuencaliente, S.A.","Dirección del operador: Avda. Calvo Sotelo nº29 - 39710 Solares (Cantabria)","Cantidad Neta: 5,0 Litros","Otras menciones obligatorias en la etiqueta: COMPOSICIÓN QUÍMICA (mg/l): Bicarbonatos 249; Sulfatos 37.2; Cloruros 144; Fluoruros <0.20; Calcio 75.2; Magnesio 15.6; Sodio 91.1; Potasio 1.7; Silicio 8.2.  Tª \"in situ\" 29,8ºC. Declarada de Utilidad Pública en 1828."],"ingredients":[" Agua mineral natural"],"conservation":" Conservar en lugar limpio, fresco y seco. Proteger de la luz solar y de olores agresivos.","ean":"8410165500017"},{"full_name":"SOLARES agua mineral botella 1,5 l","name":"agua mineral botella 1,5 l","brand":"SOLARES ","img":"https://sgfm.elcorteingles.es/SGFM/00/17/3/0200530000173/0200530000173000g01011.jpg","price":"0,41 €","price_unit":"(0,27 € / Litro)","categories":["Supermercado","Bebidas","Agua, Refrescos y Zumos","Agua y soda","Agua mineral sin gas","SOLARES agua mineral botella 1,5 l"],"general_information":["Denominación del alimento: Agua Mineral natural","Nombre del operador: Manantial de Fuencaliente, S.A.","Dirección del operador: Avda. Calvo Sotelo nº29 - 39710 Solares (Cantabria)","Cantidad Neta: 1,5 Litros","Otras menciones obligatorias en la etiqueta: COMPOSICIÓN QUÍMICA (mg/l): Bicarbonatos 249; Sulfatos 37.2; Cloruros 144; Fluoruros <0.20; Calcio 75.2; Magnesio 15.6; Sodio 91.1; Potasio 1.7; Silicio 8.2.  Tª \"in situ\" 29,8ºC. Declarada de Utilidad Pública en 1828."],"ingredients":[" Agua mineral natural"],"conservation":" Conservar en lugar limpio, fresco y seco. Proteger de la luz solar y de olores agresivos.","ean":"8410165150045"},{"full_name":"SOLARES agua mineral botella 50 cl","name":"agua mineral botella 50 cl","brand":"SOLARES ","img":"https://sgfm.elcorteingles.es/SGFM/00/83/2/0200530600832/0200530600832000g01011.jpg","price":"0,30 €","price_unit":"(0,60 € / Litro)","categories":["Supermercado","Bebidas","Agua, Refrescos y Zumos","Agua y soda","Agua mineral sin gas","SOLARES agua mineral botella 50 cl"],"general_information":["Denominación del alimento: Agua Mineral natural","Nombre del operador: Manantial de Fuencaliente, S.A.","Dirección del operador: Avda. Calvo Sotelo nº29 - 39710 Solares (Cantabria)","Cantidad Neta: 50,0 Centilitros","Otras menciones obligatorias en la etiqueta: COMPOSICIÓN QUÍMICA (mg/l): Bicarbonatos 249; Sulfatos 37.2; Cloruros 144; Fluoruros <0.20; Calcio 75.2; Magnesio 15.6; Sodio 91.1; Potasio 1.7; Silicio 8.2.  Tª \"in situ\" 29,8ºC. Declarada de Utilidad Pública en 1828."],"ingredients":[" Agua mineral natural"],"conservation":" Conservar en lugar limpio, fresco y seco. Proteger de la luz solar y de olores agresivos.","ean":"8410165050017"},{"full_name":"LANJARON agua mineral natural garrafa 6,25 l","name":"agua mineral natural garrafa 6,25 l","brand":"LANJARON ","img":"https://sgfm.elcorteingles.es/SGFM/dctm/MEDIA03/201606/13/00118630400762____2__600x600.jpg","price":"1,95 €","price_unit":"(0,31 € / Litro)","categories":["Supermercado","Bebidas","Agua, Refrescos y Zumos","Agua y soda","Agua mineral sin gas","LANJARON agua mineral natural garrafa 6,25 l"],"general_information":["Denominación del alimento: agua mineral natural","Nombre del operador: AGUAS FONT VELLA Y LANJARON S.A.","Dirección del operador: calle Buenos Aires, 21 - 08029 Barcelona","Lugar de procedencia del alimento: Manantial Salud","Cantidad Neta: 6.25 Litros"],"ingredients":[" Conductividad (uS/cm) 210.Bicarbonatos 131·Calcio 26,6· Magnesio 12,9· Sodio 5,4 (CNTA-2013)"],"conservation":" Conservar en lugar límpio, fresco y seco. Proteger de la luz solar y de olores agresivos.  Evitar contacto directo con el suelo. Exija que se abra la botella en su presencia.No reutilizar este envase.","ean":"8410728104102"},{"full_name":"LANJARON agua mineral natural botella 2 l","name":"agua mineral natural botella 2 l","brand":"LANJARON ","img":"https://sgfm.elcorteingles.es/SGFM/dctm/MEDIA03/201606/13/00118630000703____1__600x600.jpg","price":"0,68 €","price_unit":"(0,34 € / Litro)","categories":["Supermercado","Bebidas","Agua, Refrescos y Zumos","Agua y soda","Agua mineral sin gas","LANJARON agua mineral natural botella 2 l"],"general_information":["Denominación del alimento: agua mineral natural","Nombre del operador: AGUAS FONT VELLA Y LANJARON S.A.","Dirección del operador: calle Buenos Aires, 21 - 08029 Barcelona","Lugar de procedencia del alimento: Manantial Salud","Cantidad Neta: 2 Litros"],"ingredients":[" Conductividad (uS/cm) 210.Bicarbonatos 131·Calcio 26,6· Magnesio 12,9· Sodio 5,4 (CNTA-2013)"],"conservation":" Conservar en lugar límpio, fresco y seco. Proteger de la luz solar y de olores agresivos.  Evitar contacto directo con el suelo. Exija que se abra la botella en su presencia.No reutilizar este envase.","ean":"8410728100012"},{"full_name":"LANJARON agua mineral natural botella 1,5 l","name":"agua mineral natural botella 1,5 l","brand":"LANJARON ","img":"https://sgfm.elcorteingles.es/SGFM/dctm/MEDIA03/201606/13/00118630000737____1__600x600.jpg","price":"0,56 €","price_unit":"(0,37 € / Litro)","categories":["Supermercado","Bebidas","Agua, Refrescos y Zumos","Agua y soda","Agua mineral sin gas","LANJARON agua mineral natural botella 1,5 l"],"general_information":["Denominación del alimento: agua mineral natural","Nombre del operador: AGUAS FONT VELLA Y LANJARON S.A.","Dirección del operador: calle Buenos Aires, 21 - 08029 Barcelona","Lugar de procedencia del alimento: Manantial Salud","Cantidad Neta: 1.5 Litros"],"ingredients":[" Conductividad (uS/cm) 210.Bicarbonatos 131·Calcio 26,6· Magnesio 12,9· Sodio 5,4 (CNTA-2013)"],"conservation":" Conservar en lugar límpio, fresco y seco. Proteger de la luz solar y de olores agresivos.  Evitar contacto directo con el suelo. Exija que se abra la botella en su presencia.No reutilizar este envase.","ean":"8410728180120"},{"full_name":"LANJARON RED EDITIÓN agua mineral natural botella 1,25 l","name":"RED EDITIÓN agua mineral natural botella 1,25 l","brand":"LANJARON ","img":"https://sgfm.elcorteingles.es/SGFM/dctm/MEDIA03/201704/17/00118630003566____1__600x600.jpg","price":"0,69 €","price_unit":"(0,55 € / Litro)","categories":["Supermercado","Bebidas","Agua, Refrescos y Zumos","Agua y soda","Agua mineral sin gas","LANJARON RED EDITIÓN agua mineral natural botella 1,25 l"],"general_information":["Denominación del alimento: agua mineral natural","Nombre del operador: AGUAS FONT VELLA Y LANJARON S.A.","Dirección del operador: calle Buenos Aires, 21 - 08029 Barcelona","Lugar de procedencia del alimento: Manantial Salud","Cantidad Neta: 1.25 Litros"],"ingredients":[" Conductividad (uS/cm) 210.Bicarbonatos 131·Calcio 26,6· Magnesio 12,9· Sodio 5,4 (CNTA-2013)"],"conservation":" Conservar en lugar límpio, fresco y seco. Proteger de la luz solar y de olores agresivos.  Evitar contacto directo con el suelo. Exija que se abra la botella en su presencia.No reutilizar este envase.","ean":"8410728700359"},{"full_name":"LANJARON agua mineral natural botella 75 cl con tapón Sport","name":"agua mineral natural botella 75 cl","brand":"LANJARON ","img":"https://sgfm.elcorteingles.es/SGFM/dctm/MEDIA03/201606/13/00118630600734____1__600x600.jpg","price":"0,63 €","price_unit":"(0,84 € / Litro)","categories":["Supermercado","Bebidas","Agua, Refrescos y Zumos","Agua y soda","Agua mineral sin gas","LANJARON agua mineral natural botella 75 cl con tapón Sport"],"general_information":["Denominación del alimento: agua mineral natural","Nombre del operador: AGUAS FONT VELLA Y LANJARON S.A.","Dirección del operador: calle Buenos Aires, 21 - 08029 Barcelona","Lugar de procedencia del alimento: Manantial Salud","Cantidad Neta: 0.75 Litros"],"ingredients":[" Conductividad (uS/cm) 210.Bicarbonatos 131·Calcio 26,6· Magnesio 12,9· Sodio 5,4 (CNTA-2013)"],"conservation":" Conservar en lugar límpio, fresco y seco. Proteger de la luz solar y de olores agresivos.  Evitar contacto directo con el suelo. Exija que se abra la botella en su presencia.No reutilizar este envase.","ean":"8410728100036"},{"full_name":"LANJARON agua mineral natural botella 50 cl","name":"agua mineral natural botella 50 cl","brand":"LANJARON ","img":"https://sgfm.elcorteingles.es/SGFM/dctm/MEDIA03/201705/05/00118630600841____3__600x600.jpg","price":"0,65 €","price_unit":"(1,30 € / Litro)","categories":["Supermercado","Bebidas","Agua, Refrescos y Zumos","Agua y soda","Agua mineral sin gas","LANJARON agua mineral natural botella 50 cl"],"general_information":["Denominación del alimento: agua mineral natural","Nombre del operador: AGUAS FONT VELLA Y LANJARON S.A.","Dirección del operador: calle Buenos Aires, 21 - 08029 Barcelona","Lugar de procedencia del alimento: Manantial Salud","Cantidad Neta: 0.5 Litros"],"ingredients":[" Conductividad (uS/cm) 210.Bicarbonatos 131·Calcio 26,6· Magnesio 12,9· Sodio 5,4 (CNTA-2013)"],"conservation":" Conservar en lugar límpio, fresco y seco. Proteger de la luz solar y de olores agresivos.  Evitar contacto directo con el suelo. Exija que se abra la botella en su presencia.No reutilizar este envase.","ean":"8410728700328"},{"full_name":"LANJARON agua mineral natural botella 33 cl (Personajes surtidos según existencias)","name":"agua mineral natural botella 33 cl","brand":"LANJARON ","img":"https://sgfm.elcorteingles.es/SGFM/dctm/MEDIA03/201705/04/00118630600866____8__600x600.jpg","price":"0,49 €","price_unit":"(1,48 € / Litro)","categories":["Supermercado","Bebidas","Agua, Refrescos y Zumos","Agua y soda","Agua mineral sin gas","LANJARON agua mineral natural botella 33 cl (Personajes surtidos según existencias)"],"general_information":["Denominación del alimento: agua mineral natural","Nombre del operador: AGUAS FONT VELLA Y LANJARON S.A.","Dirección del operador: calle Buenos Aires, 21 - 08029 Barcelona","Lugar de procedencia del alimento: Manantial Salud","Cantidad Neta: 0.33 Litros"],"ingredients":[" Conductividad (uS/cm) 210.Bicarbonatos 131·Calcio 26,6· Magnesio 12,9· Sodio 5,4 (CNTA-2013)"],"conservation":" Conservar en lugar límpio, fresco y seco. Proteger de la luz solar y de olores agresivos.  Evitar contacto directo con el suelo. Exija que se abra la botella en su presencia.No reutilizar este envase.","ean":"8410728700373"},{"full_name":"LANJARON KIDS agua mineral natural botella 33 cl (Personajes surtidos según existencias)","name":"KIDS agua mineral natural botella 33 cl","brand":"LANJARON ","img":"https://sgfm.elcorteingles.es/SGFM/dctm/MEDIA03/201704/10/00118630601609____1__600x600.jpg","price":"0,51 €","price_unit":"(1,55 € / Litro)","categories":["Supermercado","Bebidas","Agua, Refrescos y Zumos","Agua y soda","Agua mineral sin gas","LANJARON KIDS agua mineral natural botella 33 cl (Personajes surtidos según existencias)"],"general_information":["Denominación del alimento: agua mineral natural","Nombre del operador: AGUAS FONT VELLA Y LANJARON S.A.","Dirección del operador: calle Buenos Aires, 21 - 08029 Barcelona","Lugar de procedencia del alimento: Manantial Salud","Cantidad Neta: 0.33 Litros"],"ingredients":[" Conductividad (uS/cm) 210.Bicarbonatos 131·Calcio 26,6· Magnesio 12,9· Sodio 5,4 (CNTA-2013)"],"conservation":" Conservar en lugar límpio, fresco y seco. Proteger de la luz solar y de olores agresivos.  Evitar contacto directo con el suelo. Exija que se abra la botella en su presencia.No reutilizar este envase.","ean":"8410728000602"},{"full_name":"AQUAREL agua mineral de manantial garrafa 5 l","name":"agua mineral de manantial garrafa 5 l","brand":"AQUAREL ","img":"https://sgfm.elcorteingles.es/SGFM/dctm/MEDIA03/201602/15/00118630400424____1__600x600.jpg","price":"1,10 €","price_unit":"(0,22 € / Litro)","categories":["Supermercado","Bebidas","Agua, Refrescos y Zumos","Agua y soda","Agua mineral sin gas","AQUAREL agua mineral de manantial garrafa 5 l"],"general_information":["Denominación del alimento: Agua Mineral Natural","Nombre del operador: NESTLÉ ESPAÑA, S.A.","Dirección del operador: Edificio Nestlé, 08950 Esplugues de Llobregat (Barcelona)","Lugar de procedencia del alimento: Manantial AQUAREL AVETS y Manantial LAS JARAS","Cantidad Neta: 5 Litros","Otras menciones obligatorias en la etiqueta: Indicada para dietas pobres en sodio / Agua mineral natural de mineralización MUY DÉBIL (manantial Jaras) / Agua mineral natural de mineralización DÉBIL (manantial Aquarel Avets)"],"ingredients":[" Manantial AQUAREL AVETS:Bicarbonato (137 mg/L), Calcio (37,7 mg/L), Sodio (10mg/L), Magnesio (6,9 mg/L), Sulfato (12,5 mg/L), Cloruro (9,1 mg/L), Residuo Seco a 180º (165 mg/L).Manantial LAS JARAS:Bicarbonato (13,2 mg/L), Calcio (2,2 mg/L), Sodio (4,7 mg/L), Magnesio (2,3 mg/L), Sulfato (3,7 mg/L), Cloruro (6,8 mg/L), Residuo Seco a 180º (40 mg/L)"],"conservation":" Proteger de la luz solar. Conservar en un lugar fresco, seco y apartado de olores intensos. Evitar contacto directo con el suelo. Por su seguridad, no reutilizar esta botella.","ean":"3700123300175"},{"full_name":"AQUAREL agua mineral de manantial botella 2 l","name":"agua mineral de manantial botella 2 l","brand":"AQUAREL ","img":"https://sgfm.elcorteingles.es/SGFM/dctm/MEDIA03/201602/15/00118630003236____1__600x600.jpg","price":"0,69 €","price_unit":"(0,34 € / Litro)","categories":["Supermercado","Bebidas","Agua, Refrescos y Zumos","Agua y soda","Agua mineral sin gas","AQUAREL agua mineral de manantial botella 2 l"],"general_information":["Denominación del alimento: Agua Mineral Natural","Nombre del operador: NESTLÉ ESPAÑA, S.A.","Dirección del operador: Edificio Nestlé, 08950 Esplugues de Llobregat (Barcelona)","Lugar de procedencia del alimento: Manantial AQUAREL AVETS y Manantial LAS JARAS","Cantidad Neta: 2 Litros","Otras menciones obligatorias en la etiqueta: Indicada para dietas pobres en sodio. / Agua mineral natural de mineralización MUY DÉBIL (manantial Jaras) / Agua mineral natural de mineralización DÉBIL (manantial Aquarel Avets)"],"ingredients":[" Manantial AQUAREL AVETS:Bicarbonato (137 mg/L), Calcio (37,7 mg/L), Sodio (10mg/L), Magnesio (6,9 mg/L), Sulfato (12,5 mg/L), Cloruro (9,1 mg/L), Residuo Seco a 180º (165 mg/L).Manantial LAS JARAS:Bicarbonato (13,2 mg/L), Calcio (2,2 mg/L), Sodio (4,7 mg/L), Magnesio (2,3 mg/L), Sulfato (3,7 mg/L), Cloruro (6,8 mg/L), Residuo Seco a 180º (40 mg/L)"],"conservation":" Proteger de la luz solar. Conservar en un lugar fresco, seco y apartado de olores intensos. Una vez abierto mantener en frío y consumir en los 2-3 días siguientes a su apertura. Evitar contacto directo con el suelo. Por su seguridad, no reutilizar esta botella.","ean":"3700123302520"},{"full_name":"AQUAREL agua mineral de manantial botella 1,5 l","name":"agua mineral de manantial botella 1,5 l","brand":"AQUAREL ","img":"https://sgfm.elcorteingles.es/SGFM/dctm/MEDIA03/201602/15/00118630000141____1__600x600.jpg","price":"0,41 €","price_unit":"(0,27 € / Litro)","categories":["Supermercado","Bebidas","Agua, Refrescos y Zumos","Agua y soda","Agua mineral sin gas","AQUAREL agua mineral de manantial botella 1,5 l"],"general_information":["Denominación del alimento: Agua Mineral Natural","Nombre del operador: NESTLÉ ESPAÑA, S.A.","Dirección del operador: Edificio Nestlé, 08950 Esplugues de Llobregat (Barcelona)","Lugar de procedencia del alimento: Manantial AQUAREL AVETS y Manantial LAS JARAS","Cantidad Neta: 1.5 Litros","Otras menciones obligatorias en la etiqueta: Indicada para dietas pobres en sodio. / Agua mineral natural de mineralización MUY DÉBIL (manantial Jaras) / Agua mineral natural de mineralización DÉBIL (manantial Aquarel Avets)"],"ingredients":[" Manantial AQUAREL AVETS:Bicarbonato (137 mg/L), Calcio (37,7 mg/L), Sodio (10mg/L), Magnesio (6,9 mg/L), Sulfato (12,5 mg/L), Cloruro (9,1 mg/L), Residuo Seco a 180º (165 mg/L).Manantial LAS JARAS:Bicarbonato (13,2 mg/L), Calcio (2,2 mg/L), Sodio (4,7 mg/L), Magnesio (2,3 mg/L), Sulfato (3,7 mg/L), Cloruro (6,8 mg/L), Residuo Seco a 180º (40 mg/L)"],"conservation":" Proteger de la luz solar. Conservar en un lugar fresco, seco y apartado de olores intensos. Una vez abierto mantener en frío y consumir en los 2-3 días siguientes a su apertura. Evitar contacto directo con el suelo. Por su seguridad, no reutilizar esta botella.","ean":"3700123300014"},{"full_name":"AQUAREL agua mineral de manantial sin gas botella 50 cl","name":"agua mineral de manantial sin gas botella 50 cl","brand":"AQUAREL ","img":"https://sgfm.elcorteingles.es/SGFM/dctm/MEDIA03/201602/15/00118630601294____1__600x600.jpg","price":"0,37 €","price_unit":"(0,74 € / Litro)","categories":["Supermercado","Bebidas","Agua, Refrescos y Zumos","Agua y soda","Agua mineral sin gas","AQUAREL agua mineral de manantial sin gas botella 50 cl"],"general_information":["Denominación del alimento: Agua Mineral Natural","Nombre del operador: NESTLÉ ESPAÑA, S.A.","Dirección del operador: Edificio Nestlé, 08950 Esplugues de Llobregat (Barcelona)","Lugar de procedencia del alimento: Manantial AQUAREL AVETS y Manantial LAS JARAS","Cantidad Neta: 50 Centilitros","Otras menciones obligatorias en la etiqueta: Agua mineral natural de mineralización MUY DÉBIL (manantial Jaras) / Agua mineral natural de mineralización DÉBIL (manantial Aquarel Avets)"],"ingredients":[" Manantial AQUAREL AVETS:Bicarbonato (137 mg/L), Calcio (37,7 mg/L), Sodio (10mg/L), Magnesio (6,9 mg/L), Sulfato (12,5 mg/L), Cloruro (9,1 mg/L), Residuo Seco a 180º (165 mg/L).Manantial LAS JARAS:Bicarbonato (13,2 mg/L), Calcio (2,2 mg/L), Sodio (4,7 mg/L), Magnesio (2,3 mg/L), Sulfato (3,7 mg/L), Cloruro (6,8 mg/L), Residuo Seco a 180º (40 mg/L)"],"conservation":" Proteger de la luz solar. Conservar en un lugar fresco, seco y apartado de olores intensos. Evitar contacto directo con el suelo. Por su seguridad, no reutilizar esta botella.","ean":"3700123300380"},{"full_name":"AQUAREL agua mineral de manantial botella 33 cl con tapón Sport","name":"agua mineral de manantial botella 33 cl","brand":"AQUAREL ","img":"https://sgfm.elcorteingles.es/SGFM/dctm/MEDIA03/201602/15/00118630600676____1__600x600.jpg","price":"0,41 €","price_unit":"(1,24 € / Litro)","categories":["Supermercado","Bebidas","Agua, Refrescos y Zumos","Agua y soda","Agua mineral sin gas","AQUAREL agua mineral de manantial botella 33 cl con tapón Sport"],"general_information":["Denominación del alimento: Agua Mineral Natural","Nombre del operador: NESTLÉ ESPAÑA, S.A.","Dirección del operador: Edificio Nestlé, 08950 Esplugues de Llobregat (Barcelona)","Lugar de procedencia del alimento: Manantial AQUAREL AVETS y Manantial LAS JARAS","Cantidad Neta: 33 Centilitros","Otras menciones obligatorias en la etiqueta: Tapón no recomendado a menores de 36 meses. / Agua mineral natural de mineralización MUY DÉBIL (manantial Jaras) / Agua mineral natural de mineralización DÉBIL (manantial Aquarel Avets)"],"ingredients":[" Manantial AQUAREL AVETS:Bicarbonato (137 mg/L), Calcio (37,7 mg/L), Sodio (10mg/L), Magnesio (6,9 mg/L), Sulfato (12,5 mg/L), Cloruro (9,1 mg/L), Residuo Seco a 180º (165 mg/L).Manantial LAS JARAS:Bicarbonato (13,2 mg/L), Calcio (2,2 mg/L), Sodio (4,7 mg/L), Magnesio (2,3 mg/L), Sulfato (3,7 mg/L), Cloruro (6,8 mg/L), Residuo Seco a 180º (40 mg/L)"],"conservation":" Proteger de la luz solar. Conservar en un lugar fresco, seco y apartado de olores intensos. Evitar contacto directo con el suelo. Por su seguridad, no reutilizar esta botella.","ean":"3700123300137"},{"full_name":"AQUAREL KIDS ICE AGE agua mineral natural botella 33 cl (Personajes surtidos según existencias)","name":"KIDS ICE AGE agua mineral natural botella 33 cl","brand":"AQUAREL ","img":"https://sgfm.elcorteingles.es/SGFM/dctm/MEDIA03/201707/08/00118630601534____2__600x600.jpg","price":"0,48 €","price_unit":"(1,45 € / Litro)","categories":["Supermercado","Bebidas","Agua, Refrescos y Zumos","Agua y soda","Agua mineral sin gas","AQUAREL KIDS ICE AGE agua mineral natural botella 33 cl (Personajes surtidos según existencias)"],"general_information":["Denominación del alimento: Agua Mineral Natural Aquarel Las Jaras","Nombre del operador: Nestlé España, S.A.","Dirección del operador: Nestlé España, S.A. - Edificio Nestlé - 08950 Esplugues de Llobregat (Barcelona)","Cantidad Neta: 330 g","Otras menciones obligatorias en la etiqueta: Para evitar riesgo de asfixia, mantener el precinto fuera del alcance de los niños."],"ingredients":[" Análisis/Análise Químico (mg/l): Bicarbonato: 13,2; Calcio/Cálcio: 2,2; Sodio/Sódio: 4,7; Magnesio/Magnésio: 2,3; Sulfato: 3,7; Cloruro/Cloreto: 6,8; Residuo/Resíduo seco (180º): 40;  Agua Mineral Natural de mineralización muy débil; Água Mineral Natural muito pouco mineralizada"],"conservation":" Proteger de la luz solar. Conservar en un lugar fresco, seco y apartado de olores intensos. Evitar contacto directo con el suelo. Por su seguridad, no reutilizar esta botella.","ean":"7613035786875"},{"full_name":"AQUABONA agua mineral botella 2,5 l","name":"agua mineral botella 2,5 l","brand":"AQUABONA ","img":"https://sgfm.elcorteingles.es/SGFM/dctm/MEDIA03/201607/08/00118630002691____1__600x600.jpg","price":"0,77 €            ","price_unit":"(0,30 € / Litro)","categories":["Supermercado","Bebidas","Agua, Refrescos y Zumos","Agua y soda","Agua mineral sin gas","AQUABONA agua mineral botella 2,5 l"],"general_information":["Denominación del alimento: Agua mineral natural.","Nombre del operador: Coca-Cola European Partners Iberia, S.L.U.","Dirección del operador: C/Ribera del Loira 20-22, 28042 - Madrid (España).","Cantidad Neta: 2.5 Litros"],"ingredients":[],"ean":"5449000084569"},{"full_name":"AQUABONA agua mineral sin gas botella 1,5 l","name":"agua mineral sin gas botella 1,5 l","brand":"AQUABONA ","img":"https://sgfm.elcorteingles.es/SGFM/dctm/MEDIA03/201607/08/00118630000638____1__600x600.jpg","price":"0,40 €","price_unit":"(0,27 € / Litro)","categories":["Supermercado","Bebidas","Agua, Refrescos y Zumos","Agua y soda","Agua mineral sin gas","AQUABONA agua mineral sin gas botella 1,5 l"],"general_information":["Denominación del alimento: Agua mineral natural.","Nombre del operador: Coca-Cola Iberian Partners, S.A.","Dirección del operador: Paseo de la Castellana 259C, Planta 9. 28046 Madrid (España)","Cantidad Neta: 1.5 Litros"],"ingredients":[],"ean":"5449000120731"},{"full_name":"AQUABONA agua mineral natural botella 50 cl","name":"agua mineral natural botella 50 cl","brand":"AQUABONA ","img":"https://sgfm.elcorteingles.es/SGFM/dctm/MEDIA03/201607/08/00118630600908____1__600x600.jpg","price":"0,40 €","price_unit":"(0,80 € / Litro)","categories":["Supermercado","Bebidas","Agua, Refrescos y Zumos","Agua y soda","Agua mineral sin gas","AQUABONA agua mineral natural botella 50 cl"],"general_information":["Denominación del alimento: Agua mineral natural.","Nombre del operador: Coca-Cola European Partners Iberia, S.L.U.","Dirección del operador: C/Ribera del Loira 20-22, 28042 - Madrid (España).","Cantidad Neta: 0.5 Litros"],"ingredients":[],"ean":"5449000121059"},{"full_name":"AQUA DEUS agua mineral natural botella 1,5 l","name":"agua mineral natural botella 1,5 l","brand":"AQUA DEUS ","img":"https://sgfm.elcorteingles.es/SGFM/dctm/MEDIA02/CONTENIDOS/201410/01/00118630000430____1__600x600.jpg","price":"0,39 €","price_unit":"(0,26 € / Litro)","categories":["Supermercado","Bebidas","Agua, Refrescos y Zumos","Agua y soda","Agua mineral sin gas","AQUA DEUS agua mineral natural botella 1,5 l"],"general_information":[],"ingredients":[],"ean":"8437002452186"},{"full_name":"AQUA NOVA dispensador de agua envase 1 unidad","name":"dispensador de agua envase 1 unidad","brand":"AQUA NOVA ","img":"https://sgfm.elcorteingles.es/SGFM/dctm/MEDIA02/CONTENIDOS/201410/16/00118680900604____1__600x600.jpg","price":"4,29 €","price_unit":"(4,29 € / Unidad)","categories":["Supermercado","Bebidas","Agua, Refrescos y Zumos","Agua y soda","Agua mineral sin gas","AQUA NOVA dispensador de agua envase 1 unidad"],"general_information":[],"ingredients":[],"ean":"3800202402186"},{"full_name":"AQUAFINA agua mineral botella 50 cl","name":"agua mineral botella 50 cl","brand":"AQUAFINA ","img":"https://sgfm.elcorteingles.es/SGFM/00/72/6/0118630600726/0118630600726000g01011.jpg","price":"0,48 €","price_unit":"(0,96 € / Litro)","categories":["Supermercado","Bebidas","Agua, Refrescos y Zumos","Agua y soda","Agua mineral sin gas","AQUAFINA agua mineral botella 50 cl"],"general_information":["Denominación del alimento: Agua potable preparada","Nombre del operador: Compañía de Bebidas Pepsico, s.l.","Dirección del operador: Avda. de los Olmos, 2, 01013 - Vitoria","Cantidad Neta: 500 Mililitros"],"ingredients":[" Agua potable preparada."],"conservation":" Proteger de la luz solar y de olores agresivos. Conservar en lugar limpio, fresco y seco. Evitar el contacto directo con el suelo.","ean":"4060800127112"},{"full_name":"CABREIROA agua mineral sin gas botella 2 l","name":"agua mineral sin gas botella 2 l","brand":"CABREIROA ","img":"https://sgfm.elcorteingles.es/SGFM/dctm/MEDIA02/CONTENIDOS/201507/03/00118630003350____1__600x600.jpg","price":"0,68 €","price_unit":"(0,34 € / Litro)","categories":["Supermercado","Bebidas","Agua, Refrescos y Zumos","Agua y soda","Agua mineral sin gas","CABREIROA agua mineral sin gas botella 2 l"],"general_information":[],"ingredients":[],"ean":"8411902008025"},{"full_name":"CABREIROA agua mineral botella 1,5 l","name":"agua mineral botella 1,5 l","brand":"CABREIROA ","img":"https://sgfm.elcorteingles.es/SGFM/00/40/6/0118630000406/0118630000406000g01011.jpg","price":"0,59 €","price_unit":"(0,59 € / Litro)","categories":["Supermercado","Bebidas","Agua, Refrescos y Zumos","Agua y soda","Agua mineral sin gas","CABREIROA agua mineral botella 1,5 l"],"general_information":["Denominación del alimento: Agua Mineral Natural","Nombre del operador: AGUA DE CABREIROA S.A.U.","Dirección del operador: Estrada de Cabreiroá s/n 32600 - Verín - Ourense - España","Lugar de procedencia del alimento: Manantial Cabreiroa","Cantidad Neta: 1 Litros"],"ingredients":[" Residuo Seco (222 mg/l), Bicarbonato (193 mg/l), Cloruro (6.8 mg/l), Calcio (10 mg/l), Sodio (58.2 mg/l), Litio (0.20 mg/l), Magnesio (5 mg/l)"],"conservation":" Proteger de la luz solar, preservar de los olores agresivos.Conservar en lugar, limpio, fresco y seco.","ean":"8411902008117"},{"full_name":"CABREIROA agua mineral sin gas botella 1,5 l","name":"agua mineral sin gas botella 1,5 l","brand":"CABREIROA ","img":"https://sgfm.elcorteingles.es/SGFM//03/22/8/0118630003228/0118630003228000g01011.jpg","price":"0,59 €","price_unit":"(0,39 € / Litro)","categories":["Supermercado","Bebidas","Agua, Refrescos y Zumos","Agua y soda","Agua mineral sin gas","CABREIROA agua mineral sin gas botella 1,5 l"],"general_information":["Denominación del alimento: Agua Mineral Natural","Nombre del operador: AGUA DE CABREIROA S.A.U.","Dirección del operador: Estrada de Cabreiroá s/n 32600 - Verín - Ourense - España","Lugar de procedencia del alimento: Manantial Cabreiroa","Cantidad Neta: 1.5 Litros"],"ingredients":[" Residuo Seco (222 mg/l), Bicarbonato (193 mg/l), Cloruro (6.8 mg/l), Calcio (10 mg/l), Sodio (58.2 mg/l), Litio (0.20 mg/l), Magnesio (5 mg/l)"],"conservation":" Proteger de la luz solar, preservar de los olores agresivos.Conservar en lugar, limpio, fresco y seco.","ean":"8411902003013"},{"full_name":"CABREIROA agua mineral natural botella 75 cl con tapón Sport","name":"agua mineral natural botella 75 cl","brand":"CABREIROA ","img":"https://sgfm.elcorteingles.es/SGFM/dctm/MEDIA02/CONTENIDOS/201510/05/00118630601401____1__600x600.jpg","price":"0,75 €            ","price_unit":"(0,96 € / Litro)","categories":["Supermercado","Bebidas","Agua, Refrescos y Zumos","Agua y soda","Agua mineral sin gas","CABREIROA agua mineral natural botella 75 cl con tapón Sport"],"general_information":[],"ingredients":[],"ean":"8411902008179"},{"full_name":"CABREIROA agua mineral natural botella 33 cl con tapón Sport","name":"agua mineral natural botella 33 cl","brand":"CABREIROA ","img":"https://sgfm.elcorteingles.es/SGFM/dctm/MEDIA03/201704/10/00118630600999____7__600x600.jpg","price":"0,49 €","price_unit":"(1,48 € / Litro)","categories":["Supermercado","Bebidas","Agua, Refrescos y Zumos","Agua y soda","Agua mineral sin gas","CABREIROA agua mineral natural botella 33 cl con tapón Sport"],"general_information":["Denominación del alimento: Agua Mineral Natural","Nombre del operador: AGUA DE CABREIROA S.A.U.","Dirección del operador: Estrada de Cabreiroá s/n 32600 - Verín - Ourense - España","Lugar de procedencia del alimento: Manantial Cabreiroa","Cantidad Neta: 33 Centilitros"],"ingredients":[" Residuo Seco (222 mg/l), Bicarbonato (193 mg/l), Cloruro (6.8 mg/l), Calcio (10 mg/l), Sodio (58.2 mg/l), Litio (0.20 mg/l), Magnesio (5 mg/l)"],"conservation":" Proteger de la luz solar, preservar de los olores agresivos.Conservar en lugar, limpio, fresco y seco.","ean":"8411902007035"},{"full_name":"CABREIROA agua mineral natural botella 50 cl","name":"agua mineral natural botella 50 cl","brand":"CABREIROA ","img":"https://sgfm.elcorteingles.es/SGFM//01/55/8/0200530601558/0200530601558000g01011.jpg","price":"0,53 €","price_unit":"(1,06 € / Litro)","categories":["Supermercado","Bebidas","Agua, Refrescos y Zumos","Agua y soda","Agua mineral sin gas","CABREIROA agua mineral natural botella 50 cl"],"general_information":["Denominación del alimento: Agua Mineral Natural","Nombre del operador: AGUA DE CABREIROA S.A.U.","Dirección del operador: Estrada de Cabreiroá s/n 32600 - Verín - Ourense - España","Lugar de procedencia del alimento: Manantial Cabreiroa","Cantidad Neta: 50 Centilitros"],"ingredients":[" Residuo Seco (222 mg/l), Bicarbonato (193 mg/l), Cloruro (6.8 mg/l), Calcio (10 mg/l), Sodio (58.2 mg/l), Litio (0.20 mg/l), Magnesio (5 mg/l)"],"conservation":" Proteger de la luz solar, preservar de los olores agresivos.Conservar en lugar, limpio, fresco y seco.","ean":"8411902004027"},{"full_name":"VILADRAU agua mineral natural garrafa 5 l","name":"agua mineral natural garrafa 5 l","brand":"VILADRAU ","img":"https://sgfm.elcorteingles.es/SGFM/dctm/MEDIA03/201606/22/00118630400465____2__600x600.jpg","price":"1,38 €","price_unit":"(0,28 € / Litro)","categories":["Supermercado","Bebidas","Agua, Refrescos y Zumos","Agua y soda","Agua mineral sin gas","VILADRAU agua mineral natural garrafa 5 l"],"general_information":["Denominación del alimento: Agua Mineral Natural","Nombre del operador: NESTLÉ ESPAÑA, S.A.","Dirección del operador: Av. Països Catalans, 25-51, 08950 Esplugues de Llobregat (Barcelona)","Lugar de procedencia del alimento: Manantial FONTALEGRE","Cantidad Neta: 5 Litros","Otras menciones obligatorias en la etiqueta: Indicada para dietas pobres en sodio"],"ingredients":[" Bicarbonato (114 mg/L), Calcio (28,5 mg/L), Sodio (12,2 mg/L), Magnesio (4,2 mg/L), Sulfato (11,2 mg/L), Cloruro (6 mg/L), Residuo Seco a 180º (137 mg/L)"],"conservation":" Proteger de la luz solar. Evitar contacto directo con el suelo. Conservar en lugar fresco, seco y apartado de olores intensos.","ean":"8411002105006"},{"full_name":"VILADRAU agua mineral natural botella 2 l","name":"agua mineral natural botella 2 l","brand":"VILADRAU ","img":"https://sgfm.elcorteingles.es/SGFM/dctm/MEDIA03/201606/22/00118630000265____1__600x600.jpg","price":"0,69 €","price_unit":"(0,34 € / Litro)","categories":["Supermercado","Bebidas","Agua, Refrescos y Zumos","Agua y soda","Agua mineral sin gas","VILADRAU agua mineral natural botella 2 l"],"general_information":["Denominación del alimento: Agua Mineral Natural","Nombre del operador: NESTLÉ ESPAÑA, S.A.","Dirección del operador: Av. Països Catalans, 25-51, 08950 Esplugues de Llobregat (Barcelona)","Lugar de procedencia del alimento: Manantial FONTALEGRE","Cantidad Neta: 2 Litros","Otras menciones obligatorias en la etiqueta: Indicada para dietas pobres en sodio"],"ingredients":[" Bicarbonato (114 mg/L), Calcio (28,5 mg/L), Sodio (12,2 mg/L), Magnesio (4,2 mg/L), Sulfato (11,2 mg/L), Cloruro (6 mg/L), Residuo Seco a 180º (137 mg/L)"],"conservation":" Proteger de la luz solar. Una vez abierto el envase mantener en frío y consumir en los 2-3 días siguientes a su apertura. Evitar contacto directo con el suelo. Conservar en lugar fresco, seco y apartado de olores intensos.","ean":"8411002102005"},{"full_name":"VILADRAU agua mineral natural botella 1,5 l","name":"agua mineral natural botella 1,5 l","brand":"VILADRAU ","img":"https://sgfm.elcorteingles.es/SGFM/dctm/MEDIA03/201606/22/00118630000356____2__600x600.jpg","price":"0,43 €","price_unit":"(0,29 € / Litro)","categories":["Supermercado","Bebidas","Agua, Refrescos y Zumos","Agua y soda","Agua mineral sin gas","VILADRAU agua mineral natural botella 1,5 l"],"general_information":["Denominación del alimento: Agua Mineral Natural","Nombre del operador: NESTLÉ ESPAÑA, S.A.","Dirección del operador: Av. Països Catalans, 25-51, 08950 Esplugues de Llobregat (Barcelona)","Lugar de procedencia del alimento: Manantial FONTALEGRE","Cantidad Neta: 1.5 Litros","Otras menciones obligatorias en la etiqueta: Indicada para dietas pobres en sodio"],"ingredients":[" Bicarbonato (114 mg/L), Calcio (28,5 mg/L), Sodio (12,2 mg/L), Magnesio (4,2 mg/L), Sulfato (11,2 mg/L), Cloruro (6 mg/L), Residuo Seco a 180º (137 mg/L)"],"conservation":" Proteger de la luz solar. Una vez abierto el envase mantener en frío y consumir en los 2-3 días siguientes a su apertura. Evitar contacto directo con el suelo. Conservar en lugar fresco, seco y apartado de olores intensos.","ean":"8411002101305"},{"full_name":"VILADRAU agua mineral natural botella 50 cl con tapón Sport","name":"agua mineral natural botella 50 cl","brand":"VILADRAU ","img":"https://sgfm.elcorteingles.es/SGFM/dctm/MEDIA03/201606/22/00118630600684____2__600x600.jpg","price":"0,45 €","price_unit":"(0,90 € / Litro)","categories":["Supermercado","Bebidas","Agua, Refrescos y Zumos","Agua y soda","Agua mineral sin gas","VILADRAU agua mineral natural botella 50 cl con tapón Sport"],"general_information":["Denominación del alimento: Agua Mineral Natural","Nombre del operador: NESTLÉ ESPAÑA, S.A.","Dirección del operador: Av. Països Catalans, 25-51, 08950 Esplugues de Llobregat (Barcelona)","Lugar de procedencia del alimento: Manantial FONTALEGRE","Cantidad Neta: 50 Centilitros","Otras menciones obligatorias en la etiqueta: Indicada para dietas pobres en sodio. Tapón no recomendado a menores de 36 meses."],"ingredients":[" Bicarbonato (114 mg/L), Calcio (28,5 mg/L), Sodio (12,2 mg/L), Magnesio (4,2 mg/L), Sulfato (11,2 mg/L), Cloruro (6 mg/L), Residuo Seco a 180º (137 mg/L)"],"conservation":" Proteger de la luz solar. Evitar contacto directo con el suelo. Conservar en lugar fresco, seco y apartado de olores intensos.","ean":"8411002101602"},{"full_name":"VILADRAU agua mineral natural sin gas botella 33 cl","name":"agua mineral natural sin gas botella 33 cl","brand":"VILADRAU ","img":"https://sgfm.elcorteingles.es/SGFM/dctm/MEDIA03/201606/22/00118630601286____3__600x600.jpg","price":"0,33 €","price_unit":"(1 € / Litro)","categories":["Supermercado","Bebidas","Agua, Refrescos y Zumos","Agua y soda","Agua mineral sin gas","VILADRAU agua mineral natural sin gas botella 33 cl"],"general_information":["Denominación del alimento: Agua Mineral Natural","Nombre del operador: NESTLÉ ESPAÑA, S.A.","Dirección del operador: Av. Països Catalans, 25-51, 08950 Esplugues de Llobregat (Barcelona)","Lugar de procedencia del alimento: Manantial FONTALEGRE","Cantidad Neta: 33 Centilitros","Otras menciones obligatorias en la etiqueta: Indicada para dietas pobres en sodio"],"ingredients":[" Bicarbonato (114 mg/L), Calcio (28,5 mg/L), Sodio (12,2 mg/L), Magnesio (4,2 mg/L), Sulfato (11,2 mg/L), Cloruro (6 mg/L), Residuo Seco a 180º (137 mg/L)"],"conservation":" Proteger de la luz solar. Evitar contacto directo con el suelo. Conservar en lugar fresco, seco y apartado de olores intensos.","ean":"8411002101800"},{"full_name":"VILAS agua mineral natural botella 1 l","name":"agua mineral natural botella 1 l","brand":"VILAS ","img":"https://sgfm.elcorteingles.es/SGFM/03/04/6/0118630003046/0118630003046000g01011.jpg","price":"0,51 €","price_unit":"(0,51 € / Litro)","categories":["Supermercado","Bebidas","Agua, Refrescos y Zumos","Agua y soda","Agua mineral sin gas","VILAS agua mineral natural botella 1 l"],"general_information":["Denominación del alimento: Agua mineral natural","Nombre del operador: Coca-Cola European Partners Iberia, S.L.U.","Dirección del operador: C/Ribera del Loira 20-22, 28042 - Madrid (España).","Cantidad Neta: 1 Litros"],"ingredients":[],"ean":"8414553000110"},{"full_name":"VERI agua mineral natural de mineralización débil del Pirineo garrafa 5 l","name":"agua mineral natural de mineralización débil del Pirineo garrafa 5 l","brand":"VERI ","img":"https://sgfm.elcorteingles.es/SGFM/dctm/MEDIA03/201612/05/00118630400721____1__600x600.jpg","price":"1,63 €            ","price_unit":"(0,31 € / Litro)","categories":["Supermercado","Bebidas","Agua, Refrescos y Zumos","Agua y soda","Agua mineral sin gas","VERI agua mineral natural de mineralización débil del Pirineo garrafa 5 l"],"general_information":["Denominación del alimento: Agua","Nombre del operador: DAMM S.A.","Dirección del operador: C/ ROSELLO , 515  BARCELONA,   BARCELONA","Cantidad Neta: 5 Litros","Otras menciones obligatorias en la etiqueta: MANANTIAL VERI 1"],"ingredients":[" MANANTIAL VERI 1 (mg/L): Residuo seco/residu sec 203; Calcio/Calci 71,3; Sodio/Sodi 0,79; Magnesio/Magnesi 1,9; Bicarbonatos/Bicarbonats 198; Sulfatos/sulfats 15,7; Cloruros/clorurs 1,9."],"conservation":" Mantener en lugar fresco, oscuro y seco","ean":"8413384523164"},{"full_name":"VERI Trekking agua mineral natural de mineralización débil del Pirineo botella 1 l","name":"Trekking agua mineral natural de mineralización débil del Pirineo botella 1 l","brand":"VERI ","img":"https://sgfm.elcorteingles.es/SGFM/dctm/MEDIA03/201612/05/00118630601138____1__600x600.jpg","price":"0,65 €","price_unit":"(0,65 € / Litro)","categories":["Supermercado","Bebidas","Agua, Refrescos y Zumos","Agua y soda","Agua mineral sin gas","VERI Trekking agua mineral natural de mineralización débil del Pirineo botella 1 l"],"general_information":["Denominación del alimento: Agua","Nombre del operador: DAMM S.A.","Dirección del operador: C/ ROSELLO , 515  BARCELONA,   BARCELONA","Cantidad Neta: 1.00 Litros"],"ingredients":[" MANANTIAL VERI 1 (mg/L): Residuo seco/residu sec 203; Calcio/Calci 71,3; Sodio/Sodi 0,79; Magnesio/Magnesi 1,9; Bicarbonatos/Bicarbonats 198; Sulfatos/sulfats 15,7; Cloruros/clorurs 1,9."],"conservation":" Mantener en lugar fresco, oscuro y seco","ean":"8413384523119"},{"full_name":"VERI agua mineral natual de mineralización débil del Pirineo botella 1,5 l","name":"agua mineral natual de mineralización débil del Pirineo botella 1,5 l","brand":"VERI ","img":"https://sgfm.elcorteingles.es/SGFM/dctm/MEDIA03/201612/05/00118630000489____1__600x600.jpg","price":"0,53 €","price_unit":"(0,35 € / Litro)","categories":["Supermercado","Bebidas","Agua, Refrescos y Zumos","Agua y soda","Agua mineral sin gas","VERI agua mineral natual de mineralización débil del Pirineo botella 1,5 l"],"general_information":["Denominación del alimento: Agua","Nombre del operador: DAMM S.A.","Dirección del operador: C/ ROSELLO , 515  BARCELONA,   BARCELONA","Cantidad Neta: 1.50 Litros"],"ingredients":[" MANANTIAL VERI 1 (mg/L): Residuo seco/residu sec 203; Calcio/Calci 71,3; Sodio/Sodi 0,79; Magnesio/Magnesi 1,9; Bicarbonatos/Bicarbonats 198; Sulfatos/sulfats 15,7; Cloruros/clorurs 1,9. MANANTIAL VERI 5 (mg/L): Residuo seco/residu sec 111; Calcio/Calci 30,9; Sodio/Sodi "],"conservation":" Mantener en lugar fresco, oscuro y seco","ean":"8413384222005"},{"full_name":"FUENTE LIVIANA agua mineral natural de mineralización débil botella 2 l","name":"agua mineral natural de mineralización débil botella 2 l","brand":"FUENTE LIVIANA ","img":"https://sgfm.elcorteingles.es/SGFM/dctm/MEDIA03/201706/30/00118630000299____1__600x600.jpg","price":"0,55 €            ","price_unit":"(0,26 € / Litro)","categories":["Supermercado","Bebidas","Agua, Refrescos y Zumos","Agua y soda","Agua mineral sin gas","FUENTE LIVIANA agua mineral natural de mineralización débil botella 2 l"],"general_information":["Denominación del alimento: Agua","Nombre del operador: DAMM S.A.","Dirección del operador: C/ ROSELLO , 515  BARCELONA,   BARCELONA","Cantidad Neta: 2.00 Litros"],"ingredients":[" MANANTIAL SERRANÍA 1  (mg/L): Sodio 0,8; Calcio 65,4; Magnesio 17,0; Bicarbonatos 268,3; Conductividad (µS/cm a 20ºC) 386."],"conservation":" Mantener en lugar fresco, oscuro y seco","ean":"8423415501009"},{"full_name":"FUENSANTA agua mineral botella 1,5 l","name":"agua mineral botella 1,5 l","brand":"FUENSANTA ","img":"https://sgfm.elcorteingles.es/SGFM/00/19/0/0118630000190/0118630000190000g01011.jpg","price":"0,51 €","price_unit":"(0,34 € / Litro)","categories":["Supermercado","Bebidas","Agua, Refrescos y Zumos","Agua y soda","Agua mineral sin gas","FUENSANTA agua mineral botella 1,5 l"],"general_information":["Denominación del alimento: Agua mineral natural","Nombre del operador: Global SMM 2009","Dirección del operador: Balneario de Fuensanta- 33520 Nava (Asturias) España","Cantidad Neta: 1.5 Litros","Otras menciones obligatorias en la etiqueta: Agua de Mineralización Débil."],"ingredients":[" Análisis químico (mg/l): Bicarbonatos 162 - Sulfatos 17.5 - Cloruros 8.7 - Calcio 58 - Magnesio 4.5 - Sodio 5.8 - Potasio 0.9.  Residuo seco 197 µS/cm"],"conservation":" Conservar en lugar limpio, ausente de olores, fresco y seco. Proteger de la luz solar.","ean":"0000084116345"},{"full_name":"FUENSANTA agua mineral natural botella 50 cl","name":"agua mineral natural botella 50 cl","brand":"FUENSANTA ","img":"https://sgfm.elcorteingles.es/SGFM/00/82/4/0200530600824/0200530600824000g01011.jpg","price":"0,36 €","price_unit":"(0,72 € / Litro)","categories":["Supermercado","Bebidas","Agua, Refrescos y Zumos","Agua y soda","Agua mineral sin gas","FUENSANTA agua mineral natural botella 50 cl"],"general_information":["Denominación del alimento: Agua mineral natural","Nombre del operador: Global SMM 2009","Dirección del operador: Balneario de Fuensanta- 33520 Nava (Asturias) España","Cantidad Neta: 50 Centilitros","Otras menciones obligatorias en la etiqueta: Agua de Mineralización Débil."],"ingredients":[" Análisis químico (mg/l): Bicarbonatos 162 - Sulfatos 17.5 - Cloruros 8.7 - Calcio 58 - Magnesio 4.5 - Sodio 5.8 - Potasio 0.9.  Residuo seco 197 µS/cm"],"conservation":" Conservar en lugar limpio, ausente de olores, fresco y seco. Proteger de la luz solar.","ean":"0000084116369"},{"full_name":"EVIAN agua mineral natural botella 1,25 l","name":"agua mineral natural botella 1,25 l","brand":"EVIAN ","img":"https://sgfm.elcorteingles.es/SGFM/dctm/MEDIA03/201702/10/00118630000729____1__600x600.jpg","price":"1,80 €","price_unit":"(1,44 € / Litro)","categories":["Supermercado","Bebidas","Agua, Refrescos y Zumos","Agua y soda","Agua mineral sin gas","EVIAN agua mineral natural botella 1,25 l"],"general_information":["Denominación del alimento: agua mineral natural","Nombre del operador: AGUAS FONT VELLA Y LANJARON S.A.","Dirección del operador: calle Buenos Aires, 21 - 08029 Barcelona","Lugar de procedencia del alimento: Manantial CACHAT, FRANCIA","Cantidad Neta: 1.5 Litros"],"ingredients":[" Análisis Químico ( en mg/L) : residuo seco 309.Bicarbonatos 360·Sulfatos 12,6.Cloruros 6,8. Nitratos 3,7. Silice 15.Calcio 80· Magnesio 26· Sodio 6,5.Potasio 1.PH 7,2."],"conservation":" Conservar en lugar límpio, fresco y seco. Proteger de la luz solar y de olores agresivos.","ean":"3068320048604"},{"full_name":"EVIAN agua mineral natural botella 75 cl con tapón Sport","name":"agua mineral natural botella 75 cl","brand":"EVIAN ","img":"https://sgfm.elcorteingles.es/SGFM/dctm/MEDIA02/CONTENIDOS/201407/18/00118630601336____1__600x600.jpg","price":"1,29 €","price_unit":"(1,72 € / Litro)","categories":["Supermercado","Bebidas","Agua, Refrescos y Zumos","Agua y soda","Agua mineral sin gas","EVIAN agua mineral natural botella 75 cl con tapón Sport"],"general_information":["Denominación del alimento: agua mineral natural","Nombre del operador: AGUAS FONT VELLA Y LANJARON S.A.","Dirección del operador: calle Buenos Aires, 21 - 08029 Barcelona","Lugar de procedencia del alimento: Manantial CACHAT, FRANCIA","Cantidad Neta: 0.75 Litros"],"ingredients":[" Análisis Químico ( en mg/L) : residuo seco 309.Bicarbonatos 360·Sulfatos 12,6.Cloruros 6,8. Nitratos 3,7. Silice 15.Calcio 80· Magnesio 26· Sodio 6,5.Potasio 1.PH 7,2."],"conservation":" Conservar en lugar límpio, fresco y seco. Proteger de la luz solar y de olores agresivos.","ean":"3068320014067"},{"full_name":"EVIAN agua mineral natural botella 75 cl de cristal","name":"agua mineral natural botella 75 cl","brand":"EVIAN ","img":"https://sgfm.elcorteingles.es/SGFM/dctm/MEDIA02/CONTENIDOS/201512/21/00118630000901____2__600x600.jpg","price":"2,99 €","price_unit":"(3,99 € / Litro)","categories":["Supermercado","Bebidas","Agua, Refrescos y Zumos","Agua y soda","Agua mineral sin gas","EVIAN agua mineral natural botella 75 cl de cristal"],"general_information":[],"ingredients":[],"ean":"3068320115696"},{"full_name":"MONDARIZ agua mineral natural garrafa 5 l","name":"agua mineral natural garrafa 5 l","brand":"MONDARIZ ","img":"https://sgfm.elcorteingles.es/SGFM/00/67/1/0118630400671/0118630400671000g01011.jpg","price":"1,37 €","price_unit":"(0,27 € / Litro)","categories":["Supermercado","Bebidas","Agua, Refrescos y Zumos","Agua y soda","Agua mineral sin gas","MONDARIZ agua mineral natural garrafa 5 l"],"general_information":["Denominación del alimento: Agua Mineral Natural","País de origen: España","Nombre del operador: Aguas de Mondariz Fuente del Val S.L.","Dirección del operador: Avda. del Val, s/n - 36870 Mondariz","Cantidad Neta: 5 Litros","Otras menciones obligatorias en la etiqueta: Indicada para la preparación de alimentos infantiles. Mineralización débil."],"ingredients":[" Bicarbonatos(156 mg/l), Sulfatos(1,7 mg/l), Cloruros(15,2 mg/l), Nitratos(4,4 mg/l), Fluoruros(0,5 mg/l), Sodio(49,0 mg/l), Calcio(7,7 mg/l), Magnesio(5,5"],"conservation":" Conservar en lugar limpio, fresco y seco; preservado de olores agresivos. No colocar directamente sobre el suelo. Evitar golpes en su manipulación. Proteger de la luz solar.","ean":"8412042502305"},{"full_name":"MONDARIZ agua mineral natural botella 1,5 l","name":"agua mineral natural botella 1,5 l","brand":"MONDARIZ ","img":"https://sgfm.elcorteingles.es/SGFM/00/38/0/0118630000380/0118630000380000g01011.jpg","price":"0,50 €","price_unit":"(0,33 € / Litro)","categories":["Supermercado","Bebidas","Agua, Refrescos y Zumos","Agua y soda","Agua mineral sin gas","MONDARIZ agua mineral natural botella 1,5 l"],"general_information":["Denominación del alimento: Agua mineral natural","País de origen: España","Nombre del operador: Aguas de Mondariz Fuente del Val S.L.","Dirección del operador: Avda. del Val, s/n - 36870 Mondariz","Lugar de procedencia del alimento: Manantial Mondariz IV","Cantidad Neta: 1.5 Litros","Otras menciones obligatorias en la etiqueta: Indicada para la preparación de alimentos infantiles. Mineralización débil."],"ingredients":[" Bicarbonatos(156 mg/l), sulfatos(1,7 mg/l), cloruros(15,2 mg/l), nitratos(4,4 mg/l), fluoruros(0,5 mg/l), sodio(49,0 mg/l), calcio(7,7 mg/l), magnesio(5,5 mg/l), potasio(5,1 mg/l) y sílice(16,5 mg/l)."],"conservation":" Conservar en lugar limpio, fresco y seco; preservado de olores agresivos. No colocar directamente sobre el suelo. Evitar golpes en su manipulación. Proteger de la luz solar.","ean":"8412042502312"},{"full_name":"MONDARIZ agua mineral botella 50 cl","name":"agua mineral botella 50 cl","brand":"MONDARIZ ","img":"https://sgfm.elcorteingles.es/SGFM/00/70/0/0118630600700/0118630600700000g01011.jpg","price":"0,30 €","price_unit":"(0,60 € / Litro)","categories":["Supermercado","Bebidas","Agua, Refrescos y Zumos","Agua y soda","Agua mineral sin gas","MONDARIZ agua mineral botella 50 cl"],"general_information":["Denominación del alimento: Agua mineral natural","País de origen: España","Nombre del operador: Aguas de Mondariz Fuente del Val S.L.","Dirección del operador: Avda. del Val, s/n - 36870 Mondariz","Lugar de procedencia del alimento: Manantial Mondariz IV","Cantidad Neta: 0.50 Litros","Otras menciones obligatorias en la etiqueta: Indicada para la preparación de alimentos infantiles. Mineralización débil."],"ingredients":[" Bicarbonatos(156 mg/l), Sulfatos(1,7 mg/l), Cloruros(15,2 mg/l), Nitratos(4,4 mg/l), Fluoruros(0,5 mg/l), Sodio(49,0 mg/l), Calcio(7,7 mg/l), Magnesio(5,5 mg/l), Potasio(5,1 mg/l), Sílice(16,5 mg/l)"],"conservation":" Conservar en lugar limpio, fresco y seco; preservado de olores agresivos. No colocar directamente sobre el suelo. Evitar golpes en su manipulación. Proteger de la luz solar.","ean":"8412042502367"},{"full_name":"CALDES DE BOI agua mineral natural garrafa 5 l","name":"agua mineral natural garrafa 5 l","brand":"CALDES DE BOI ","img":"https://sgfm.elcorteingles.es/SGFM/00/70/5/0118630400705/0118630400705000g01011.jpg","price":"2,83 €","price_unit":"(0,57 € / Litro)","categories":["Supermercado","Bebidas","Agua, Refrescos y Zumos","Agua y soda","Agua mineral sin gas","CALDES DE BOI agua mineral natural garrafa 5 l"],"general_information":["Denominación del alimento: Agua Mineral Natural de Mineralización Débil","Nombre del operador: Aguas Minerales Caldas de Bohi S.A.","Dirección del operador: Crta. de Caldes de Boí Km 18,5 · 25528 Caldes de Boí, Lleida","Cantidad Neta: 5 Litros"],"ingredients":[" Residuo seco a 180°C: 105, Bicarbonato (HCO3): 34.6, Sulfato (SO4): 13.2, Cloruro (Cl): 14.4, Calcio (Ca): 5.4, Magnesio (Mg): 0.5, Sodio (Na): 21.7, Sílice (SiO2): 22,0"],"conservation":" Conservar en lugar fresco y seco. Proteger de la luz solar y de olores agresivos. Por su seguridad no reutilizar este envase. Consumir preferentemente antes de 4 años de la fecha de envasado.","ean":"8422897100014"},{"full_name":"CALDES DE BOI agua mineral natural botella 1,5 l","name":"agua mineral natural botella 1,5 l","brand":"CALDES DE BOI ","img":"https://sgfm.elcorteingles.es/SGFM/02/26/1/0118630002261/0118630002261000g01011.jpg","price":"1,05 €","price_unit":"(0,70 € / Litro)","categories":["Supermercado","Bebidas","Agua, Refrescos y Zumos","Agua y soda","Agua mineral sin gas","CALDES DE BOI agua mineral natural botella 1,5 l"],"general_information":["Denominación del alimento: Agua Mineral Natural de Mineralización Débil","Nombre del operador: Aguas Minerales Caldas de Bohi S.A.","Dirección del operador: Crta. de Caldes de Boí Km 18,5 · 25528 Caldes de Boí, Lleida","Cantidad Neta: 1.5 Litros"],"ingredients":[" Residuo seco a 180°C: 105, Bicarbonato (HCO3): 34.6, Sulfato (SO4): 13.2, Cloruro (Cl): 14.4, Calcio (Ca): 5.4, Magnesio (Mg): 0.5, Sodio (Na): 21.7, Sílice (SiO2): 22,0"],"conservation":" Conservar en lugar fresco y seco. Proteger de la luz solar y de olores agresivos. Por su seguridad no reutilizar este envase. Consumir preferentemente antes de 4 años de la fecha de envasado.","ean":"8422897100045"},{"full_name":"VOSS agua mineral natural sin gas botella 85 cl","name":"agua mineral natural sin gas botella 85 cl","brand":"VOSS ","img":"https://sgfm.elcorteingles.es/SGFM/dctm/MEDIA03/201707/26/00118630003541____6__600x600.jpg","price":"3,99 €","price_unit":"(4,69 € / Litro)","categories":["Supermercado","Bebidas","Agua, Refrescos y Zumos","Agua y soda","Agua mineral sin gas","VOSS agua mineral natural sin gas botella 85 cl"],"general_information":[],"ingredients":[],"ean":"0682430400119"},{"full_name":"VOSS agua mineral natural sin gas botella 33 cl","name":"agua mineral natural sin gas botella 33 cl","brand":"VOSS ","img":"https://sgfm.elcorteingles.es/SGFM/dctm/MEDIA03/201707/26/00118630601237____1__600x600.jpg","price":"1,99 €","price_unit":"(6,03 € / Litro)","categories":["Supermercado","Bebidas","Agua, Refrescos y Zumos","Agua y soda","Agua mineral sin gas","VOSS agua mineral natural sin gas botella 33 cl"],"general_information":["Denominación del alimento: AGUA DE MANANTIAL ARTESIANA","País de origen: Noruega","Nombre del operador: Voss Production AS","Dirección del operador: N-4730 Vatnestrom, Noruega","Cantidad Neta: 33 Centilitros"],"ingredients":[" Sodio 6 Mg/L. Cloro 12 Mg/L. Magnesio 1 Mg/L. Calcio 5 Mg/L. pH 6. Total sólidos disueltos 44 Mg/L."],"ean":"0682430400096"},{"full_name":"AUARA agua mineral natural sin gas botella 50 cl + figurita decorativa para Belén Navideño","name":"agua mineral natural sin gas botella 50 cl","brand":"AUARA ","img":"https://sgfm.elcorteingles.es/SGFM/dctm/MEDIA03/201711/27/00118630601831____6__600x600.jpg","price":"5,99 €","price_unit":"(11,98 € / Litro)","categories":["Supermercado","Bebidas","Agua, Refrescos y Zumos","Agua y soda","Agua mineral sin gas","AUARA agua mineral natural sin gas botella 50 cl + figurita decorativa para Belén Navideño"],"general_information":[],"ingredients":[],"ean":"8437015991139"},{"full_name":"AUARA agua mineral natural botella 50 cl","name":"agua mineral natural botella 50 cl","brand":"AUARA ","img":"https://sgfm.elcorteingles.es/SGFM/dctm/MEDIA03/201611/11/00118630601559____6__600x600.jpg","price":"0,63 €","price_unit":"(1,26 € / Litro)","categories":["Supermercado","Bebidas","Agua, Refrescos y Zumos","Agua y soda","Agua mineral sin gas","AUARA agua mineral natural botella 50 cl"],"general_information":[],"ingredients":[],"ean":"8437015991016"},{"full_name":"CUEVAS agua mineral botella 1,5 l","name":"agua mineral botella 1,5 l","brand":"CUEVAS ","img":"https://sgfm.elcorteingles.es/SGFM/01/30/5/0118630001305/0118630001305000g01011.jpg","price":"0,48 €","price_unit":"(0,32 € / Litro)","categories":["Supermercado","Bebidas","Agua, Refrescos y Zumos","Agua y soda","Agua mineral sin gas","CUEVAS agua mineral botella 1,5 l"],"general_information":["Denominación del alimento: Agua Mineral Natural","Nombre del operador: AGUA DE CUEVAS S.A.","Dirección del operador: L.G. Felechosa sn - 33688 Felechosa - Aller - Asturias España","Lugar de procedencia del alimento: Fuente de Cuevas","Cantidad Neta: 1,5 Litros"],"ingredients":[" Residuo Seco (208 mg/l), Bicarbonatos (243 mg/l), Sulfatos (13.4 mg/l), Cloruros (2.8 mg/l), Calcio (49.7 mg/l), Magnesio (22,7 mg/l), Sodio (1,7 mg/l), Fluor ("],"conservation":" Conservar en lugar limpio, fresco y seco. Proteger de la luz solar. Preservar de los olores agresivos.","ean":"8425561010039"},{"full_name":"CUEVAS agua mineral natural de mineralización débil botella 50 cl","name":"agua mineral natural de mineralización débil botella 50 cl","brand":"CUEVAS ","img":"https://sgfm.elcorteingles.es/SGFM/dctm/MEDIA02/CONTENIDOS/201407/02/00118630601310____1__600x600.jpg","price":"0,28 €","price_unit":"(0,56 € / Litro)","categories":["Supermercado","Bebidas","Agua, Refrescos y Zumos","Agua y soda","Agua mineral sin gas","CUEVAS agua mineral natural de mineralización débil botella 50 cl"],"general_information":["Denominación del alimento: Agua Mineral Natural","Nombre del operador: AGUA DE CUEVAS S.A.","Dirección del operador: L.G. Felechosa sn - 33688 Felechosa - Aller - Asturias España","Lugar de procedencia del alimento: Fuente de Cuevas","Cantidad Neta: 0,5 Litros"],"ingredients":[" Residuo Seco (208 mg/l), Bicarbonatos (243 mg/l), Sulfatos (13.4 mg/l), Cloruros (2.8 mg/l), Calcio (49.7 mg/l), Magnesio (22,7 mg/l), Sodio (1,7 mg/l), Fluor ("],"conservation":" Conservar en lugar limpio, fresco y seco. Proteger de la luz solar. Preservar de los olores agresivos.","ean":"8425561010022"},{"full_name":"CORALBA agua mineral natural sin gas botella 75 cl","name":"agua mineral natural sin gas botella 75 cl","brand":"CORALBA ","img":"https://sgfm.elcorteingles.es/SGFM/dctm/MEDIA03/201710/20/00118630003558____1__600x600.jpg","price":"1,82 €","price_unit":"(2,43 € / Litro)","categories":["Supermercado","Bebidas","Agua, Refrescos y Zumos","Agua y soda","Agua mineral sin gas","CORALBA agua mineral natural sin gas botella 75 cl"],"general_information":[],"ingredients":[],"ean":"0742832835527"},{"full_name":"LUNARES agua mineral botella 1,5 l","name":"agua mineral botella 1,5 l","brand":"LUNARES ","img":"https://sgfm.elcorteingles.es/SGFM/00/32/3/0118630000323/0118630000323000g01011.jpg","price":"0,54 €","price_unit":"(0,36 € / Litro)","categories":["Supermercado","Bebidas","Agua, Refrescos y Zumos","Agua y soda","Agua mineral sin gas","LUNARES agua mineral botella 1,5 l"],"general_information":["Denominación del alimento: Agua Mineral Natural","Nombre del operador: COBEC, S.A.","Dirección del operador: Ramón Berenguer IV, 1 - 50007 Zaragoza","Cantidad Neta: 1,5 Litros"],"ingredients":[" Bicarbonatos 292 ppm, Sulfatos, 142 ppm, Cloruros 58,2 ppm, Silice 11,1 ppm, Calcio 96,3 ppm, Magnesio 35,7 ppm, Sodio 39 ppm, Potásio 2,3 ppm. Mayo 2011"],"ean":"8410577015017"},{"full_name":"SANT ANIOL agua mineral natural sin gas botella 1,5 l","name":"agua mineral natural sin gas botella 1,5 l","brand":"SANT ANIOL ","img":"https://sgfm.elcorteingles.es/SGFM/03/17/8/0118630003178/0118630003178000g01011.jpg","price":"0,58 €","price_unit":"(0,39 € / Litro)","categories":["Supermercado","Bebidas","Agua, Refrescos y Zumos","Agua y soda","Agua mineral sin gas","SANT ANIOL agua mineral natural sin gas botella 1,5 l"],"general_information":["Denominación del alimento: Aigua mineral natural","Nombre del operador: Hijos de Jose Bassols, S.A.","Dirección del operador: C/ Can Talleda, s/n - 17154 - Sant Aniol De Finestres (Girona)","Cantidad Neta: 1.5 Litros"],"ingredients":[],"conservation":" Hay que preservarla de la luz del sol y de los olores fuertes y evitar el contacto directo con el suelo. Una vez esté abierta, hay que mantenerla en frío. Conservar en un lugar limpio, fresco y seco. Por su seguridad, no se debe reutilizar este envase.","ean":"8424372021500"},{"full_name":"FIJI agua mineral natural sin gas botella 50 cl","name":"agua mineral natural sin gas botella 50 cl","brand":"FIJI ","img":"https://sgfm.elcorteingles.es/SGFM/dctm/MEDIA02/CONTENIDOS/201408/28/00118630601344____1__600x600.jpg","price":"2,99 €","price_unit":"(5,98 € / Litro)","categories":["Supermercado","Bebidas","Agua, Refrescos y Zumos","Agua y soda","Agua mineral sin gas","FIJI agua mineral natural sin gas botella 50 cl"],"general_information":[],"ingredients":[],"ean":"9417574000083"},{"full_name":"VITTEL agua mineral botella 1,5 l","name":"agua mineral botella 1,5 l","brand":"VITTEL ","img":"https://sgfm.elcorteingles.es/SGFM/dctm/MEDIA03/201606/22/00118630000240____1__600x600.jpg","price":"1,35 €","price_unit":"(0,90 € / Litro)","categories":["Supermercado","Bebidas","Agua, Refrescos y Zumos","Agua y soda","Agua mineral sin gas","VITTEL agua mineral botella 1,5 l"],"general_information":["Denominación del alimento: Agua Mineral Natural","Nombre del operador: NESTLÉ ESPAÑA, S.A.","Dirección del operador: Edificio Nestlé, 08950 Esplugues de Llobregat (Barcelona)","Lugar de procedencia del alimento: Manantial BONNE SOURCE","Cantidad Neta: 1.5 Litros"],"ingredients":[" Calcio (94 mg/L), Magnesio (20 mg/L), Sodio (7,7 mg/l), Bicarbonatos (248 mg/L), Sulfato (120 mg/L), Residio Seco a 180º (400 mg/L), pH (7,8)"],"conservation":" Proteger de la luz solar y de temperaturas de congelación. Conservar en lugar limpio, seco, fresco y apartado de olores intensos","ean":"3179732328915"},{"full_name":"CORCONTE agua mineral botella 1,5 l","name":"agua mineral botella 1,5 l","brand":"CORCONTE ","img":"https://sgfm.elcorteingles.es/SGFM/00/03/3/0200530000033/0200530000033000g01011.jpg","price":"0,45 €","price_unit":"(0,30 € / Litro)","categories":["Supermercado","Bebidas","Agua, Refrescos y Zumos","Agua y soda","Agua mineral sin gas","CORCONTE agua mineral botella 1,5 l"],"general_information":["Denominación del alimento: Agua mineral natural","País de origen: España","Nombre del operador: Agua y Balneario de corconte, S.A.","Dirección del operador: Ctra. Reinosa s/n - 09572 Valle de Valdebezana (Burgos)","Lugar de procedencia del alimento: Manantial Balneario de Corconte","Cantidad Neta: 1.5 Kilogramos","Otras menciones obligatorias en la etiqueta: Controlada diariamente en el laboratorio de análisis de la propia planta. Declarada de utilidad pública 01/06/1883"],"ingredients":[" Residuo seco a 180º: 362 mg/l ; Bicarbonatos: 51 mg/l ; Cloruros: 170 mg/l ; Sulfatos: 18,2 mg/l ; Calcio: 15,5 mg/l ; Magnesio: 2,89 mg/l ; Potasio: 2,55 mg/l ; Silice: 7,01 mg/l"],"conservation":" Conservar en lugar fresco y seco. Preservado de la luz solar y olores agresivos","ean":"8412381150021"},{"full_name":"CORCONTE agua mineral botella 50 cl","name":"agua mineral botella 50 cl","brand":"CORCONTE ","img":"https://sgfm.elcorteingles.es/SGFM/00/78/2/0200530600782/0200530600782000g01011.jpg","price":"0,30 €","price_unit":"(0,60 € / Litro)","categories":["Supermercado","Bebidas","Agua, Refrescos y Zumos","Agua y soda","Agua mineral sin gas","CORCONTE agua mineral botella 50 cl"],"general_information":["Denominación del alimento: Agua mineral natural","País de origen: España","Nombre del operador: Agua y Balneario de corconte, S.A.","Dirección del operador: Ctra. Reinosa s/n - 09572 Valle de Valdebezana (Burgos)","Lugar de procedencia del alimento: Manantial Balneario de Corconte","Cantidad Neta: 0.5 Kilogramos","Otras menciones obligatorias en la etiqueta: Controlada diariamente en el laboratorio de análisis de la propia planta. Declarada de utilidad pública 01/06/1883"],"ingredients":[" Residuo seco a 180º: 362 mg/l, Bicarbonatos: 51 mg/lCloruros: 170 mg/lSulfatos: 18,2 mg/l, Calcio: 15,5 mg/lMagnesio: 2,89 mg/lPotasio: 2,55 mg/l"],"conservation":" Conservar en lugar fresco y seco. Preservado de la luz solar y olores agresivos","ean":"8412381050024"},{"full_name":"SIERRA CAZORLA agua mineral natural garrafa 5 l","name":"agua mineral natural garrafa 5 l","brand":"SIERRA CAZORLA ","img":"https://sgfm.elcorteingles.es/SGFM/00/55/6/0118630400556/0118630400556000g01011.jpg","price":"1,55 €","price_unit":"(0,31 € / Litro)","categories":["Supermercado","Bebidas","Agua, Refrescos y Zumos","Agua y soda","Agua mineral sin gas","SIERRA CAZORLA agua mineral natural garrafa 5 l"],"general_information":["Denominación del alimento: Agua mineral natural","Nombre del operador: Explotaciones Internacionales Acuiferas S.A.","Dirección del operador: Crta. del Tranco A-6202, km 18 - 23330 Villanueva del Arzobispo (Jaén)","Lugar de procedencia del alimento: Manantial Sierra Cazorla","Cantidad Neta: 5 Litros"],"ingredients":[" Composición química: Residuo seco 430.7 mg/l, Bicarbonatos 408.7 mg/l, Cloruros "],"conservation":" Conservar en lugar fresco y seco, protegido de la luz solar y de olores intensos. No situar directamente sobre el suelo.","ean":"8429821120032"},{"full_name":"SIERRA JAÉN agua mineral natural botella 1,5 l","name":"agua mineral natural botella 1,5 l","brand":"SIERRA JAÉN ","img":"https://sgfm.elcorteingles.es/SGFM/03/08/7/0118630003087/0118630003087000g01011.jpg","price":"0,49 €","price_unit":"(0,33 € / Litro)","categories":["Supermercado","Bebidas","Agua, Refrescos y Zumos","Agua y soda","Agua mineral sin gas","SIERRA JAÉN agua mineral natural botella 1,5 l"],"general_information":["Denominación del alimento: Agua Mineral Natural","Nombre del operador: Aguas Solan de Cabras, S.A.","Dirección del operador: Paraje de Solan de Cabras, 16893  Beteta (Cuenca)","Lugar de procedencia del alimento: Manantial Sierras de Jaen","Cantidad Neta: 1.5 Litros"],"ingredients":[" Residuo seco (213 mg/l),Bicarbonato (163 mg/l), Sulfato (53.3 mg/l), Cloruro (2.2 mg/l), Nitrato (5.7 mg/l),  Calcio (51.8 mg/l, Magnesio (17.0 mg/l), Sodio (1.1 mg/l), Potasio < (1.0 mg/l)"],"conservation":" Conservar en lugar fresco, limpio y seco. Proteger de olores agresivos","ean":"8425934010154"},{"full_name":"AGUA EN CAJA MEJOR agua mineral natural envase 50 cl","name":"agua mineral natural envase 50 cl","brand":"AGUA EN CAJA MEJOR ","img":"https://sgfm.elcorteingles.es/SGFM/dctm/MEDIA03/201704/10/00118630601575____1__600x600.jpg","price":"0,83 €","price_unit":"(1,66 € / Litro)","categories":["Supermercado","Bebidas","Agua, Refrescos y Zumos","Agua y soda","Agua mineral sin gas","AGUA EN CAJA MEJOR agua mineral natural envase 50 cl"],"general_information":[],"ingredients":[],"ean":"8437016425022"},{"full_name":"22 ARTESIAN WATER agua mineral natural sin gas botella 82,20 cl","name":"agua mineral natural sin gas botella 82,20 cl","brand":"22 ARTESIAN WATER ","img":"https://sgfm.elcorteingles.es/SGFM/dctm/MEDIA03/201611/04/00118630003533____1__600x600.jpg","price":"2,21 €","price_unit":"(2,69 € / Litro)","categories":["Supermercado","Bebidas","Agua, Refrescos y Zumos","Agua y soda","Agua mineral sin gas","22 ARTESIAN WATER agua mineral natural sin gas botella 82,20 cl"],"general_information":[],"ingredients":[],"ean":"8420837101640"},{"full_name":"PEÑACLARA agua mineral sin gas botella 1,5 l","name":"agua mineral sin gas botella 1,5 l","brand":"PEÑACLARA ","img":"https://sgfm.elcorteingles.es/SGFM/dctm/MEDIA03/201705/23/00118630003590____1__600x600.jpg","price":"0,44 €","price_unit":"(0,29 € / Litro)","categories":["Supermercado","Bebidas","Agua, Refrescos y Zumos","Agua y soda","Agua mineral sin gas","PEÑACLARA agua mineral sin gas botella 1,5 l"],"general_information":["Denominación del alimento: Agua mineral natural","Nombre del operador: Mineraqua, S.A.","Dirección del operador: Carretera Logroño-Soria, Km 296 - 26100 Torrecilla en Cameros (La Rioja)","Lugar de procedencia del alimento: Manantial de Peñaclara","Cantidad Neta: 1.5 Litros","Otras menciones obligatorias en la etiqueta: Análisis Qímico (mg/l): Calcio 141mg/l, Magnesio 28.5 mg/l, Sodio 12.8 mg/l, Potasio 1mg/l, Residuo seco 354 mg/l, Sulfatos 297 mg/l, Bicarbonato 224 mg/l, Cloruros 12.4 mg/l, Flúor 0.81 mg/l."],"ingredients":[" Agua mineral natural."],"conservation":" Proteger de la luz solar. Conservar en lugar fresco, seco y apartado de olores intensos.","ean":"8420837100933"},{"full_name":"ALIADA agua mineral natural con gas botella 1,25 l","name":"agua mineral natural con gas botella 1,25 l","brand":"ALIADA ","img":"https://sgfm.elcorteingles.es/SGFM/00/65/3/0118631900653/0118631900653000g01011.jpg","price":"0,29 €","price_unit":"(0,23 € / Litro)","categories":["Supermercado","Bebidas","Agua, Refrescos y Zumos","Agua y soda","Agua mineral con gas","ALIADA agua mineral natural con gas botella 1,25 l"],"general_information":["Denominación del alimento: AGUA MINERAL NATURAL CON GAS \nCARBÓNICO AÑADIDO","Nombre del operador: Envasado para \nEl  Grupo El Corte Inglés\nHermosilla, 112  - 28009 Madrid ? España\n por NIF. B-42009621"],"ingredients":[" Composición analítica en (mg/L): Residuo seco 255,0 - CO3H 298,0 - SO4 1,6 - Cl 3,6 - Ca 93,8 - Mg 3,4 - Na 1,8"],"conservation":" Conservar en lugar limpio, fresco, seco y preservado de olores agresivos.\nProteger de la luz solar.","ean":"8433329007368"},{"full_name":"ALIADA agua mineral natural con gas botella 50 cl","name":"agua mineral natural con gas botella 50 cl","brand":"ALIADA ","img":"https://sgfm.elcorteingles.es/SGFM/dctm/MEDIA03/201705/05/00118631900679____1__600x600.jpg","price":"0,19 €","price_unit":"(0,38 € / Litro)","categories":["Supermercado","Bebidas","Agua, Refrescos y Zumos","Agua y soda","Agua mineral con gas","ALIADA agua mineral natural con gas botella 50 cl"],"general_information":["Denominación del alimento: AGUA MINERAL NATURAL CON GAS \nCARBÓNICO AÑADIDO","Nombre del operador: Envasado para \nEl  Grupo El Corte Inglés\nHermosilla, 112  - 28009 Madrid ? España\n por NIF. B-42009621"],"ingredients":[" Composición analítica en (mg/L): Residuo seco 255,0 - CO3H 298,0 - SO4 1,6 - Cl 3,6 - Ca 93,8 - Mg 3,4 - Na 1,8"],"conservation":" Conservar en lugar limpio, fresco, seco y preservado de olores agresivos.\nProteger de la luz solar.","ean":"8433329007375"},{"full_name":"VICHY CATALAN agua mineral natural con gas botella 1,2 l","name":"agua mineral natural con gas botella 1,2 l","brand":"VICHY CATALAN ","img":"https://sgfm.elcorteingles.es/SGFM/dctm/MEDIA03/201701/16/00118631900935____7__600x600.jpg","price":"1,22 €","price_unit":"(0 € / Litro)","categories":["Supermercado","Bebidas","Agua, Refrescos y Zumos","Agua y soda","Agua mineral con gas","VICHY CATALAN agua mineral natural con gas botella 1,2 l"],"general_information":["Denominación del alimento: Bebida refrescante a base de agua mineral natural Vichy Catalan","País de origen: España","Nombre del operador: S.A. VICHY CATALAN","Dirección del operador: Avda. Doctor Furest, 32   17455 Caldes de Malavella","Lugar de procedencia del alimento: Manantial Vichy Catalan, Cataluña, España","Cantidad Neta: 1200 g","Peso neto escurrido: 1200 g","Porcentaje de alcohol: 0%"],"ingredients":[" Agua mineral natural Vichy Catalan"],"conservation":" Conservar en lugar fresco y seco, protegido de la luz solar y exento de olores intensos.","ean":"8410749000629"},{"full_name":"VICHY CATALAN agua mineral natural con gas botella 1 l","name":"agua mineral natural con gas botella 1 l","brand":"VICHY CATALAN ","img":"https://sgfm.elcorteingles.es/SGFM/00/06/7/0118631900067/0118631900067000g01011.jpg","price":"1,06 €","price_unit":"(1,06 € / Litro)","categories":["Supermercado","Bebidas","Agua, Refrescos y Zumos","Agua y soda","Agua mineral con gas","VICHY CATALAN agua mineral natural con gas botella 1 l"],"general_information":["Denominación del alimento: Agua Mineral Natural con gas carbónico añadido","País de origen: España","Nombre del operador: S.A. VICHY CATALAN","Dirección del operador: Avda. Doctor Furest, 32   17455 Caldes de Malavella","Lugar de procedencia del alimento: Manantial Vichy Catalan, Cataluña, España","Cantidad Neta: 1000 g","Peso neto escurrido: 1 Kilogramos","Otras menciones obligatorias en la etiqueta: Agua sometida a una técnica de adsorción autorizada."],"ingredients":[" Bicarbonatos(2081,0 mg/l), Sulfatos(49,6 mg/l), Cloruros(584,0 mg/l), Sodio (1097,0 mg/l), Potasio (50,7 mg/l), Litio (1,3 mg/l)"],"conservation":" Conservar en lugar fresco y seco, protegido de la luz solar y exento de olores intensos.","ean":"8410749001107"},{"full_name":"VICHY CATALAN 1881 agua mineral natural con gas botella 75 cl","name":"1881 agua mineral natural con gas botella 75 cl","brand":"VICHY CATALAN ","img":"https://sgfm.elcorteingles.es/SGFM/00/58/8/0118631900588/0118631900588000g01011.jpg","price":"1,93 €","price_unit":"(2,57 € / Litro)","categories":["Supermercado","Bebidas","Agua, Refrescos y Zumos","Agua y soda","Agua mineral con gas","VICHY CATALAN 1881 agua mineral natural con gas botella 75 cl"],"general_information":["Denominación del alimento: Agua mineral natural con gas carbónico añadido","País de origen: España","Nombre del operador: Premium Mix Group, S.L.","Dirección del operador: Planta Vichy Catalan.  Avda. Doctor Furest, 32 - 17455 Caldes de Malavella","Lugar de procedencia del alimento: Manantial Vichy Catalan, Cataluña, España","Cantidad Neta: 0.75 Litros","Otras menciones obligatorias en la etiqueta: Agua sometida a una técnica de adsorción autorizada."],"ingredients":[" Bicarbonatos(2081,0 mg/l), sulfatos(49,6 mg/l), cloruros(584,0 mg/l), sodio (1097,0 mg/l), potasio (50,7 mg/l) y litio (1,3 mg/l)."],"conservation":" Conservar en lugar fresco y seco, protegido de la luz solar y exento de olores intensos.","ean":"8410749000018"},{"full_name":"VICHY CATALAN agua mineral con gas pack 4 botellas 50 cl cl","name":"agua mineral con gas pack 4 botellas 50 cl cl","brand":"VICHY CATALAN ","img":"https://sgfm.elcorteingles.es/SGFM/dctm/MEDIA03/201710/09/00118631900992____6__600x600.jpg","price":"3,85 €            ","price_unit":"(0,18 € / Litro)","categories":["Supermercado","Bebidas","Agua, Refrescos y Zumos","Agua y soda","Agua mineral con gas","VICHY CATALAN agua mineral con gas pack 4 botellas 50 cl cl"],"general_information":[],"ingredients":[],"ean":"8410749400122"},{"full_name":"VICHY CATALAN agua mineral natural con gas botella botella 50 cl","name":"agua mineral natural con gas botella botella 50 cl","brand":"VICHY CATALAN ","img":"https://sgfm.elcorteingles.es/SGFM/dctm/MEDIA03/201704/10/00118631901040____1__600x600.jpg","price":"0,98 €","price_unit":"(1,96 € / Litro)","categories":["Supermercado","Bebidas","Agua, Refrescos y Zumos","Agua y soda","Agua mineral con gas","VICHY CATALAN agua mineral natural con gas botella botella 50 cl"],"general_information":["Denominación del alimento: Bebida refrescante a base de agua mineral natural Vichy Catalan","País de origen: España","Nombre del operador: S.A. VICHY CATALAN","Dirección del operador: Avda. Doctor Furest, 32   17455 Caldes de Malavella","Lugar de procedencia del alimento: Manantial Vichy Catalan, Cataluña, España","Cantidad Neta: 500 Mililitros"],"ingredients":[" Bicarbonatos(2081,0 mg/l), sulfatos(49,6 mg/l), cloruros(584,0 mg/l), sodio (1097,0 mg/l), potasio (50,7 mg/l) y litio (1,3 mg/l)."],"conservation":" Conservar en lugar fresco y seco, protegido de la luz solar y exento de olores intensos.","ean":"8410749000827"},{"full_name":"VICHY CATALAN agua mineral natural con gas pack 6 botellas 25 cl","name":"agua mineral natural con gas pack 6 botellas 25 cl","brand":"VICHY CATALAN ","img":"https://sgfm.elcorteingles.es/SGFM/00/09/1/0118631900091/0118631900091000g01011.jpg","price":"5,18 €","price_unit":"(3,45 € / Litro)","categories":["Supermercado","Bebidas","Agua, Refrescos y Zumos","Agua y soda","Agua mineral con gas","VICHY CATALAN agua mineral natural con gas pack 6 botellas 25 cl"],"general_information":["Denominación del alimento: Agua Mineral Natural con gas carbónico añadido","País de origen: España","Nombre del operador: Premium Mix Group, S.L.","Dirección del operador: Planta Vichy Catalan. Avda. Doctor Furest, 32 - 17455 Caldes de Malavella","Lugar de procedencia del alimento: Manantial Vichy Catalan, Cataluña, España","Cantidad Neta: 1500 g","Peso neto escurrido: 1500 g","Porcentaje de alcohol: 0%","Número de raciones por envase: 6","Otras menciones obligatorias en la etiqueta: Agua sometida a una técnica de adsorción autorizada."],"ingredients":[" Bicarbonatos(2081,0 mg/l), Sulfatos(49,6 mg/l), Cloruros(584,0 mg/l), Sodio (1097,0 mg/l), Potasio (50,7 mg/l), Litio (1,3 mg/l)"],"conservation":" Conservar en lugar fresco y seco, protegido de la luz solar y exento de olores intensos.","ean":"8410749001114"},{"full_name":"VICHY CATALAN agua mineral natural con gas lata 33 cl","name":"agua mineral natural con gas lata 33 cl","brand":"VICHY CATALAN ","img":"https://sgfm.elcorteingles.es/SGFM/00/76/0/0118631900760/0118631900760000g01011.jpg","price":"0,79 €","price_unit":"(2,39 € / Litro)","categories":["Supermercado","Bebidas","Agua, Refrescos y Zumos","Agua y soda","Agua mineral con gas","VICHY CATALAN agua mineral natural con gas lata 33 cl"],"general_information":["Denominación del alimento: Bebida refrescante a base de agua mineral natural Vichy Catalan.","País de origen: España","Nombre del operador: Premium Mix Group, S.L.","Dirección del operador: Planta Vichy Catalan.  Avda. Doctor Furest, 32 - 17455 Caldes de Malavella","Lugar de procedencia del alimento: España","Cantidad Neta: 0.33 Litros"],"ingredients":[" Agua mineral natural Vichy Catalan"],"conservation":" Conservar en lugar fresco y seco, protegido de la luz solar y exento de olores intensos.","ean":"8410749000070"},{"full_name":"VICHY CATALAN agua mineral natural con gas sabor limón lata 33 cl","name":"agua mineral natural con gas sabor limón lata 33 cl","brand":"VICHY CATALAN ","img":"https://sgfm.elcorteingles.es/SGFM/00/77/8/0118631900778/0118631900778000g01011.jpg","price":"0,79 €","price_unit":"(2,39 € / Litro)","categories":["Supermercado","Bebidas","Agua, Refrescos y Zumos","Agua y soda","Agua mineral con gas","VICHY CATALAN agua mineral natural con gas sabor limón lata 33 cl"],"general_information":["Denominación del alimento: Bebida refrescante aromatizada a base de agua mineral natural. Con edulcorantes.","País de origen: España","Nombre del operador: Premium Mix Group, S.L.","Dirección del operador: Planta Vichy Catalan.  Avda. Doctor Furest, 32 - 17455 Caldes de Malavella","Lugar de procedencia del alimento: España","Cantidad Neta: 0.33 Litros","Otras menciones obligatorias en la etiqueta: Con edulcorantes."],"ingredients":[" Agua carbónica Vichy Catalan, acidulante, aroma y edulcorante."],"conservation":" Conservar en lugar fresco y seco, protegido de la luz solar y exento de olores intensos.","ean":"8410749000087"},{"full_name":"VICHY CATALAN agua mineral natural con gas sabor menta lata 33 cl","name":"agua mineral natural con gas sabor menta lata 33 cl","brand":"VICHY CATALAN ","img":"https://sgfm.elcorteingles.es/SGFM/00/79/4/0118631900794/0118631900794000g01011.jpg","price":"0,79 €","price_unit":"(2,39 € / Litro)","categories":["Supermercado","Bebidas","Agua, Refrescos y Zumos","Agua y soda","Agua mineral con gas","VICHY CATALAN agua mineral natural con gas sabor menta lata 33 cl"],"general_information":["Denominación del alimento: Bebida refrescante aromatizada a base de agua mineral natural. Con edulcorantes.","País de origen: España","Nombre del operador: Premium Mix Group, S.L.","Dirección del operador: Planta Vichy Catalan.  Avda. Doctor Furest, 32 - 17455 Caldes de Malavella","Lugar de procedencia del alimento: España","Cantidad Neta: 0.33 Litros","Otras menciones obligatorias en la etiqueta: Con edulcorantes."],"ingredients":[" Agua mineral natural carbónica, acidulante, aroma, extractos de gingseng y guaraná, edulcorantes y vitaminas."],"conservation":" Conservar en lugar fresco y seco, protegido de la luz solar y exento de olores intensos.","ean":"8410749000100"},{"full_name":"VICHY CATALAN agua mineral natural con gas sabor lima-limón lata 33 cl","name":"agua mineral natural con gas sabor lima-limón lata 33 cl","brand":"VICHY CATALAN ","img":"https://sgfm.elcorteingles.es/SGFM/00/80/2/0118631900802/0118631900802000g01011.jpg","price":"0,79 €","price_unit":"(2,39 € / Litro)","categories":["Supermercado","Bebidas","Agua, Refrescos y Zumos","Agua y soda","Agua mineral con gas","VICHY CATALAN agua mineral natural con gas sabor lima-limón lata 33 cl"],"general_information":["Denominación del alimento: Bebida refrescante aromatizada a base de agua mineral natural. Con edulcorantes.","País de origen: España","Nombre del operador: Premium Mix Group, S.L.","Dirección del operador: Planta Vichy Catalan.  Avda. Doctor Furest, 32 - 17455 Caldes de Malavella","Lugar de procedencia del alimento: España","Cantidad Neta: 0.33 Litros","Otras menciones obligatorias en la etiqueta: Con edulcorantes."],"ingredients":[" Agua mineral natural carbónica, acidulante, aroma, extractos de gingseng y guaraná, edulcorantes y vitaminas."],"conservation":" Conservar en lugar fresco y seco, protegido de la luz solar y exento de olores intensos.","ean":"8410749000094"},{"full_name":"VICHY CATALAN agua mineral natural con gas sabor naranja lata 33 cl","name":"agua mineral natural con gas sabor naranja lata 33 cl","brand":"VICHY CATALAN ","img":"https://sgfm.elcorteingles.es/SGFM/dctm/MEDIA02/CONTENIDOS/201601/04/00118631900968____1__600x600.jpg","price":"0,79 €","price_unit":"(2,39 € / Litro)","categories":["Supermercado","Bebidas","Agua, Refrescos y Zumos","Agua y soda","Agua mineral con gas","VICHY CATALAN agua mineral natural con gas sabor naranja lata 33 cl"],"general_information":["Denominación del alimento: Bebida refrescante aromatizada a base de agua mineral natural. Con edulcorantes.","País de origen: España","Nombre del operador: S.A. VICHY CATALAN","Dirección del operador: Avda. Doctor Furest, 32   17455 Caldes de Malavella","Lugar de procedencia del alimento: España","Cantidad Neta: 330 Mililitros","Otras menciones obligatorias en la etiqueta: Con edulcorantes"],"ingredients":[" Agua mineral natural carbónica, Acidulante, Aroma, Edulcorantes"],"conservation":" Conservar en lugar fresco y seco, protegido de la luz solar y exento de olores intensos.","ean":"8410749000773"},{"full_name":"PERRIER agua mineral con gas pack 4 botellas 33 cl","name":"agua mineral con gas pack 4 botellas 33 cl","brand":"PERRIER ","img":"https://sgfm.elcorteingles.es/SGFM/dctm/MEDIA03/201602/09/00118631900059____1__600x600.jpg","price":"4,13 €","price_unit":"(3,13 € / Litro)","categories":["Supermercado","Bebidas","Agua, Refrescos y Zumos","Agua y soda","Agua mineral con gas","PERRIER agua mineral con gas pack 4 botellas 33 cl"],"general_information":["Denominación del alimento: Agua Mineral Natural con gas procedente del mismo manantial","Nombre del operador: NESTLÉ ESPAÑA, S.A.","Dirección del operador: Edificio Nestlé, 08950 Esplugues de Llobregat (Barcelona)","Lugar de procedencia del alimento: Manantial PERRIER","Cantidad Neta: 1.32 Litros"],"ingredients":[],"conservation":" Conservar en lugar fresco, seco y apartado de olores intensos.","ean":"3179730012564"},{"full_name":"PERRIER agua mineral con gas botella 1 l","name":"agua mineral con gas botella 1 l","brand":"PERRIER ","img":"https://sgfm.elcorteingles.es/SGFM/dctm/MEDIA03/201606/22/00118631900851____1__600x600.jpg","price":"1,19 €","price_unit":"(1,19 € / Litro)","categories":["Supermercado","Bebidas","Agua, Refrescos y Zumos","Agua y soda","Agua mineral con gas","PERRIER agua mineral con gas botella 1 l"],"general_information":["Denominación del alimento: Agua Mineral Natural con gas procedente del mismo manantial","Nombre del operador: NESTLÉ ESPAÑA, S.A.","Dirección del operador: Edificio Nestlé, 08950 Esplugues de Llobregat (Barcelona)","Lugar de procedencia del alimento: Manantial PERRIER","Cantidad Neta: 1 Litros"],"ingredients":[" Residuo Seco a 180º (480 mg/L), Bicarbonatos (430 mg/L), Calcio (160 mg/L), Sulfato (33 mg/L), Cloruros (22 mg/L), Sodio (9,5 mg/L), Nitratos (7,8 mg/L), Magnesio (4,2 mg/L), Potasio ("],"conservation":" Conservar en lugar fresco, seco y apartado de olores intensos.","ean":"3179732348913"},{"full_name":"PERRIER agua mineral con gas botella 75 cl","name":"agua mineral con gas botella 75 cl","brand":"PERRIER ","img":"https://sgfm.elcorteingles.es/SGFM/dctm/MEDIA03/201606/22/00118631900075____1__600x600.jpg","price":"2,15 €","price_unit":"(2,87 € / Litro)","categories":["Supermercado","Bebidas","Agua, Refrescos y Zumos","Agua y soda","Agua mineral con gas","PERRIER agua mineral con gas botella 75 cl"],"general_information":["Denominación del alimento: Agua Mineral Natural con gas procedente del mismo manantial","Nombre del operador: NESTLÉ ESPAÑA, S.A.","Dirección del operador: Edificio Nestlé, 08950 Esplugues de Llobregat (Barcelona)","Lugar de procedencia del alimento: Manantial PERRIER","Cantidad Neta: 750 Mililitros"],"ingredients":[" Residuo Seco a 180º (480 mg/L), Bicarbonatos (430 mg/L), Calcio (160 mg/L), Sulfato (33 mg/L), Cloruros (22 mg/L), Sodio (9,5 mg/L), Nitratos (7,8 mg/L), Magnesio (4,2 mg/L), Potasio ("],"conservation":" Conservar en lugar fresco, seco y apartado de olores intensos.","ean":"3179730011147"},{"full_name":"PERRIER agua mineral con gas botella 50 cl","name":"agua mineral con gas botella 50 cl","brand":"PERRIER ","img":"https://sgfm.elcorteingles.es/SGFM/dctm/MEDIA03/201606/22/00118631900117____1__600x600.jpg","price":"0,86 €","price_unit":"(1,72 € / Litro)","categories":["Supermercado","Bebidas","Agua, Refrescos y Zumos","Agua y soda","Agua mineral con gas","PERRIER agua mineral con gas botella 50 cl"],"general_information":[],"ingredients":[],"ean":"7613035870598"},{"full_name":"PERRIER agua con gas sabor limón botella 50 cl","name":"agua con gas sabor limón botella 50 cl","brand":"PERRIER ","img":"https://sgfm.elcorteingles.es/SGFM/dctm/MEDIA03/201706/29/00200531901064____1__600x600.jpg","price":"0,86 €","price_unit":"(1,72 € / Litro)","categories":["Supermercado","Bebidas","Agua, Refrescos y Zumos","Agua y soda","Agua mineral con gas","PERRIER agua con gas sabor limón botella 50 cl"],"general_information":[],"ingredients":[],"ean":"7613035696150"},{"full_name":"SAN PELLEGRINO agua mineral con gas botella 1 l","name":"agua mineral con gas botella 1 l","brand":"SAN PELLEGRINO ","img":"https://sgfm.elcorteingles.es/SGFM/dctm/MEDIA03/201606/22/00118631900869____1__600x600.jpg","price":"1,21 €","price_unit":"(1,21 € / Litro)","categories":["Supermercado","Bebidas","Agua, Refrescos y Zumos","Agua y soda","Agua mineral con gas","SAN PELLEGRINO agua mineral con gas botella 1 l"],"general_information":["Denominación del alimento: Agua Mineral Natural con Gas Carbónico Añadido","Nombre del operador: NESTLÉ ESPAÑA, S.A.","Dirección del operador: Edificio Nestlé, 08950 Esplugues de Llobregat (Barcelona)","Lugar de procedencia del alimento: Manantial San Pellegrino Terme","Cantidad Neta: 1 Litros"],"ingredients":[" Residuo Seco a 180º (915 mg/L), Bicarbonatos (245 mg/L), Calcio (174 mg/L), Sulfato (430 mg/L), Cloruros (52 mg/L), Sodio (33,3 mg/L), Nitratos (2,6 mg/L), Magnesio (51,4 mg/L), Silício (7,1 mg/L), Estroncio (2,8 mg/L), Potasio (2,2 mg/L), pH (7,6)"],"conservation":" Conservar en lugar fresco, seco, limpio y sin olores. Proteger de la luz solar. No congelar","ean":"8002270002045"},{"full_name":"SAN PELLEGRINO agua mineral natural con gas botella 50 cl","name":"agua mineral natural con gas botella 50 cl","brand":"SAN PELLEGRINO ","img":"https://sgfm.elcorteingles.es/SGFM/dctm/MEDIA03/201606/22/00118631900752____1__600x600.jpg","price":"0,84 €","price_unit":"(1,68 € / Litro)","categories":["Supermercado","Bebidas","Agua, Refrescos y Zumos","Agua y soda","Agua mineral con gas","SAN PELLEGRINO agua mineral natural con gas botella 50 cl"],"general_information":["Denominación del alimento: Agua Mineral Natural con Gas Carbónico Añadido","Nombre del operador: NESTLÉ ESPAÑA, S.A.","Dirección del operador: Edificio Nestlé, 08950 Esplugues de Llobregat (Barcelona)","Lugar de procedencia del alimento: Manantial San Pellegrino Terme","Cantidad Neta: 0.5 Litros"],"ingredients":[" Residuo Seco a 180º (915 mg/L), Bicarbonatos (245 mg/L), Calcio (174 mg/L), Sulfato (430 mg/L), Cloruros (52 mg/L), Sodio (33,3 mg/L), Nitratos (2,6 mg/L), Magnesio (51,4 mg/L), Silício (7,1 mg/L), Estroncio (2,8 mg/L), Potasio (2,2 mg/L), pH (7,6)"],"conservation":" Conservar en lugar fresco, seco, limpio y sin olores. Proteger de la luz solar. No congelar","ean":"8002270015373"},{"full_name":"FONTER agua mineral natural con gas botella 1 l","name":"agua mineral natural con gas botella 1 l","brand":"FONTER ","img":"https://sgfm.elcorteingles.es/SGFM/dctm/MEDIA03/201606/13/00118631900240____1__600x600.jpg","price":"0,89 €","price_unit":"(0,89 € / Litro)","categories":["Supermercado","Bebidas","Agua, Refrescos y Zumos","Agua y soda","Agua mineral con gas","FONTER agua mineral natural con gas botella 1 l"],"general_information":["Denominación del alimento: agua mineral natural con gas carbonico añadido","Nombre del operador: AGUAS FONT VELLA Y LANJARON S.A.","Dirección del operador: calle Buenos Aires, 21 - 08029 Barcelona","Lugar de procedencia del alimento: Manantial PALATIN","Cantidad Neta: 1 Litros"],"ingredients":[" Residuo Seco 698 ·Bicarbonatos 710 · Calcio 118 · Magnesio 47,7 · Sodio 63,9 (CNTA-2016)"],"conservation":" Conservar en lugar límpio, fresco y seco. Proteger de la luz solar y de olores agresivos.  Evitar contacto directo con el suelo. Exija que se abra la botella en su presencia.No reutilizar este envase.","ean":"8410055151022"},{"full_name":"FONTER agua mineral natural con gas botella 50 cl","name":"agua mineral natural con gas botella 50 cl","brand":"FONTER ","img":"https://sgfm.elcorteingles.es/SGFM/dctm/MEDIA03/201606/13/00118631900224____1__600x600.jpg","price":"0,79 €","price_unit":"(1,58 € / Litro)","categories":["Supermercado","Bebidas","Agua, Refrescos y Zumos","Agua y soda","Agua mineral con gas","FONTER agua mineral natural con gas botella 50 cl"],"general_information":["Denominación del alimento: agua mineral natural con gas carbonico añadido","Nombre del operador: AGUAS FONT VELLA Y LANJARON S.A.","Dirección del operador: calle Buenos Aires, 21 - 08029 Barcelona","Lugar de procedencia del alimento: Manantial PALATIN","Cantidad Neta: 0.5 Litros"],"ingredients":[" Residuo Seco 698 ·Bicarbonatos 710 · Calcio 118 · Magnesio 47,7 · Sodio 63,9 (CNTA-2016)"],"conservation":" Conservar en lugar límpio, fresco y seco. Proteger de la luz solar y de olores agresivos.  Evitar contacto directo con el suelo. Exija que se abra la botella en su presencia.No reutilizar este envase.","ean":"8410055026009"},{"full_name":"CABREIROA MAGMA agua con gas carbónico añadido botella 1 l","name":"MAGMA agua con gas carbónico añadido botella 1 l","brand":"CABREIROA ","img":"https://sgfm.elcorteingles.es/SGFM/dctm/MEDIA02/CONTENIDOS/201501/21/00118631900893____1__600x600.jpg","price":"0,94 €            ","price_unit":"(0,86 € / Litro)","categories":["Supermercado","Bebidas","Agua, Refrescos y Zumos","Agua y soda","Agua mineral con gas","CABREIROA MAGMA agua con gas carbónico añadido botella 1 l"],"general_information":[],"ingredients":[],"ean":"8411902008131"},{"full_name":"CABREIROA MAGMA agua con gas carbónico natural de origen magmático botella 1 l","name":"MAGMA agua con gas carbónico natural de origen magmático botella 1 l","brand":"CABREIROA ","img":"https://sgfm.elcorteingles.es/SGFM/dctm/MEDIA02/CONTENIDOS/201501/21/00118631900885____1__600x600.jpg","price":"0,94 €            ","price_unit":"(0,86 € / Litro)","categories":["Supermercado","Bebidas","Agua, Refrescos y Zumos","Agua y soda","Agua mineral con gas","CABREIROA MAGMA agua con gas carbónico natural de origen magmático botella 1 l"],"general_information":[],"ingredients":[],"ean":"8411902008124"},{"full_name":"PEDRAS agua mineral con gas pack 6 botellas 25 cl","name":"agua mineral con gas pack 6 botellas 25 cl","brand":"PEDRAS ","img":"https://sgfm.elcorteingles.es/SGFM/00/54/7/0118631900547/0118631900547000g01011.jpg","price":"4,95 €","price_unit":"(19,80 € / Litro)","categories":["Supermercado","Bebidas","Agua, Refrescos y Zumos","Agua y soda","Agua mineral con gas","PEDRAS agua mineral con gas pack 6 botellas 25 cl"],"general_information":["Denominación del alimento: Agua Mineral Natural Carbónica Natural","Nombre del operador: Calidad Pascual, SAU.","Dirección del operador: Ctra. De Palencia, s/n - 09400 Aranda de Duero (Burgos)","Lugar de procedencia del alimento: Manantial Pedras Salgadas (Portugal)","Cantidad Neta: 1500,0 Mililitros","Otras menciones obligatorias en la etiqueta: Agua sometida a una técnica de absorción autorizada."],"ingredients":[" Composición química No 19/H/2014 do LNEG; Mineralización total: 2807 mg/l, pH: 6.1, S¡O2: 62 mg/l, HCO3-: 1983 mg/l, Ca2+: 102 mg/l, Cl-: 30 mg/l, Na+: 577 mg/l, NO3-: "],"conservation":" Proteger de la luz y del calor.","ean":"5601195100121"},{"full_name":"MALAVELLA agua mineral natural con gas botella 75 cl","name":"agua mineral natural con gas botella 75 cl","brand":"MALAVELLA ","img":"https://sgfm.elcorteingles.es/SGFM/00/12/5/0118631900125/0118631900125000g01011.jpg","price":"1,28 €","price_unit":"(1,71 € / Litro)","categories":["Supermercado","Bebidas","Agua, Refrescos y Zumos","Agua y soda","Agua mineral con gas","MALAVELLA agua mineral natural con gas botella 75 cl"],"general_information":["Denominación del alimento: Agua mineral natural","País de origen: España","Nombre del operador: Malavella S.L.","Dirección del operador: Reramuralla, 63 - 17455 Caldes de Malavella","Lugar de procedencia del alimento: Manantial Malavella","Cantidad Neta: 0.75 Litros","Otras menciones obligatorias en la etiqueta: Agua sometida a una técnica de adsorción autorizada."],"ingredients":[" Bicarbonatos(2214,0 mg/l), sulfatos(47,7 mg/l), cloruros(594,0 mg/l), sodio (115,0 mg/l), potasio (49,4 mg/l) y litio (1,3 mg/l)."],"conservation":" Conservar en lugar fresco y seco, protegido de la luz solar y exento de olores intensos.","ean":"8411185007500"},{"full_name":"MONDARIZ agua mineral natural con gas botella 75 cl","name":"agua mineral natural con gas botella 75 cl","brand":"MONDARIZ ","img":"https://sgfm.elcorteingles.es/SGFM/00/59/6/0118631900596/0118631900596000g01011.jpg","price":"0,92 €","price_unit":"(1,23 € / Litro)","categories":["Supermercado","Bebidas","Agua, Refrescos y Zumos","Agua y soda","Agua mineral con gas","MONDARIZ agua mineral natural con gas botella 75 cl"],"general_information":["Denominación del alimento: Agua mineral natural","País de origen: España","Nombre del operador: Aguas de Mondariz Fuente del Val S.L.","Dirección del operador: Avda. del Val, s/n - 36870 Mondariz","Lugar de procedencia del alimento: Manantial Mondariz IV","Cantidad Neta: 0.75 Litros","Otras menciones obligatorias en la etiqueta: Indicada para la preparación de alimentos infantiles. Mineralización débil."],"ingredients":[" Bicarbonatos(156 mg/l), sulfatos(1,7 mg/l), cloruros(15,2 mg/l), nitratos(4,4 mg/l), fluoruros(0,5 mg/l), sodio(49,0 mg/l), calcio(7,7 mg/l), magnesio(5,5 mg/l), potasio(5,1 mg/l) y sílice(16,5 mg/l)."],"conservation":" Conservar en lugar limpio, fresco y seco; preservado de olores agresivos. No colocar directamente sobre el suelo. Evitar golpes en su manipulación. Proteger de la luz solar.","ean":"8412042501087"},{"full_name":"FONT VELLA LEVITÉ agua mineral natural con zumo de naranja botella 1,25 l","name":"agua mineral natural con zumo de naranja botella 1,25 l","brand":"FONT VELLA LEVITÉ ","img":"https://sgfm.elcorteingles.es/SGFM/dctm/MEDIA03/201606/13/00118630003251____1__600x600.jpg","price":"1,29 €","price_unit":"(1,03 € / Litro)","categories":["Supermercado","Bebidas","Agua, Refrescos y Zumos","Agua y soda","Agua mineral sabores / funcionales","FONT VELLA LEVITÉ agua mineral natural con zumo de naranja botella 1,25 l"],"general_information":["Denominación del alimento: bebida refrescante a base de agua mineral natural y zumo de frutas con edulcorante y azucar. Zumo a base de concentrado.","Nombre del operador: AGUAS FONT VELLA Y LANJARON S.A.","Dirección del operador: calle Buenos Aires, 21 - 08029 Barcelona","Cantidad Neta: 1.25 Litros"],"ingredients":[" agua mineral natural,  zumo de naranja a base de concentrado (8%), azúcar, corrector de acidez : ácido cítrico , antioxidante : ácido áscorbico ,  estabilizadores : pectina,  colorante : beta-caroteno, aroma  natural de naranja  con otros aromas naturales, edulcorante : glucósidos de esteviol"],"conservation":" Conservar en lugar límpio, fresco y seco. Proteger de la luz solar y de olores agresivos. Por su seguridad no reutilizar este envase. Una vez abierto el envase mantener en frío y consumir en los 2/3 días siguientes a su apertura.","ean":"8410055885705"},{"full_name":"FONT VELLA LEVITÉ agua mineral natural con zumo de naranja lata 33 cl","name":"agua mineral natural con zumo de naranja lata 33 cl","brand":"FONT VELLA LEVITÉ ","img":"https://sgfm.elcorteingles.es/SGFM/dctm/MEDIA03/201604/25/00118630601393____2__600x600.jpg","price":"0,69 €","price_unit":"(2,09 € / Litro)","categories":["Supermercado","Bebidas","Agua, Refrescos y Zumos","Agua y soda","Agua mineral sabores / funcionales","FONT VELLA LEVITÉ agua mineral natural con zumo de naranja lata 33 cl"],"general_information":["Denominación del alimento: bebida refrescante a base de agua mineral natural y zumo de frutas con edulcorante y azucar. Zumo a base de concentrado.","Nombre del operador: AGUAS FONT VELLA Y LANJARON S.A.","Dirección del operador: calle Buenos Aires, 21 - 08029 Barcelona","Cantidad Neta: 0.33 Litros"],"ingredients":[" agua mineral natural,  zumo de naranja a base de concentrado (8%), azúcar, corrector de acidez : ácido cítrico , antioxidante : ácido áscorbico ,  estabilizadores : pectina,  colorante : beta-caroteno, aroma  natural de naranja  con otros aromas naturales, edulcorante : glucósidos de esteviol"],"conservation":" Conservar en lugar límpio, fresco y seco. Proteger de la luz solar y de olores agresivos. Por su seguridad no reutilizar este envase. Una vez abierto el envase mantener en frío y consumir en los 2/3 días siguientes a su apertura.","ean":"8410055885408"},{"full_name":"FONT VELLA LEVITÉ agua mineral natural con zumo de limón botella 1,25 l","name":"agua mineral natural con zumo de limón botella 1,25 l","brand":"FONT VELLA LEVITÉ ","img":"https://sgfm.elcorteingles.es/SGFM/dctm/MEDIA03/201606/13/00118630001917____1__600x600.jpg","price":"1,29 €","price_unit":"(1,03 € / Litro)","categories":["Supermercado","Bebidas","Agua, Refrescos y Zumos","Agua y soda","Agua mineral sabores / funcionales","FONT VELLA LEVITÉ agua mineral natural con zumo de limón botella 1,25 l"],"general_information":["Denominación del alimento: bebida refrescante a base de agua mineral natural y zumo de frutas con edulcorante y azucar. Zumo a base de concentrado.","Nombre del operador: AGUAS FONT VELLA Y LANJARON S.A.","Dirección del operador: calle Buenos Aires, 21 - 08029 Barcelona","Cantidad Neta: 1.25 Litros"],"ingredients":[" agua mineral natural, azúcar, zumo de limon a base de concentrado (6%), correctores de acidez : e330 y e331, edulcorante : glucósidos de esteviol, estabilizantes : goma arábiga, e445 y e444, aromas naturales"],"conservation":" Conservar en lugar límpio, fresco y seco. Proteger de la luz solar y de olores agresivos. Por su seguridad no reutilizar este envase. Una vez abierto el envase mantener en frío y consumir en los 2/3 días siguientes a su apertura.","ean":"8410055885101"},{"full_name":"FONT VELLA LEVITÉ agua mineral natural con zumo de limón lata 33 cl","name":"agua mineral natural con zumo de limón lata 33 cl","brand":"FONT VELLA LEVITÉ ","img":"https://sgfm.elcorteingles.es/SGFM/dctm/MEDIA03/201606/13/00118630601211____1__600x600.jpg","price":"0,67 €","price_unit":"(2,03 € / Litro)","categories":["Supermercado","Bebidas","Agua, Refrescos y Zumos","Agua y soda","Agua mineral sabores / funcionales","FONT VELLA LEVITÉ agua mineral natural con zumo de limón lata 33 cl"],"general_information":[],"ingredients":[],"ean":"8410055885422"},{"full_name":"FONT VELLA LEVITÉ agua mineral natural con zumo de fresa botella 1,25 l","name":"agua mineral natural con zumo de fresa botella 1,25 l","brand":"FONT VELLA LEVITÉ ","img":"https://sgfm.elcorteingles.es/SGFM/dctm/MEDIA03/201602/29/00118630003459____1__600x600.jpg","price":"1,29 €","categories":["Supermercado","Bebidas","Agua, Refrescos y Zumos","Agua y soda","Agua mineral sabores / funcionales","FONT VELLA LEVITÉ agua mineral natural con zumo de fresa botella 1,25 l"],"general_information":[],"ingredients":[],"ean":"8410055885743"},{"full_name":"FONT VELLA LEVITÉ agua mineral natural con zumo de lima botella 1,25 l","name":"agua mineral natural con zumo de lima botella 1,25 l","brand":"FONT VELLA LEVITÉ ","img":"https://sgfm.elcorteingles.es/SGFM/dctm/MEDIA03/201607/19/00200530003649____1__600x600.jpg","price":"1,29 €","categories":["Supermercado","Bebidas","Agua, Refrescos y Zumos","Agua y soda","Agua mineral sabores / funcionales","FONT VELLA LEVITÉ agua mineral natural con zumo de lima botella 1,25 l"],"general_information":["Denominación del alimento: bebida refrescante a base de agua mineral natural y zumo de frutas con edulcorante y azucar. Zumo a base de concentrado.","Nombre del operador: AGUAS FONT VELLA Y LANJARON S.A.","Dirección del operador: calle Buenos Aires, 21 - 08029 Barcelona","Cantidad Neta: 1.25 Litros"],"ingredients":[" Agua mineral natural, azúcar, zumo de frutas a base de concentrado (lima 4%, manzana 2%,), correctores de acidez: ácido cítrico y citrato sódico, antioxidante: ácido ascórbico, estabilizadores: pectina y goma arábiga,  aceite de coco, edulcorante: glucósidos de esteviol, colorante: E-141ii, aromas naturales."],"conservation":" Conservar en lugar límpio, fresco y seco. Proteger de la luz solar y de olores agresivos. Por su seguridad no reutilizar este envase. Una vez abierto el envase mantener en frío y consumir en los 2/3 días siguientes a su apertura.","ean":"8410055886306"},{"full_name":"FONT VELLA LEVITÉ agua mineral natural con zumo de piña botella 1,25 l","name":"agua mineral natural con zumo de piña botella 1,25 l","brand":"FONT VELLA LEVITÉ ","img":"https://sgfm.elcorteingles.es/SGFM/dctm/MEDIA03/201606/13/00118630003376____2__600x600.jpg","price":"1,29 €","price_unit":"(1,03 € / Litro)","categories":["Supermercado","Bebidas","Agua, Refrescos y Zumos","Agua y soda","Agua mineral sabores / funcionales","FONT VELLA LEVITÉ agua mineral natural con zumo de piña botella 1,25 l"],"general_information":["Denominación del alimento: bebida refrescante a base de agua mineral natural y zumo de frutas con edulcorante y azucar. Zumo a base de concentrado.","Nombre del operador: AGUAS FONT VELLA Y LANJARON S.A.","Dirección del operador: calle Buenos Aires, 21 - 08029 Barcelona","Cantidad Neta: 1.25 Litros"],"ingredients":[" Agua mineral natural, azúcar, zumo de piña a base de concentrado (5,5%), zuma de naranja a base de concentrado (0,5%), extracto de naranja, corrector de acidez: ácido cítrico, antioxidante: ácido ascórbico, estabilizadores: pectina, goma arábiga,  aceite de coco, edulcorante: glucósidos de esteviol, colorante: E-161b, aroma."],"conservation":" Conservar en lugar límpio, fresco y seco. Proteger de la luz solar y de olores agresivos. Por su seguridad no reutilizar este envase. Una vez abierto el envase mantener en frío y consumir en los 2/3 días siguientes a su apertura.","ean":"8410055886009"},{"full_name":"FONT VELLA LEVITÉ Tropical con agua mineral natural botella 1,25 l","name":"Tropical con agua mineral natural botella 1,25 l","brand":"FONT VELLA LEVITÉ ","img":"https://sgfm.elcorteingles.es/SGFM/dctm/MEDIA03/201706/27/00118630003442____3__600x600.jpg","price":"1,35 €            ","price_unit":"(1,03 € / Litro)","categories":["Supermercado","Bebidas","Agua, Refrescos y Zumos","Agua y soda","Agua mineral sabores / funcionales","FONT VELLA LEVITÉ Tropical con agua mineral natural botella 1,25 l"],"general_information":["Denominación del alimento: bebida refrescante a base de agua mineral natural y zumo de frutas","Nombre del operador: AGUAS FONT VELLA Y LANJARON S.A.","Dirección del operador: calle Buenos Aires, 21 - 08029 Barcelona","Cantidad Neta: 1.25 Litros"],"ingredients":[" Agua mineral natural, azúcar, zumo de frutas a base de concentrado Piña 3,0%, mango 1,5%, naranja 1%, fruta de la pasión 0,5%, correctores de acidez: ácido cítrico, antioxidante: ácido  ascórbico, estabilizadores: pectina y E410, edulcorante: glucósidos de estebiol, colorante: betacarotena, aromas."],"conservation":" Conservar en lugar límpio, fresco y seco. Proteger de la luz solar y de olores agresivos. Por su seguridad no reutilizar este envase. Una vez abierto el envase mantener en frío y consumir en los 2/3 días siguientes a su apertura.","ean":"8410055886207"},{"full_name":"FONT VELLA LEVITÉ Sabor Piña Colada agua mineral natural con zumo de piña y agua de coco botella 1,25 l","name":"Sabor Piña Colada agua mineral natural con zumo de piña y agua de coco botella 1,25 l","brand":"FONT VELLA LEVITÉ ","img":"https://sgfm.elcorteingles.es/SGFM/dctm/MEDIA03/201705/23/00118630003608____1__600x600.jpg","price":"1,29 €","price_unit":"(1,03 € / Litro)","categories":["Supermercado","Bebidas","Agua, Refrescos y Zumos","Agua y soda","Agua mineral sabores / funcionales","FONT VELLA LEVITÉ Sabor Piña Colada agua mineral natural con zumo de piña y agua de coco botella 1,25 l"],"general_information":["Denominación del alimento: bebida refrescante a base de agua mineral natural y zumo de frutas con edulcorante y azucar. Zumo a base de concentrado.","Nombre del operador: AGUAS DANONE S.A.","Dirección del operador: calle Buenos Aires, 21 - 08029 Barcelona","Cantidad Neta: 1.25 Litros"],"ingredients":[" Agua mineral natural, azúcar, zumo de Manzana 4,5%, mora 0,5%, Fresa 0,5%, Arándano 0,5%, corrector de acidez: ácido cítrico,  edulcorante: glucósidos de esteviol, colorante: Concentrado de zanahoria negra, aromas."],"conservation":" Conservar en lugar límpio, fresco y seco. Proteger de la luz solar y de olores agresivos. Por su seguridad no reutilizar este envase. Una vez abierto el envase mantener en frío y consumir en los 2/3 días siguientes a su apertura.","ean":"8410055887044"},{"full_name":"FONT VELLA LEVITÉ agua mineral natural con extracto de té verde sabor limón lata 33 cl","name":"agua mineral natural con extracto de té verde sabor limón lata 33 cl","brand":"FONT VELLA LEVITÉ ","img":"https://sgfm.elcorteingles.es/SGFM/dctm/MEDIA03/201709/29/00118630601641____6__600x600.jpg","price":"0,67 €","price_unit":"(2,03 € / Litro)","categories":["Supermercado","Bebidas","Agua, Refrescos y Zumos","Agua y soda","Agua mineral sabores / funcionales","FONT VELLA LEVITÉ agua mineral natural con extracto de té verde sabor limón lata 33 cl"],"general_information":["Denominación del alimento: BEBIDA REFRESCANTE A BASE DE AGUA MINERAL NATURAL CON EXTRACTO DE TÉ y AROMA NATURAL","Nombre del operador: AGUAS DANONE SA","Dirección del operador: calle Buenos Aires, 21 - 08029 Barcelona","Cantidad Neta: 0.33 Litros"],"ingredients":[" Agua Mineral Natural,azúcar, acidulante : ácido cítrico, antioxidante: ácido ascórbico, extracto de té negro, aromas naturales"],"conservation":" Conservar en lugar límpio, fresco y seco. Proteger de la luz solar y de olores agresivos. Por su seguridad no reutilizar este envase. Una vez abierto el envase mantener en frío y consumir en los 2/3 días siguientes a su apertura.","ean":"8410055770148"},{"full_name":"FONT VELLA SENSACION agua mineral sabor limón sin azúcar botella 1,25 l","name":"agua mineral sabor limón sin azúcar botella 1,25 l","brand":"FONT VELLA SENSACION ","img":"https://sgfm.elcorteingles.es/SGFM/01/03/2/0118630001032/0118630001032000g01011.jpg","price":"1,29 €","price_unit":"(1,03 € / Litro)","categories":["Supermercado","Bebidas","Agua, Refrescos y Zumos","Agua y soda","Agua mineral sabores / funcionales","FONT VELLA SENSACION agua mineral sabor limón sin azúcar botella 1,25 l"],"general_information":["Denominación del alimento: bebida refrescante a base de agua mineral natural y aroma. Con edulcorantes","Nombre del operador: AGUAS FONT VELLA Y LANJARON S.A.","Dirección del operador: calle Buenos Aires, 21 - 08029 Barcelona","Cantidad Neta: 1.25 Litros"],"ingredients":[" agua mineral natural, acidulante : ácido cítrico, edulcorantes : acesulfamo K y sucralosa, aroma natural de limón"],"conservation":" Conservar en lugar límpio, fresco y seco. Proteger de la luz solar y de olores agresivos. Por su seguridad no reutilizar este envase. Una vez abierto el envase mantener en frío y consumir en los 2/3 días siguientes a su apertura.","ean":"8410055831115"},{"full_name":"FONT VELLA SENSACION agua mineral sabor a manzana sin azúcar botella 1,25 l","name":"agua mineral sabor a manzana sin azúcar botella 1,25 l","brand":"FONT VELLA SENSACION ","img":"https://sgfm.elcorteingles.es/SGFM/01/38/8/0118630001388/0118630001388000g01011.jpg","price":"1,29 €","price_unit":"(1,03 € / Litro)","categories":["Supermercado","Bebidas","Agua, Refrescos y Zumos","Agua y soda","Agua mineral sabores / funcionales","FONT VELLA SENSACION agua mineral sabor a manzana sin azúcar botella 1,25 l"],"general_information":["Denominación del alimento: bebida refrescante a base de agua mineral natural y aroma. Con edulcorantes","Nombre del operador: AGUAS FONT VELLA Y LANJARON S.A.","Dirección del operador: calle Buenos Aires, 21 - 08029 Barcelona","Cantidad Neta: 1.25 Litros"],"ingredients":[" agua mineral natural, acidulantes : ácido cítrico y ácido malico, edulcorantes : acesulfamo K y sucralosa, aroma natural"],"conservation":" Conservar en lugar límpio, fresco y seco. Proteger de la luz solar y de olores agresivos. Por su seguridad no reutilizar este envase. Una vez abierto el envase mantener en frío y consumir en los 2/3 días siguientes a su apertura.","ean":"8410055831146"},{"full_name":"FONT VELLA agua mineral natural con té sabor limón botella 1,25 l","name":"agua mineral natural con té sabor limón botella 1,25 l","brand":"FONT VELLA ","img":"https://sgfm.elcorteingles.es/SGFM/dctm/MEDIA03/201702/17/00118630003475____3__600x600.jpg","price":"1,36 €            ","price_unit":"(1,03 € / Litro)","categories":["Supermercado","Bebidas","Agua, Refrescos y Zumos","Agua y soda","Agua mineral sabores / funcionales","FONT VELLA agua mineral natural con té sabor limón botella 1,25 l"],"general_information":["Denominación del alimento: BEBIDA REFRESCANTE A BASE DE AGUA MINERAL NATURAL CON EXTRACTO DE TÉ y AROMA NATURAL","Nombre del operador: AGUAS FONT VELLA Y LANJARON S.A.","Dirección del operador: calle Buenos Aires, 21 - 08029 Barcelona","Cantidad Neta: 1.25 Litros"],"ingredients":[" Agua Mineral Natural,azúcar, acidulante : ácido cítrico, antioxidante: ácido ascórbico, extracto de té negro, aromas naturales"],"conservation":" Conservar en lugar límpio, fresco y seco. Proteger de la luz solar y de olores agresivos. Por su seguridad no reutilizar este envase. Una vez abierto el envase mantener en frío y consumir en los 2/3 días siguientes a su apertura.","ean":"8410055770001"},{"full_name":"FONT VELLA agua mineral natural con té verde con sabor menta botella 1,25 l","name":"agua mineral natural con té verde con sabor menta botella 1,25 l","brand":"FONT VELLA ","img":"https://sgfm.elcorteingles.es/SGFM/dctm/MEDIA03/201702/17/00118630003483____3__600x600.jpg","price":"1,36 €            ","price_unit":"(1,03 € / Litro)","categories":["Supermercado","Bebidas","Agua, Refrescos y Zumos","Agua y soda","Agua mineral sabores / funcionales","FONT VELLA agua mineral natural con té verde con sabor menta botella 1,25 l"],"general_information":["Denominación del alimento: BEBIDA REFRESCANTE A BASE DE AGUA MINERAL NATURAL CON EXTRACTO DE TÉ y AROMA NATURAL","Nombre del operador: AGUAS FONT VELLA Y LANJARON S.A.","Dirección del operador: calle Buenos Aires, 21 - 08029 Barcelona","Cantidad Neta: 1.25 Litros"],"ingredients":[" Agua Mineral Natural,azúcar, acidulante : ácido cítrico, antioxidante: ácido ascórbico, extracto de té verde, aromas"],"conservation":" Conservar en lugar límpio, fresco y seco. Proteger de la luz solar y de olores agresivos. Por su seguridad no reutilizar este envase. Una vez abierto el envase mantener en frío y consumir en los 2/3 días siguientes a su apertura.","ean":"8410055770025"},{"full_name":"SOLAN DE CABRAS agua mineral natural con zumo de naranja botella 33 cl","name":"agua mineral natural con zumo de naranja botella 33 cl","brand":"SOLAN DE CABRAS ","img":"https://sgfm.elcorteingles.es/SGFM/dctm/MEDIA03/201605/06/00118630601450____1__600x600.jpg","price":"0,76 €","price_unit":"(2,30 € / Litro)","categories":["Supermercado","Bebidas","Agua, Refrescos y Zumos","Agua y soda","Agua mineral sabores / funcionales","SOLAN DE CABRAS agua mineral natural con zumo de naranja botella 33 cl"],"general_information":["Denominación del alimento: Bebida refrescante de zumo de fruta con azucar y edulcorante","Nombre del operador: Aguas de Solan de Cabras, S.A.","Dirección del operador: Paraje de Solan de Cabras, 16893  Beteta (Cuenca) España","Cantidad Neta: 0.33 Litros","Otras menciones obligatorias en la etiqueta: Con extracto de Stevia y contenido de zumo 20%"],"ingredients":[" Agua mineral natural; zumo de naranja a partir de concentrados (20%); jarabe de fructosa; corrector de acidez: acido cítrico y citrato sódico;aromas naturales; antioxidante;acido ascorbico; edulcorantes: glucósidos de esteviol; estabilizador: pectina; colorante: beta-caroteno (vitamina A)"],"conservation":" Proteger de la luz y del calor. Sirvase frio. Agitar antes de consumir. Envasado en atmosfera protectora","ean":"8411547000927"},{"full_name":"SOLAN DE CABRAS agua mineral natural con zumo de multifrutas botella 1 l","name":"agua mineral natural con zumo de multifrutas botella 1 l","brand":"SOLAN DE CABRAS ","img":"https://sgfm.elcorteingles.es/SGFM/dctm/MEDIA03/201605/18/00118630003491____1__600x600.jpg","price":"1,69 €            ","price_unit":"(1,60 € / Litro)","categories":["Supermercado","Bebidas","Agua, Refrescos y Zumos","Agua y soda","Agua mineral sabores / funcionales","SOLAN DE CABRAS agua mineral natural con zumo de multifrutas botella 1 l"],"general_information":["Denominación del alimento: Bebida Refrescante de zumo de frutas con azúcar y edulcorantes","Nombre del operador: Aguas Solan de Cabras, S.A.","Dirección del operador: Paraje de Solan de Cabras, 16893  Beteta (Cuenca)","Cantidad Neta: 1 Litros"],"ingredients":[" Agua mineral natural, zumos de naranja (16%), Zanahoria (3%), Limón (1%) a partir de concentrados. fructosa; corrector de acidez; ácido cítrico; vitaminas C, E, ácido fólico  y A (beta-caroteno), edulcorantes: sucralosa y acesulfamo K; aromas naturales"],"conservation":" Proteger de la luz y del calor. Sirvase frio. Agitar antes de consumir. Envasado en atmosfera protectora","ean":"8411547001108"},{"full_name":"SOLAN DE CABRAS agua mineral natural con zumo de multifrutas botella 33 cl","name":"agua mineral natural con zumo de multifrutas botella 33 cl","brand":"SOLAN DE CABRAS ","img":"https://sgfm.elcorteingles.es/SGFM/dctm/MEDIA03/201605/06/00118630601492____1__600x600.jpg","price":"0,76 €","price_unit":"(2,30 € / Litro)","categories":["Supermercado","Bebidas","Agua, Refrescos y Zumos","Agua y soda","Agua mineral sabores / funcionales","SOLAN DE CABRAS agua mineral natural con zumo de multifrutas botella 33 cl"],"general_information":["Denominación del alimento: Bebida refrescante de zumo de fruta con azucar y edulcorante","Nombre del operador: Aguas de Solan de Cabras, S.A.","Dirección del operador: Paraje de Solan de Cabras, 16893  Beteta (Cuenca) España","Cantidad Neta: 0.33 Litros","Otras menciones obligatorias en la etiqueta: Con extracto de Stevia y contenido de zumo 20%"],"ingredients":[" Agua mineral natural;jarabe de fructorsa; zumos de naranja (16%); Zanahoria (3%);Limón (1%) a partir de concentrados; corrector de acidez: ácido cítrico;aroma natural; antioxidante:Àcido ascorbico; Vitamina E y A (beta-caroteno); edulcorantes: glucósidos de esteviol."],"conservation":" Proteger de la luz y del calor. Sirvase frio. Agitar antes de consumir. Envasado en atmosfera protectora","ean":"8411547000903"},{"full_name":"SOLAN DE CABRAS agua mineral natural con zumo de limón botella 33 cl","name":"agua mineral natural con zumo de limón botella 33 cl","brand":"SOLAN DE CABRAS ","img":"https://sgfm.elcorteingles.es/SGFM/dctm/MEDIA03/201607/08/00118630601468____1__600x600.jpg","price":"0,76 €","price_unit":"(2,30 € / Litro)","categories":["Supermercado","Bebidas","Agua, Refrescos y Zumos","Agua y soda","Agua mineral sabores / funcionales","SOLAN DE CABRAS agua mineral natural con zumo de limón botella 33 cl"],"general_information":["Denominación del alimento: Bebida refrescante de zumo de fruta con azucar y edulcorante","Nombre del operador: Aguas de Solan de Cabras, S.A.","Dirección del operador: Paraje de Solan de Cabras, 16893  Beteta (Cuenca) España","Cantidad Neta: 0.33 Litros","Otras menciones obligatorias en la etiqueta: Con extracto de Stevia y contenido de zumo 13%"],"ingredients":[" Agua mineral natural; jarabe de fructosa;zumo y pulpa de limón a partir de concentrados (13%); aroma; corrector de acidez; citrato sódico; antioxidante:ácido ascórbico; edulcorante: glucósidos de esteviol; estabilizador: pectina; colorante: beta-caroteno (vitamina A)"],"conservation":" Proteger de la luz y del calor. Sirvase frio. Agitar antes de consumir. Envasado en atmosfera protectora","ean":"8411547000941"},{"full_name":"SOLAN DE CABRAS agua mineral natural con zumo de manzana botella 33 cl","name":"agua mineral natural con zumo de manzana botella 33 cl","brand":"SOLAN DE CABRAS ","img":"https://sgfm.elcorteingles.es/SGFM/dctm/MEDIA03/201605/06/00118630601476____1__600x600.jpg","price":"0,76 €","price_unit":"(2,30 € / Litro)","categories":["Supermercado","Bebidas","Agua, Refrescos y Zumos","Agua y soda","Agua mineral sabores / funcionales","SOLAN DE CABRAS agua mineral natural con zumo de manzana botella 33 cl"],"general_information":["Denominación del alimento: Bebida refrescante de zumo de fruta con azucar y edulcorante","Nombre del operador: Aguas de Solan de Cabras, S.A.","Dirección del operador: Paraje de Solan de Cabras, 16893  Beteta (Cuenca) España","Cantidad Neta: 0.33 Litros","Otras menciones obligatorias en la etiqueta: Con extracto de Stevia y contenido de zumo 20%"],"ingredients":[" Agua mineral natural; zumo de manzana a partir de concentrados (20%); jarabe de fructosa; corrector de acidez: ácido cítrico;aromas;antioxidante:ácido ascórbico; edulcorantes: glucósidos de esteviol; colorante: E150D"],"conservation":" Proteger de la luz y del calor. Sirvase frio. Agitar antes de consumir. Envasado en atmosfera protectora","ean":"8411547000965"},{"full_name":"GEISER agua de Seltz botella 1,5 l","name":"agua de Seltz botella 1,5 l","brand":"GEISER ","img":"https://sgfm.elcorteingles.es/SGFM/00/03/4/0118632400034/0118632400034000g01011.jpg","price":"0,88 €","price_unit":"(0,59 € / Litro)","categories":["Supermercado","Bebidas","Agua, Refrescos y Zumos","Agua y soda","Soda","GEISER agua de Seltz botella 1,5 l"],"general_information":["Denominación del alimento: AGUA DE SODA","País de origen: España","Nombre del operador: Sanmy S.A.","Dirección del operador: Carretera de Castellar del Vallés nº 586 - 08227 Terrassa (Barcelona)","Cantidad Neta: 1.5 Litros"],"ingredients":[" Agua carbonatada, bicarbonato sódico,sal"],"conservation":" Conservar en lugar fresco, protegido de la luz solar y en ausencia de olores agresivos","ean":"8410470201876"},{"full_name":"GEISER agua de Seltz con dosificador-sifón botella 1,5 l","name":"agua de Seltz con dosificador-sifón botella 1,5 l","brand":"GEISER ","img":"https://sgfm.elcorteingles.es/SGFM/00/04/2/0118632400042/0118632400042000g01011.jpg","price":"1,55 €","price_unit":"(1,03 € / Litro)","categories":["Supermercado","Bebidas","Agua, Refrescos y Zumos","Agua y soda","Soda","GEISER agua de Seltz con dosificador-sifón botella 1,5 l"],"general_information":["Denominación del alimento: AGUA DE SODA","País de origen: España","Nombre del operador: Sanmy S.A.","Dirección del operador: Carretera de Castellar del Vallés nº 586 - 08227 Terrassa (Barcelona)","Cantidad Neta: 1.5 Litros"],"ingredients":[" Agua carbonatada, bicarbonato sódico,sal"],"conservation":" Conservar en lugar fresco, protegido de la luz solar y en ausencia de olores agresivos","ean":"8410470201951"},{"full_name":"SCHWEPPES agua soda botella 1 l","name":"agua soda botella 1 l","brand":"SCHWEPPES ","img":"https://sgfm.elcorteingles.es/SGFM/dctm/MEDIA03/201705/09/00118632400232____1__600x600.jpg","price":"1,55 €","categories":["Supermercado","Bebidas","Agua, Refrescos y Zumos","Agua y soda","Soda","SCHWEPPES agua soda botella 1 l"],"general_information":["Denominación del alimento: Agua de soda.","Nombre del operador: Schweppes, S.A. \"Envasado con licencia de schweppes international limited.\"","Dirección del operador: Pº Castellana 202, 28046 Madrid","Cantidad Neta: 1 Litros"],"ingredients":[" Agua, anhídrido carbónico, bicarbonato sódico."],"conservation":" Mantener en lugar fresco y seco. Proteger de la luz solar y de olores intensos.","ean":"8414100301448"},{"full_name":"SCHWEPPES agua soda botella 25 cl","name":"agua soda botella 25 cl","brand":"SCHWEPPES ","img":"https://sgfm.elcorteingles.es/SGFM/dctm/MEDIA03/201710/19/00118632400281____1__600x600.jpg","price":"0,80 €            ","price_unit":"(3 € / Litro)","categories":["Supermercado","Bebidas","Agua, Refrescos y Zumos","Agua y soda","Soda","SCHWEPPES agua soda botella 25 cl"],"general_information":[],"ingredients":[],"ean":"8414100254843"},{"full_name":"GOYA Tropical soda botella 2 l","name":"Tropical soda botella 2 l","brand":"GOYA ","img":"https://sgfm.elcorteingles.es/SGFM/dctm/MEDIA03/201703/24/00118620101099____1__600x600.jpg","price":"1,59 €","price_unit":"(0,80 € / Litro)","categories":["Supermercado","Bebidas","Agua, Refrescos y Zumos","Agua y soda","Soda","GOYA Tropical soda botella 2 l"],"general_information":["Denominación del alimento: Bebida refrescante aromatiza","País de origen: España","Nombre del operador: Productos Goya Nativo S.L.","Dirección del operador: Avda. de la Constitución, 115 Pol. Industrial Monte Boyal 45950 Casarrubios del Monte (Toledo) España","Cantidad Neta: 2 Litros","Otras menciones obligatorias en la etiqueta: Contiene colorante Ponceau 4R que puede tener efectos negativos sobre la actividad y atención de los niños"],"ingredients":[" Agua carbonatada , jarabe de fructosa , jarabe de glucosa , acidulante e-330 , edulcorante e-952 , edulcorante e-954 , edulcorante e-950 , edulcorante e-951 , aroma , conservante e-202 , conservante e-211 , colorante e-124"],"conservation":" Ambiente seco y fresco, evitando la exposición a la luz solar directa.","ean":"8426967041016"}]