[{"full_name":"MEXIFOODS Bio Totopos sabor queso sin gluten ecológicos bolsa 125 g","name":"Bio Totopos sabor queso sin gluten ecológicos bolsa 125 g","brand":"MEXIFOODS ","img":"https://sgfm.elcorteingles.es/SGFM/dctm/MEDIA03/201609/08/00120753600277____1__600x600.jpg","price":"2,44 €","price_unit":"(19,52 € / Kilo)","categories":["Supermercado","Alimentación General","Comida Internacional","Comida mexicana y tex-mex","MEXIFOODS Bio Totopos sabor queso sin gluten ecológicos bolsa 125 g"],"general_information":["Denominación del alimento: Snack de maíz frito sabor queso","Nombre del operador: Mexifoods S.L.","Dirección del operador: C/ Paloma 2, P.I. Los Gallegos 28946, Fuenlabrada, Madrid.","Cantidad Neta: 125 g"],"ingredients":[" Maíz amarillo grano* (75%), aceite vegetal (girasol)*, condimento de queso (maltodextina*, queso en polvo* (2,1%), sal, sabor natural, cebolla*, extracto de levadura).*(=de agricultura ecológica)"],"conservation":" Conservar a temperatura ambiente en lugar fresco y seco.","ean":"8422424101583"},{"full_name":"MEXIFOODS Bio Totopos sabor original sin gluten ecológicos bolsa 125 g","name":"Bio Totopos sabor original sin gluten ecológicos bolsa 125 g","brand":"MEXIFOODS ","img":"https://sgfm.elcorteingles.es/SGFM/dctm/MEDIA03/201609/08/00120753600269____1__600x600.jpg","price":"2,44 €","price_unit":"(19,52 € / Kilo)","categories":["Supermercado","Alimentación General","Comida Internacional","Comida mexicana y tex-mex","MEXIFOODS Bio Totopos sabor original sin gluten ecológicos bolsa 125 g"],"general_information":["Denominación del alimento: Snack de maíz frito con sal BIO","Nombre del operador: Mexifoods S.L.","Dirección del operador: C/ Paloma 2, P.I. Los Gallegos 28946, Fuenlabrada, Madrid.","Cantidad Neta: 125 g"],"ingredients":[" Maíz amarillo grano* (80%), aceite vegetal (girasol)* y sal marina. *(=de agricultura ecológica)"],"conservation":" Conservar a temperatura ambiente en lugar fresco y seco.","ean":"8422424101590"},{"full_name":"MEXIFOODS Bio salsa mexicana ecológica envase 260 g","name":"Bio salsa mexicana ecológica envase 260 g","brand":"MEXIFOODS ","img":"https://sgfm.elcorteingles.es/SGFM/dctm/MEDIA03/201608/08/00120752600187____2__600x600.jpg","price":"2,50 €","price_unit":"(9,62 € / Kilo)","categories":["Supermercado","Alimentación General","Comida Internacional","Comida mexicana y tex-mex","MEXIFOODS Bio salsa mexicana ecológica envase 260 g"],"general_information":["Denominación del alimento: Salsa Mexicana","Nombre del operador: Mexifoods S.L.","Dirección del operador: C/ Paloma 2, P.I. Los Gallegos 28946, Fuenlabrada, Madrid.","Cantidad Neta: 260 g"],"ingredients":[" Tomates 79%*, cebollas*, pasta de tomate*, vinagre*, pimiento verde dulce*, almidón de arroz*, sal marina, agua, ajo en polvo*, pimienta de cayena*, antioxidante E-300. *(=de agricultura ecológica)."],"conservation":" Conservar a temperatura ambiente en lugar fresco y seco y preservado de la luz del sol. Una vez abierto el envase conservar a temperatura entre 0°C y 5°C.","ean":"8422424102603"},{"full_name":"EL GRANERO INTEGRAL Bio nachos de maíz sabor natural ecológicos bolsa 125 g","name":"Bio nachos de maíz sabor natural ecológicos bolsa 125 g","brand":"EL GRANERO INTEGRAL ","img":"https://sgfm.elcorteingles.es/SGFM/dctm/MEDIA03/201705/18/00120753600137____1__600x600.jpg","price":"2,10 €","price_unit":"(16,80 € / Kilo)","categories":["Supermercado","Alimentación General","Comida Internacional","Comida mexicana y tex-mex","EL GRANERO INTEGRAL Bio nachos de maíz sabor natural ecológicos bolsa 125 g"],"general_information":["Denominación del alimento: Aperitivo frito de maíz","Nombre del operador: BIOGRAN  S L","Dirección del operador: AVDA. DOÑA MARIA GARCINI, 16 - POL. IND. 28860 PARACUELLOS DE JARAMA","Cantidad Neta: 125 g"],"ingredients":[" harina de maíz* 77%, aceite de girasol no hidrogenado* y sal marina. (*)=De cultivo ecológico."],"conservation":" Mantener en lugar fresco y seco.","ean":"8422584058031"},{"full_name":"ALECOSOR patatas fritas con aceite de oliva virgen agricultura ecológica envase 125 g","name":"patatas fritas con aceite de oliva virgen agricultura ecológica envase 125 g","brand":"ALECOSOR ","img":"https://sgfm.elcorteingles.es/SGFM//00/12/9/0120753600129/0120753600129000g01011.jpg","price":"2,24 €","price_unit":"(17,92 € / Kilo)","categories":["Supermercado","Alimentación General","Aperitivos y frutos secos","Patatas fritas","ALECOSOR patatas fritas con aceite de oliva virgen agricultura ecológica envase 125 g"],"general_information":["Denominación del alimento: Patatas fritas ecológicas","País de origen: España","Nombre del operador: Soria Natural S.A.","Dirección del operador: Poligono La Sacea,s/n -42162 Garray (Soria)","Lugar de procedencia del alimento: España","Cantidad Neta: 125 g","Otras menciones obligatorias en la etiqueta: Envasado en atmósfera protectora"],"ingredients":[" Patatas*, aceite de oliva* virgen y sal marina.*Procedente de Agricultura Ecológica."],"conservation":" Manténgase en lugar seco y fresco","ean":"8422947800314"},{"full_name":"BIOSABOR Gourmet tomate frito ecológico sin gluten envase 510 g","name":"Gourmet tomate frito ecológico sin gluten envase 510 g","brand":"BIOSABOR ","img":"https://sgfm.elcorteingles.es/SGFM/dctm/MEDIA03/201607/11/00120752600245____1__600x600.jpg","price":"2,16 €","price_unit":"(4,24 € / Kilo)","categories":["Supermercado","Dietéticos","Alimentación básica dietética","Salsas","BIOSABOR Gourmet tomate frito ecológico sin gluten envase 510 g"],"general_information":[],"ingredients":[],"ean":"8437010207464"},{"full_name":"VALSOIA helado de soja con chocolate sin lactosa estuche 3 unidades","name":"helado de soja con chocolate sin lactosa estuche 3 unidades","brand":"VALSOIA ","img":"https://sgfm.elcorteingles.es/SGFM/00/36/0/0200370300360/0200370300360000g01011.jpg","price":"4,69 €","price_unit":"(18,76 € / Kilo)","categories":["Supermercado","Congelados","Helados, postres y nata","Bombones","VALSOIA helado de soja con chocolate sin lactosa estuche 3 unidades"],"general_information":["Denominación del alimento: Bombones con base de soja recubiertos","País de origen: Italia","Nombre del operador: Inasa Import S.L","Dirección del operador: Calle Zurbarán 7. entreplanta 4-28010 Madrid","Lugar de procedencia del alimento: Italia","Cantidad Neta: 250 g","Número de raciones por envase: 3"],"ingredients":[" Extracto de soja (48%) (agua, semillas de soja (8,2%), sal marina), chocolate (23%) (pasta de cacao, emulsionantes: lecitinas de soja, aromas), aceite de coco, azúcar, jarabe de glucosa, emulsionantes: mono y diglicéridos de los ácidos grasos - ésteres de sacarosa de los ácidos grasos, estabilizantes: alginato de sodio - harina de semillas de algarroba - goma de guar, aromas. Vegetal, Sin Gluten, 0% Lactosa"],"conservation":" Conservar a una temperatura no superior a -18° C.","ean":"8006040008312"},{"full_name":"SCHAR Salinis aperitivo salado sin gluten y sin lactosa envase 60 g","name":"Salinis aperitivo salado sin gluten y sin lactosa envase 60 g","brand":"SCHAR ","img":"https://sgfm.elcorteingles.es/SGFM/00/36/9/0120745600369/0120745600369000g01011.jpg","price":"1,08 €","price_unit":"(18 € / Kilo)","categories":["Supermercado","Alimentación General","Aperitivos y frutos secos","Aperitivos diversos y snacks","SCHAR Salinis aperitivo salado sin gluten y sin lactosa envase 60 g"],"general_information":["Denominación del alimento: Snack sin gluten","País de origen: Italia","Nombre del operador: Dr. Schär AG / SPA","Dirección del operador: Winkelau 9 I-39014 Burgstall / Postal","Cantidad Neta: 60 g"],"ingredients":[" Ingredientes: Almidón de maíz, aceite de palma, fécula de patata, sal de mar, azúcar, levadura seca, estabilizador: carboximetil celulosa, emulgente: lecitina de SOJA, gasificantes: pirofosfato acido de sodio, bicarbonato de sodio"],"conservation":"Modo de empleo: No especificado","ean":"8008698002070"},{"full_name":"CEREAL BIO rulos de maíz al punto de sal ecológicos envase 75 g","name":"rulos de maíz al punto de sal ecológicos envase 75 g","brand":"CEREAL BIO ","img":"https://sgfm.elcorteingles.es/SGFM/dctm/MEDIA02/CONTENIDOS/201406/20/00120752700243____1__600x600.jpg","price":"1,85 €","price_unit":"(24,67 € / Kilo)","categories":["Supermercado","Alimentación General","Aperitivos y frutos secos","Aperitivos diversos y snacks","CEREAL BIO rulos de maíz al punto de sal ecológicos envase 75 g"],"general_information":["Denominación del alimento: Rulos Bio de maíz al punto de sal","Nombre del operador: Nutrition & Santé Iberia, S.L.","Dirección del operador: c/ Jesús Serra i Santamans, nº 4 - 1ª planta. 08174 Sant Cugat del Vallés - Barcelona","Cantidad Neta: 75 g"],"ingredients":[" Maíz* (74%), aceite de girasol*, sal marina: 1%. *Ingredientes procedentes de Agricultura Ecológica. Elaborado en una fábrica que utilizan gluten, soja y leche."],"conservation":" Conservar en lugar fresco y seco.","ean":"3175681146778"},{"full_name":"SORIA NATURAL snack mixto vegetal de patata zanahoria y remolacha Bio bolsa 30 g","name":"snack mixto vegetal de patata zanahoria y remolacha Bio bolsa 30 g","brand":"SORIA NATURAL ","img":"https://sgfm.elcorteingles.es/SGFM/dctm/MEDIA03/201611/25/00120753600186____7__600x600.jpg","price":"0,76 €","price_unit":"(25,33 € / Kilo)","categories":["Supermercado","Alimentación General","Aperitivos y frutos secos","Aperitivos diversos y snacks","SORIA NATURAL snack mixto vegetal de patata zanahoria y remolacha Bio bolsa 30 g"],"general_information":["Denominación del alimento: Mixto vegetal. Patata, zanahoria, remolacha fritas","País de origen: España","Nombre del operador: Soria Natural S.A.","Dirección del operador: Poligono La Sacea,s/n -42162 Garray (Soria)","Lugar de procedencia del alimento: España","Cantidad Neta: 30 g","Otras menciones obligatorias en la etiqueta: Envasado en atmósfera protectora"],"ingredients":[" Patatas* fritas (47%)(patatas*, aceite de oliva* virgen y sal), zanahoria* frita (43%)(zanahoria*, aceite de oliva* virgen y sal), remolacha* roja frita(14%)(remolacha* roja, aceite de oliva* virgen y sal).*Procedente de Agricultura Ecológica."],"conservation":" Manténgase en lugar seco y fresco","ean":"8422947800338"},{"full_name":"ADPAN churros sin gluten, sin leche, sin huevo, sin soja, sin frutos secos ni semillas bolsa 12 unidades","name":"churros sin gluten, sin leche, sin huevo, sin soja, sin frutos secos ni semillas bolsa 12 unidades","brand":"ADPAN ","img":"https://sgfm.elcorteingles.es/SGFM/dctm/MEDIA02/CONTENIDOS/201407/21/00120745700243____1__600x600.jpg","price":"4,20 €","price_unit":"(16,80 € / Kilo)","categories":["Supermercado","Dietéticos","Desayunos, dulces y pan","Bollería y pastelería","ADPAN churros sin gluten, sin leche, sin huevo, sin soja, sin frutos secos ni semillas bolsa 12 unidades"],"general_information":["Denominación del alimento: Churros","Nombre del operador: Adpan Europa, S.L.","Dirección del operador: Avenida Langreo, 12 - 33186 El Berron - Siero (Asturias)","Cantidad Neta: 250,0 g","Otras menciones obligatorias en la etiqueta: Contiene menos de 10 ppm de gluten. Sin gluten. Sin huevo. Sin frutos secos. Sin soja. Sin semillas. Sin cacahuetes."],"ingredients":[" Almidón de maíz, dextrosa, aceie de girasol, sal, emulgente (E-471), gasificante (E-500iii, E-450a), espesante (E-415, E-466) y antioxidante (E-300)."],"conservation":" Conservar a -18°C.","ean":"8436018831053"},{"full_name":"GLUTENFREE churros de lazo sin gluten 8 unidades envase 150 g","name":"churros de lazo sin gluten 8 unidades envase 150 g","brand":"GLUTENFREE ","img":"https://sgfm.elcorteingles.es/SGFM/dctm/MEDIA02/CONTENIDOS/201409/19/00120745700722____1__600x600.jpg","price":"2,48 €","price_unit":"(16,53 € / Kilo)","categories":["Supermercado","Congelados","Pan y repostería congelada","Churros y porras congeladas","GLUTENFREE churros de lazo sin gluten 8 unidades envase 150 g"],"general_information":["Denominación del alimento: CHURROS DE LAZO SIN GLUTEN","Nombre del operador: Productos Artesanos Dietéticos S.L.","Dirección del operador: Calle Henares 5 Nave 36 Polígono Industrial Las Acacias, 28840 Mejorada del Campo-Madrid-España","Cantidad Neta: 150 g"],"ingredients":[" Agua, Preparado panificable sin gluten (almidón de maíz, huevo, azúcares, estabilizador E- 415, sal, corrector de acidez E-341i, antioxidante E-300). Manteca de cerdo (Manteca de cerdo y antioxidantes: E-321 y E-330) y Sal."],"conservation":"Modo de empleo: Freír sin descongelar en abundante aceite muy caliente (190ºC). Muévalos continuamente para que se doren por igual y no se peguen durante aproximadamente 3 minutos. Antes de echar otra tanda, deje que el aceite vuelva a humear.","ean":"8437005799462"},{"full_name":"VALSOIA helado de soja de vainilla sin lactosa estuche 4 unidades","name":"helado de soja de vainilla sin lactosa estuche 4 unidades","brand":"VALSOIA ","img":"https://sgfm.elcorteingles.es/SGFM/dctm/MEDIA02/CONTENIDOS/201411/19/00200370300378____1__600x600.jpg","price":"4,89 €","price_unit":"(16,30 € / Kilo)","categories":["Supermercado","Dietéticos","Alimentación básica dietética","Congelados y helados dietéticos","VALSOIA helado de soja de vainilla sin lactosa estuche 4 unidades"],"general_information":["Denominación del alimento: Helado vegetal con barquillo","País de origen: Italia","Nombre del operador: Inasa Import S.L","Dirección del operador: Calle Zurbarán 7. entreplanta 4-28010 Madrid","Lugar de procedencia del alimento: Italia","Cantidad Neta: 300 g","Número de raciones por envase: 4"],"ingredients":[" HELADO (86%): Extracto de soja (56%) (agua, semillas de soja (8.2%), sal marina), azúcar, aceite de coco, jarabe de glucosa, avellanas tostadas (3,6%), cacao magro, emulsionantes: mono- y diglicéridos de los ácidos grasos - ésteres de sacarosa de ácidos grasos - lecitina de soja, estabilizantes: alginato de sodio - harina de semillas de algarroba - goma de guar, aromas.  BARQUILLO (14%): Harina de trigo, azúcar, aceite de coco, sal, azúcar caramelizado, emulsionante: lecitina de soja, aromas. Puede contener trazas de otros frutos secos. 100% Vegetal, naturalmente sin lactosa, Sin OGM."],"conservation":" Conservar a una temperatura no superior a -18° C en el congelador.","ean":"8006040259837"},{"full_name":"INTERNACIONAL COLLECTION aceite de coco ecológico frasco 250 ml","name":"aceite de coco ecológico frasco 250 ml","brand":"INTERNACIONAL COLLECTION ","img":"https://sgfm.elcorteingles.es/SGFM/dctm/MEDIA03/201612/12/00120903600193____1__600x600.jpg","price":"5,40 €","price_unit":"(21,60 € / Litro)","categories":["Supermercado","Alimentación General","Aceites","Aceites especialidades","INTERNACIONAL COLLECTION aceite de coco ecológico frasco 250 ml"],"general_information":["Denominación del alimento: Aceite de coco ecológico","Nombre del operador: Veldis, S.A.","Dirección del operador: C/ Puerto de Navacerrada, 59. 28935 Móstoles (Madrid - España)","Cantidad Neta: 300 Mililitros","Otras menciones obligatorias en la etiqueta: Este producto es sólido a temperaturas inferiores a 24ºC. A temperaturas superiores, podría volverse más blando y/o líquido."],"ingredients":[" Aceite de coco ecológico"],"conservation":" Conservar en lugar fresco y seco y alejado de la luz solar directa y olores fuertes.","ean":"5028905024049"},{"full_name":"VEGETALL Vegetalesa mayonesa vegana 100% vegeta,l 60% menos calorías, 0% alérgenos tarro 225 ml","name":"Vegetalesa mayonesa vegana 100% vegeta,l 60% menos calorías, 0% alérgenos tarro 225 ml","brand":"VEGETALL ","img":"https://sgfm.elcorteingles.es/SGFM/dctm/MEDIA03/201607/11/00120768200352____1__600x600.jpg","price":"2,48 €","categories":["Supermercado","Alimentación General","Salsas, ketchup y tomate frito","Mayonesa y salsa ligera","VEGETALL Vegetalesa mayonesa vegana 100% vegeta,l 60% menos calorías, 0% alérgenos tarro 225 ml"],"general_information":[],"ingredients":[],"ean":"8436542385091"},{"full_name":"SCHAR Bontà d'Italia sandwich de galleta de cacao y helado de nata sin gluten estuche 8 unidades","name":"Bontà d'Italia sandwich de galleta de cacao y helado de nata sin gluten estuche 8 unidades","brand":"SCHAR ","img":"https://sgfm.elcorteingles.es/SGFM/dctm/MEDIA02/CONTENIDOS/201511/10/00120745700821____2__600x600.jpg","price":"5,50 €","price_unit":"(21,15 € / Kilo)","categories":["Supermercado","Dietéticos","Alimentación básica dietética","Congelados y helados dietéticos","SCHAR Bontà d'Italia sandwich de galleta de cacao y helado de nata sin gluten estuche 8 unidades"],"general_information":["Denominación del alimento: Galleta rellena de helado sin gluten","País de origen: Italia","Nombre del operador: Dr. Schär AG","Dirección del operador: Winkelau 9 - 39014 Burgstall/Postal","Cantidad Neta: 260 g"],"ingredients":[" helado (51%): LECHE fresca pasteurizada entera (61% del helado), azúcar, crema fresca (LECHE) pasteurizada (12% del helado), jarabe de glucosa, fibra de achicoria, lactosa (LECHE), proteínas de LECHE, emulgente: mono- y diglicéridos de ácidos grasos,estabilizantes: goma de guar, harina de semilla de algarrobo; aromas. Galleta (49%): harina de maíz, almidón de maíz, azúcar, grasa de palma, jarabe de glucosa, harina de SOJA, cacao en polvo 2%, almidón de arroz, sal, gasificantes: hidrógeno carbonato de sodio, hidrógeno carbonato de amonio. Puede contener trazas de FRUTOS SECOS y ALTRAMUZ."],"conservation":" congelado  a -18°C consumir preferentemente antes del fin de: ver etiqueta en la parte superior","ean":"8008698006955"},{"full_name":"LA IBENSE BORNAY You Line sandwich helado de nata sin azúcares añadidos estuche 6 unidades","name":"You Line sandwich helado de nata sin azúcares añadidos estuche 6 unidades","brand":"LA IBENSE BORNAY ","img":"https://sgfm.elcorteingles.es/SGFM/dctm/MEDIA03/201609/08/00120745700979____1__600x600.jpg","price":"4,00 €","price_unit":"(7,27 € / Kilo)","categories":["Supermercado","Dietéticos","Alimentación básica dietética","Congelados y helados dietéticos","LA IBENSE BORNAY You Line sandwich helado de nata sin azúcares añadidos estuche 6 unidades"],"general_information":[],"ingredients":[],"ean":"8420720010103"},{"full_name":"LA IBENSE BORNAY You Line bloque de helado de vainilla sin azúcares añadidos envase 1 l","name":"You Line bloque de helado de vainilla sin azúcares añadidos envase 1 l","brand":"LA IBENSE BORNAY ","img":"https://sgfm.elcorteingles.es/SGFM/dctm/MEDIA03/201605/27/00120745700953____1__600x600.jpg","price":"2,81 €","price_unit":"(5,73 € / Kilo)","categories":["Supermercado","Dietéticos","Alimentación básica dietética","Congelados y helados dietéticos","LA IBENSE BORNAY You Line bloque de helado de vainilla sin azúcares añadidos envase 1 l"],"general_information":[],"ingredients":[],"ean":"8420720053391"},{"full_name":"BIOSABOR gazpacho ecológico bajo en sal con aceite de oliva virgen extra envase 1 l","name":"gazpacho ecológico bajo en sal con aceite de oliva virgen extra envase 1 l","brand":"BIOSABOR ","img":"https://sgfm.elcorteingles.es/SGFM/dctm/MEDIA03/201607/11/00120723000111____1__600x600.jpg","price":"3,19 €","categories":["Supermercado","Alimentación General","Caldos, sopas, purés y gazpachos","Gazpacho y salmorejo","BIOSABOR gazpacho ecológico bajo en sal con aceite de oliva virgen extra envase 1 l"],"general_information":[],"ingredients":[],"ean":"8437010207297"},{"full_name":"BIOSABOR gazpacho ecológico sin gluten con aceite de oliva virgen extra envase 1 l","name":"gazpacho ecológico sin gluten con aceite de oliva virgen extra envase 1 l","brand":"BIOSABOR ","img":"https://sgfm.elcorteingles.es/SGFM/dctm/MEDIA03/201607/11/00120723000095____1__600x600.jpg","price":"2,99 €","categories":["Supermercado","Alimentación General","Caldos, sopas, purés y gazpachos","Gazpacho y salmorejo","BIOSABOR gazpacho ecológico sin gluten con aceite de oliva virgen extra envase 1 l"],"general_information":[],"ingredients":[],"ean":"8437010207174"},{"full_name":"BIOSABOR salmorejo ecológico con aceite de oliva virgen extra envase 500 ml","name":"salmorejo ecológico con aceite de oliva virgen extra envase 500 ml","brand":"BIOSABOR ","img":"https://sgfm.elcorteingles.es/SGFM/dctm/MEDIA03/201607/11/00120723000103____1__600x600.jpg","price":"2,45 €","categories":["Supermercado","Alimentación General","Caldos, sopas, purés y gazpachos","Gazpacho y salmorejo","BIOSABOR salmorejo ecológico con aceite de oliva virgen extra envase 500 ml"],"general_information":[],"ingredients":[],"ean":"8437010207525"},{"full_name":"PANCELIAC pan sin gluten elaborado con aceite de oliva envase 80 g","name":"pan sin gluten elaborado con aceite de oliva envase 80 g","brand":"PANCELIAC ","img":"https://sgfm.elcorteingles.es/SGFM/dctm/MEDIA03/201605/18/00120745201887____1__600x600.jpg","price":"1,04 €","price_unit":"(13 € / Kilo)","categories":["Supermercado","Dietéticos","Alimentación básica dietética","Congelados y helados dietéticos","PANCELIAC pan sin gluten elaborado con aceite de oliva envase 80 g"],"general_information":["Denominación del alimento: Pan sin gluten","Nombre del operador: Hornos Virgen de los Reyes S.L","Dirección del operador: Calle de Sierra Morena, 1 - 41702 Dos Hermanas (Sevilla).","Cantidad Neta: 80 g"],"ingredients":[" Almidón de maíz, agua, harina de arroz, mejorante panario (azúcar, estabilizantes E-412 y E-464, sal y gasificante E-500ii), levadura, jarabe de azúcar invertido y aceite de oliva (1,4%)."],"conservation":" Conservar en congelador.","ean":"8437009575390"},{"full_name":"PANCELIAC pan sin gluten elaborado con aceite de oliva envase 50 g","name":"pan sin gluten elaborado con aceite de oliva envase 50 g","brand":"PANCELIAC ","img":"https://sgfm.elcorteingles.es/SGFM/dctm/MEDIA03/201606/01/00120745201903____1__600x600.jpg","price":"0,56 €","price_unit":"(11,20 € / Kilo)","categories":["Supermercado","Dietéticos","Alimentación básica dietética","Congelados y helados dietéticos","PANCELIAC pan sin gluten elaborado con aceite de oliva envase 50 g"],"general_information":["Denominación del alimento: Pan sin gluten","Nombre del operador: Hornos Virgen de los Reyes S.L","Dirección del operador: Calle de Sierra Morena, 1 - 41702 Dos Hermanas (Sevilla).","Cantidad Neta: 50 g"],"ingredients":[" Almidon de maiz, agua, harina de arroz, mejorante panario (azúcar, estabilizantes E-412 y E-464, sal y gasificante E-500ii), levadura, jarabe de azúcar invertido y aceite de oliva (1,4%)."],"conservation":" Conservar en congelador.","ean":"8437009575413"},{"full_name":"SPECIAL LINE Bio aceite virgen de coco crudo ecológico sin gluten y sin lactosa tarro 400 g","name":"Bio aceite virgen de coco crudo ecológico sin gluten y sin lactosa tarro 400 g","brand":"SPECIAL LINE ","img":"https://sgfm.elcorteingles.es/SGFM/dctm/MEDIA03/201612/02/00120754400123____1__600x600.jpg","price":"9,90 €","price_unit":"(24,75 € / Kilo)","categories":["Supermercado","Dietéticos","Alimentación básica dietética","Aceites y vinagres","SPECIAL LINE Bio aceite virgen de coco crudo ecológico sin gluten y sin lactosa tarro 400 g"],"general_information":["Denominación del alimento: ACEITE VIRGEN DE COCO","Nombre del operador: Distribuido para el Grupo El Corte Inglés\nHermosilla, 112 ? 28009 Madrid\nEspaña por NIF: B-305315521.","Cantidad Neta: 400 g"],"ingredients":[" Ingredientes:Aceite virgen de coco* (100%).\n*Ingredientes procedentes de la Agricultura Ecológica."],"conservation":" Conservar protegido de la luz, en ambiente fresco y seco. Este producto solidifica a temperaturas inferiores a 25º C.\nUna vez abierto, asegúrese de cerrar bien el envase después de cada uso.","ean":"8433329074216"},{"full_name":"SANTIVERI vinagre de manzana botella 750 ml","name":"vinagre de manzana botella 750 ml","brand":"SANTIVERI ","img":"https://sgfm.elcorteingles.es/SGFM/00/03/4/0120712800034/0120712800034000g01011.jpg","price":"2,65 €","price_unit":"(3,53 € / Litro)","categories":["Supermercado","Dietéticos","Alimentación básica dietética","Aceites y vinagres","SANTIVERI vinagre de manzana botella 750 ml"],"general_information":["Denominación del alimento: VINAGRE DE MANZANA","Nombre del operador: CASA SANTIVERI S.L.","Dirección del operador: ENCUNY 8, 08038 BARCELONA","Cantidad Neta: 750 Centímetro cúbico"],"ingredients":[" vinagre de manzana, anhídrido sulfuroso (antioxidante)"],"ean":"8412170003460"},{"full_name":"DR-GOERG aceite de coco ecológico envase 500 ml","name":"aceite de coco ecológico envase 500 ml","brand":"DR-GOERG ","img":"https://sgfm.elcorteingles.es/SGFM//00/10/3/0200354400103/0200354400103000g01011.jpg","price":"18,49 €","price_unit":"(36,98 € / Litro)","categories":["Supermercado","Dietéticos","Alimentación básica dietética","Aceites y vinagres","DR-GOERG aceite de coco ecológico envase 500 ml"],"general_information":["Denominación del alimento: Aceite de Coco","Nombre del operador: DR  GOERG GMBH","Dirección del operador: HEIDCHEID 9, D-56424 BANNBERSCHEID, GERMANY","Cantidad Neta: 500 g"],"ingredients":[" aceite de coco*.(*)=De cultivo ecológico."],"conservation":" Conservar en lugar  fresco y seco.","ean":"4260213390022"},{"full_name":"DR-GOERG aceite de coco bio envase 200 ml","name":"aceite de coco bio envase 200 ml","brand":"DR-GOERG ","img":"https://sgfm.elcorteingles.es/SGFM//00/07/3/0120754400073/0120754400073000g01011.jpg","price":"9,50 €","price_unit":"(47,50 € / Litro)","categories":["Supermercado","Dietéticos","Alimentación básica dietética","Aceites y vinagres","DR-GOERG aceite de coco bio envase 200 ml"],"general_information":["Denominación del alimento: Aceite de Coco","Nombre del operador: DR  GOERG GMBH","Dirección del operador: HEIDCHEID 9, D-56424 BANNBERSCHEID, GERMANY","Cantidad Neta: 200 g"],"ingredients":[" aceite de coco 100%*.(*)=De cultivo ecológico."],"conservation":" Conservar  en lugar fresco y seco.","ean":"4260213390572"},{"full_name":"TELENA aceite de oliva virgen extra ecológico de manzanilla cacereña botella 500 ml","name":"aceite de oliva virgen extra ecológico de manzanilla cacereña botella 500 ml","brand":"TELENA ","img":"https://sgfm.elcorteingles.es/SGFM/dctm/MEDIA03/201702/01/00120754400180____1__600x600.jpg","price":"14,50 €","price_unit":"(29.000 € / Litro)","categories":["Supermercado","Dietéticos","Alimentación básica dietética","Aceites y vinagres","TELENA aceite de oliva virgen extra ecológico de manzanilla cacereña botella 500 ml"],"general_information":[],"ingredients":[],"ean":"8436566950183"},{"full_name":"TELENA aceite de oliva virgen extra ecológico de cornezuelo picual botella 500 ml","name":"aceite de oliva virgen extra ecológico de cornezuelo picual botella 500 ml","brand":"TELENA ","img":"https://sgfm.elcorteingles.es/SGFM/dctm/MEDIA03/201702/01/00120754400164____1__600x600.jpg","price":"10,50 €","price_unit":"(21.000 € / Litro)","categories":["Supermercado","Dietéticos","Alimentación básica dietética","Aceites y vinagres","TELENA aceite de oliva virgen extra ecológico de cornezuelo picual botella 500 ml"],"general_information":[],"ingredients":[],"ean":"8436566950145"},{"full_name":"TELENA aceite de oliva virgen extra ecológico de manzanilla cacereña botella 250 ml","name":"aceite de oliva virgen extra ecológico de manzanilla cacereña botella 250 ml","brand":"TELENA ","img":"https://sgfm.elcorteingles.es/SGFM/dctm/MEDIA03/201702/01/00120754400172____1__600x600.jpg","price":"8,55 €","price_unit":"(34.200 € / Litro)","categories":["Supermercado","Dietéticos","Alimentación básica dietética","Aceites y vinagres","TELENA aceite de oliva virgen extra ecológico de manzanilla cacereña botella 250 ml"],"general_information":[],"ingredients":[],"ean":"8436566950169"},{"full_name":"TELENA aceite de oliva virgen extra ecológico con licopeno antioxidante natural botella 250 ml","name":"aceite de oliva virgen extra ecológico con licopeno antioxidante natural botella 250 ml","brand":"TELENA ","img":"https://sgfm.elcorteingles.es/SGFM/dctm/MEDIA03/201702/01/00120754400198____1__600x600.jpg","price":"7,95 €","price_unit":"(31.800 € / Litro)","categories":["Supermercado","Dietéticos","Alimentación básica dietética","Aceites y vinagres","TELENA aceite de oliva virgen extra ecológico con licopeno antioxidante natural botella 250 ml"],"general_information":[],"ingredients":[],"ean":"8436566950138"},{"full_name":"TELENA aceite de oliva virgen extra ecológico de cornezuelo picual botella 250 ml","name":"aceite de oliva virgen extra ecológico de cornezuelo picual botella 250 ml","brand":"TELENA ","img":"https://sgfm.elcorteingles.es/SGFM/dctm/MEDIA03/201702/01/00120754400156____1__600x600.jpg","price":"7,50 €","price_unit":"(30.000 € / Litro)","categories":["Supermercado","Dietéticos","Alimentación básica dietética","Aceites y vinagres","TELENA aceite de oliva virgen extra ecológico de cornezuelo picual botella 250 ml"],"general_information":[],"ingredients":[],"ean":"8436566950114"},{"full_name":"ROMAILA Cornicabra aceite de oliva virgen extra ecológico selección premium botella 500 ml","name":"Cornicabra aceite de oliva virgen extra ecológico selección premium botella 500 ml","brand":"ROMAILA ","img":"https://sgfm.elcorteingles.es/SGFM/dctm/MEDIA03/201710/10/00120754400271____2__600x600.jpg","price":"13,00 €","price_unit":"(26 € / Litro)","categories":["Supermercado","Dietéticos","Alimentación básica dietética","Aceites y vinagres","ROMAILA Cornicabra aceite de oliva virgen extra ecológico selección premium botella 500 ml"],"general_information":[],"ingredients":[],"ean":"8425402217887"},{"full_name":"NATURGREEN Bio vinagre de sidra de manzana ecológico botella 500 ml","name":"Bio vinagre de sidra de manzana ecológico botella 500 ml","brand":"NATURGREEN ","img":"https://sgfm.elcorteingles.es/SGFM/dctm/MEDIA03/201702/03/00120754400115____1__600x600.jpg","price":"3,45 €","price_unit":"(6,90 € / Litro)","categories":["Supermercado","Dietéticos","Alimentación básica dietética","Aceites y vinagres","NATURGREEN Bio vinagre de sidra de manzana ecológico botella 500 ml"],"general_information":["Denominación del alimento: Vinagre de Sidra de Manzana Bio","Nombre del operador: Laboratorios Almond SL","Dirección del operador: Avda. Cabecicos Blancos, Parcela 18 2.B. Parque empresarial Cabecicos Blancos 30892 - Librilla, Murcia (Spain)","Cantidad Neta: 500 g","Otras menciones obligatorias en la etiqueta: Ingredientes procedentes de la agricultura ecológica"],"ingredients":[" Vinagre de sidra de manzana (100%). Este producto es elaborado en la misma línea de envasado que aceites de frutos secos, sésamo y semillas oleaginosas."],"conservation":" Conservar protegido de la luz y del calor. Conservar entre 8 y 20ºCUna vez abierto, consumir en no más de 4 años.","ean":"8436542192682"},{"full_name":"NATURGREEN Bio aceite de lino virgen primera presión en frío ecológico botella 500 ml","name":"Bio aceite de lino virgen primera presión en frío ecológico botella 500 ml","brand":"NATURGREEN ","img":"https://sgfm.elcorteingles.es/SGFM/dctm/MEDIA02/CONTENIDOS/201406/20/00120754400016____1__600x600.jpg","price":"8,95 €            ","price_unit":"(17,50 € / Litro)","categories":["Supermercado","Dietéticos","Alimentación básica dietética","Aceites y vinagres","NATURGREEN Bio aceite de lino virgen primera presión en frío ecológico botella 500 ml"],"general_information":["Denominación del alimento: Aceite de lino ecológico","Nombre del operador: Mercontrol E.D. S.L","Dirección del operador: Calle Juan de la Cierva, 36, 28823 Coslada, Madrid (España)","Cantidad Neta: 500 Mililitros"],"ingredients":[" 100% Aceite de semillas de lino ecológico. \"Este producto es elaborado en la misma línea de envasado que aceites de  soja, frutos secos, sésamo y semillas oleaginosas.\""],"conservation":" Conservar protegido de la luz, en ambiente fresco y seco. Una vez abierto, asegúrese de cerrar bien el envase despues de cada uso y aconsejamos conservar en el frigorífico para mantener todo su sabor y propiedades. Si el aceite cristaliza, calentar ligeramente (entre 30-40°C).","ean":"8437011502636"},{"full_name":"NATURGREEN Bio aceite de coco virgen ecológico sin gluten y sin lactosa envase 400 g","name":"Bio aceite de coco virgen ecológico sin gluten y sin lactosa envase 400 g","brand":"NATURGREEN ","img":"https://sgfm.elcorteingles.es/SGFM/dctm/MEDIA03/201711/17/00120754400024____2__600x600.jpg","price":"10,50 €","price_unit":"(26,25 € / Kilo)","categories":["Supermercado","Dietéticos","Alimentación básica dietética","Aceites y vinagres","NATURGREEN Bio aceite de coco virgen ecológico sin gluten y sin lactosa envase 400 g"],"general_information":["Denominación del alimento: Aceite de Coco Virgen Bio","Nombre del operador: Laboratorios Almond SL","Dirección del operador: Avda. Cabecicos Blancos, Parcela 18 2.B. Parque empresarial Cabecicos Blancos 30892 - Librilla, Murcia (Spain)","Cantidad Neta: 400 g","Peso neto escurrido: 400 g","Otras menciones obligatorias en la etiqueta: Ingredientes procedentes de la agricultura ecológica."],"ingredients":[" Aceite virgen de coco."],"conservation":" Conservar protegido de la luz, en ambiente fresco y seco. Este producto solidifica a temperaturas inferiores a 25º C.Una vez abierto, asegúrese de cerrar bien el envase después de cada uso","ean":"8436542190640"},{"full_name":"NATURGREEN Bio aceite de lino virgen primera presión en frío ecológico botella 250 ml","name":"Bio aceite de lino virgen primera presión en frío ecológico botella 250 ml","brand":"NATURGREEN ","img":"https://sgfm.elcorteingles.es/SGFM/dctm/MEDIA02/CONTENIDOS/201409/03/00120712800174____1__600x600.jpg","price":"4,47 €","price_unit":"(17,88 € / Litro)","categories":["Supermercado","Dietéticos","Alimentación básica dietética","Aceites y vinagres","NATURGREEN Bio aceite de lino virgen primera presión en frío ecológico botella 250 ml"],"general_information":["Denominación del alimento: Aceite Lino Bio","Nombre del operador: Laboratorios Almond SL","Dirección del operador: Avda. Cabecicos Blancos, Parcela 18 2.B. Parque empresarial Cabecicos Blancos 30892 - Librilla, Murcia (Spain)","Cantidad Neta: 250 g","Peso neto escurrido: 250 g","Otras menciones obligatorias en la etiqueta: Ingredientes procedentes de la agricultura ecológica."],"ingredients":[" 100% Aceite de semillas de lino ecológico. Este producto puede contener soja, frutos secos, sésamo y semillas oleaginosas."],"conservation":" Conservar protegido de la luz, en ambiente fresco y seco. Una vez abierto, asegúrese de cerrar bien el envase después de cada uso; conservar en el frigorífico para mantener todo su sabor y propiedades. En caso de que durante el almacenamiento se produzca enturbiamiento y/o sedimentación, calentar ligeramente el producto (30-35 ºC) y agitar.","ean":"8437011502209"},{"full_name":"NATURGREEN Bio aceite virgen ecológico de sésamo de primera presión en frío envase 250 ml","name":"Bio aceite virgen ecológico de sésamo de primera presión en frío envase 250 ml","brand":"NATURGREEN ","img":"https://sgfm.elcorteingles.es/SGFM/dctm/MEDIA03/201702/03/00120754400040____1__600x600.jpg","price":"4,95 €","price_unit":"(19,80 € / Litro)","categories":["Supermercado","Dietéticos","Alimentación básica dietética","Aceites y vinagres","NATURGREEN Bio aceite virgen ecológico de sésamo de primera presión en frío envase 250 ml"],"general_information":["Denominación del alimento: Aceite Sésamo Bio","Nombre del operador: Laboratorios Almond SL","Dirección del operador: Avda. Cabecicos Blancos, Parcela 18 2.B. Parque empresarial Cabecicos Blancos 30892 - Librilla, Murcia (Spain)","Cantidad Neta: 250 g","Otras menciones obligatorias en la etiqueta: Ingredientes procedentes de la agricultura ecológica."],"ingredients":[" 100% Aceite de semillas de sésamo ecológico. Este producto puede contener soja, frutos secos, sésamo y semillas oleaginosas."],"conservation":" Conservar protegido de la luz y del calor (recomendable Tª inferior a 18ºC). Una vez abierto, asegurarse de cerrar bien el envase: en estas condiciones el producto mantiene su sabor y propiedades.No meter en el frigorífico (el producto cristaliza a temperaturas inferiores a 10ºC)","ean":"8437011502278"},{"full_name":"NATURGREEN Bio aceite de Argán crudo ecológico botella 250 ml","name":"Bio aceite de Argán crudo ecológico botella 250 ml","brand":"NATURGREEN ","img":"https://sgfm.elcorteingles.es/SGFM/dctm/MEDIA02/CONTENIDOS/201504/09/00120754400081____1__600x600.jpg","price":"17,50 €            ","price_unit":"(67,20 € / Litro)","categories":["Supermercado","Dietéticos","Alimentación básica dietética","Aceites y vinagres","NATURGREEN Bio aceite de Argán crudo ecológico botella 250 ml"],"general_information":["Denominación del alimento: Aceite de argán crudo ecológico","Nombre del operador: Mercontrol E.D. S.L","Dirección del operador: Calle Juan de la Cierva, 36, 28823 Coslada, Madrid (España)","Cantidad Neta: 250 Mililitros"],"ingredients":[" 100% Aceite de semillas crudas de argán ecológico. \"Este producto es elaborado en la misma línea de envasado que aceites de  soja, frutos secos, sésamo y semillas oleaginosas.\""],"conservation":" Conservar protegido de la luz y del calor. Una vez abierto, asegurarse de cerrar bien el envase: aconsejamos conservar en el frigorífico para mantener todo su sabor y propiedades. En caso de que durante el almacenamiento se produzca enturbiamiento y/o sedimentación, calentar ligeramente el producto (30-35 °C) y agitar.","ean":"8437011502612"},{"full_name":"NATURGREEN Bio vinagre balsámico ecológico botella 250 ml","name":"Bio vinagre balsámico ecológico botella 250 ml","brand":"NATURGREEN ","img":"https://sgfm.elcorteingles.es/SGFM/dctm/MEDIA03/201702/03/00120754400107____1__600x600.jpg","price":"3,49 €","price_unit":"(13,96 € / Litro)","categories":["Supermercado","Dietéticos","Alimentación básica dietética","Aceites y vinagres","NATURGREEN Bio vinagre balsámico ecológico botella 250 ml"],"general_information":["Denominación del alimento: Vinagre Balsamico Bio","Nombre del operador: Laboratorios Almond SL","Dirección del operador: Avda. Cabecicos Blancos, Parcela 18 2.B. Parque empresarial Cabecicos Blancos 30892 - Librilla, Murcia (Spain)","Cantidad Neta: 250 g","Otras menciones obligatorias en la etiqueta: Ingredientes procedentes de la agricultura ecológica"],"ingredients":[" Vinagre de vino y mosto concentrado (100%). Este producto es elaborado en la misma línea de envasado que aceites de  frutos secos, sésamo y semillas oleaginosas. Contiene sulfitos"],"conservation":" Conservar protegido de la luz y del calor. Conservar entre 8 y 20ºCUna vez abierto, consumir en no más de 4 años.","ean":"8436542192699"},{"full_name":"VALMASERA vinagre de manzana bio orgánic de agricultura ecológica botella 500 ml","name":"vinagre de manzana bio orgánic de agricultura ecológica botella 500 ml","brand":"VALMASERA ","img":"https://sgfm.elcorteingles.es/SGFM/dctm/MEDIA03/201701/27/00120754400149____1__600x600.jpg","price":"2,75 €","categories":["Supermercado","Dietéticos","Alimentación básica dietética","Aceites y vinagres","VALMASERA vinagre de manzana bio orgánic de agricultura ecológica botella 500 ml"],"general_information":[],"ingredients":[],"ean":"8436018042824"},{"full_name":"OLIVADO aceite de aguacate virgen extra ecológico botella 250 ml","name":"aceite de aguacate virgen extra ecológico botella 250 ml","brand":"OLIVADO ","img":"https://sgfm.elcorteingles.es/SGFM/dctm/MEDIA03/201707/18/00120754400248____1__600x600.jpg","price":"10,95 €","price_unit":"(43,80 € / Litro)","categories":["Supermercado","Dietéticos","Alimentación básica dietética","Aceites y vinagres","OLIVADO aceite de aguacate virgen extra ecológico botella 250 ml"],"general_information":["Denominación del alimento: Aceite de aguacate ecológico","País de origen: Reino Unido","Nombre del operador: La Finestra sul Cielo España, SL","Dirección del operador: Passeig del Riu Besós, 1 - 08160 Montmeló (Barcelona)","Cantidad Neta: 250 Mililitros","Otras menciones obligatorias en la etiqueta: Producto ecológico: GB-ORG-05 Agricultura no UE"],"ingredients":[" Aceite de aguacate*. *de agricultura ecológica."],"conservation":" Conservar en un lugar fresco y seco. Una vez abierto consumir antes de 3 meses.","ean":"9421009031139"},{"full_name":"ES CONVENT aceite de oliva virgen ecológico arbequina y picual botella 500 ml D.O.P. Oli de Mallorca","name":"aceite de oliva virgen ecológico arbequina y picual botella 500 ml","brand":"ES CONVENT ","img":"https://sgfm.elcorteingles.es/SGFM/dctm/MEDIA03/201706/23/00120754400255____1__600x600.jpg","price":"13,00 €","categories":["Supermercado","Dietéticos","Alimentación básica dietética","Aceites y vinagres","ES CONVENT aceite de oliva virgen ecológico arbequina y picual botella 500 ml D.O.P. Oli de Mallorca"],"general_information":[],"ingredients":[],"ean":"8437015380025"},{"full_name":"SPECIAL LINE azúcar moreno integral de caña bolsa 1 kg","name":"azúcar moreno integral de caña bolsa 1 kg","brand":"SPECIAL LINE ","img":"https://sgfm.elcorteingles.es/SGFM/dctm/MEDIA03/201603/04/00120733500050____1__600x600.jpg","price":"4,69 €","price_unit":"(4,69 € / Kilo)","categories":["Supermercado","Alimentación General","Azúcar y edulcorantes","Azúcar","SPECIAL LINE azúcar moreno integral de caña bolsa 1 kg"],"general_information":["Denominación del alimento: AZÚCAR MORENO INTEGRAL DE CAÑA","Nombre del operador: Elaborado para el Grupo El Corte Ingles \nHermosilla, 112 \n28009 Madrid - España \npor CIF: A28648053","Cantidad Neta: 1 Kilogramos","Número de raciones por envase: 200"],"ingredients":[],"conservation":" Conservar en ambiente fresco y seco. Una vez abierto mantenga el envase bien cerrado.","ean":"8433329031653"},{"full_name":"SPECIAL LINE xilitol azúcar de abedul edulcorante light bote 500 g","name":"xilitol azúcar de abedul edulcorante light bote 500 g","brand":"SPECIAL LINE ","img":"https://sgfm.elcorteingles.es/SGFM/dctm/MEDIA03/201612/02/00120733300238____1__600x600.jpg","price":"8,60 €","price_unit":"(17,20 € / Kilo)","categories":["Supermercado","Alimentación General","Azúcar y edulcorantes","Azúcar","SPECIAL LINE xilitol azúcar de abedul edulcorante light bote 500 g"],"general_information":["Denominación del alimento: Edulcorante de mesa a base de Xilitol (azúcar de abedul).","Nombre del operador: Distribuido para el Grupo El Corte Inglés\nHermosilla, 112 ? 28009 Madrid\nEspaña por NIF: B-30531552.","Cantidad Neta: 500 g"],"ingredients":[" Ingredientes: Xilitol (azúcar de abedul)(100%). Puede contener trazas de frutos de cáscara, granos de sésamo y soja."],"conservation":" Conservar en lugar fresco y seco.","ean":"8433329074230"},{"full_name":"SANTIVERI azúcar moreno integral bolsa 1 kg","name":"azúcar moreno integral bolsa 1 kg","brand":"SANTIVERI ","img":"https://sgfm.elcorteingles.es/SGFM/00/02/7/0120733500027/0120733500027000g01011.jpg","price":"5,15 €","categories":["Supermercado","Alimentación General","Azúcar y edulcorantes","Azúcar","SANTIVERI azúcar moreno integral bolsa 1 kg"],"general_information":["Denominación del alimento: AZUCAR MORENO DE CAÑA INTEGRAL","Nombre del operador: CASA SANTIVERI S.L.","Dirección del operador: ENCUNY 8, 08038 BARCELONA","Cantidad Neta: 1000 g"],"ingredients":[" azucar de caña integral"],"ean":"8412170005761"},{"full_name":"CEREALIM azúcar moreno integral de caña bolsa 500 g","name":"azúcar moreno integral de caña bolsa 500 g","brand":"CEREALIM ","img":"https://sgfm.elcorteingles.es/SGFM/dctm/MEDIA02/CONTENIDOS/201503/13/00120753100047000_1__600x600.jpg","price":"2,75 €","price_unit":"(5,50 € / Kilo)","categories":["Supermercado","Alimentación General","Azúcar y edulcorantes","Azúcar","CEREALIM azúcar moreno integral de caña bolsa 500 g"],"general_information":["Denominación del alimento: Azúcar integral","Nombre del operador: Biocop Productos Biológicos, S.A.","Dirección del operador: C/Puigmal 3 - 08185 Lliçà de Vall (Barcelona)","Cantidad Neta: 500 g"],"ingredients":[" Azúcar moreno de caña integral"],"conservation":" Mantener en lugar fresco y seco","ean":"8423903000052"},{"full_name":"SORIA NATURAL Panela azúcar moreno de caña integral ecológico envase 500 g","name":"Panela azúcar moreno de caña integral ecológico envase 500 g","brand":"SORIA NATURAL ","img":"https://sgfm.elcorteingles.es/SGFM/dctm/MEDIA03/201609/08/00120753100088____1__600x600.jpg","price":"4,49 €","price_unit":"(8,98 € / Kilo)","categories":["Supermercado","Alimentación General","Azúcar y edulcorantes","Azúcar","SORIA NATURAL Panela azúcar moreno de caña integral ecológico envase 500 g"],"general_information":["Denominación del alimento: Panela, azúcar moreno de caña integral ecológico","País de origen: España","Nombre del operador: Soria Natural S.A.","Dirección del operador: Poligono La Sacea,s/n -42162 Garray (Soria)","Lugar de procedencia del alimento: España","Cantidad Neta: 500 g","Otras menciones obligatorias en la etiqueta: No contiene conservantes"],"ingredients":[" Azúcar ecológico moreno de caña integral.*Procedente de Agricultura Ecológica.Puede contener trazas de soja, leche y sus derivados"],"conservation":" Conservar en lugar fresco y seco","ean":"8422947061425"},{"full_name":"NATURGREEN azúcar de coco ecológica envase 300 g","name":"azúcar de coco ecológica envase 300 g","brand":"NATURGREEN ","img":"https://sgfm.elcorteingles.es/SGFM/dctm/MEDIA03/201609/09/00120753100070____1__600x600.jpg","price":"4,15 €","categories":["Supermercado","Alimentación General","Azúcar y edulcorantes","Azúcar","NATURGREEN azúcar de coco ecológica envase 300 g"],"general_information":["Denominación del alimento: Azúcar de Coco Bio","Nombre del operador: LABORATORIOS ALMOND SL","Dirección del operador: AVDA. CABECICOS BLANCOS, PARCELA 18 2.B. PARQUE EMPRESARIAL CABECICOS BLANCOS 30892 - LIBRILLA Murcia","Cantidad Neta: 300 g","Peso neto escurrido: 300 g","Otras menciones obligatorias en la etiqueta: Ingredientes procedentes de la Agricultura Ecológica"],"ingredients":[" Azúcar de coco (100%).Este producto se fabrica en una planta donde se manipulan frutos secos, soja y sésamo."],"conservation":" Almacenar en lugar fresco y seco","ean":"8436542192569"},{"full_name":"SPECIAL LINE fructosa bolsa 800 g","name":"fructosa bolsa 800 g","brand":"SPECIAL LINE ","img":"https://sgfm.elcorteingles.es/SGFM/00/06/6/0120733600066/0120733600066000g01011.jpg","price":"3,49 €","price_unit":"(4,36 € / Kilo)","categories":["Supermercado","Dietéticos","Alimentación básica dietética","Azúcares y edulcorantes","SPECIAL LINE fructosa bolsa 800 g"],"general_information":["Denominación del alimento: FRUCTOSA","Nombre del operador: Elaborado para el Grupo El Corte Ingles \nHermosilla, 112 \n28009 Madrid - España \npor CIF: A28648053","Cantidad Neta: 800 g","Número de raciones por envase: aprox. 88"],"ingredients":[" Ingredientes: Fructosa."],"conservation":" Conservar en ambiente fresco y seco. Una vez abierto mantenga el envase bien cerrado.","ean":"8433329031646"},{"full_name":"SPECIAL LINE edulcorante líquido frasco 125 ml","name":"edulcorante líquido frasco 125 ml","brand":"SPECIAL LINE ","img":"https://sgfm.elcorteingles.es/SGFM/00/10/9/0200333400109/0200333400109000g01011.jpg","price":"1,46 €","price_unit":"(11,68 € / Litro)","categories":["Supermercado","Dietéticos","Alimentación básica dietética","Azúcares y edulcorantes","SPECIAL LINE edulcorante líquido frasco 125 ml"],"general_information":["Denominación del alimento: Edulcorante de mesa a base de ciclamato sódico y de sacarina sódica.","Nombre del operador: Elaborado para el Grupo El Corte Inglés\nHermosilla, 112 ? 28009 Madrid\nEspaña por NIF: N0013670E","Lugar de procedencia del alimento: Origen Alemania"],"ingredients":[" Ingredientes: Agua, edulcorante: ciclamato sódico (11,5 g/100 ml), edulcorante: sacarina sódica (1,2 g/100 ml), corrector de acidez: ácido cítrico, conservante: sorbato potásico."],"conservation":" Conservar en lugar fresco y seco","ean":"8433329031134"},{"full_name":"SPECIAL LINE edulcorante granulado 100 sobres estuche 100 g","name":"edulcorante granulado 100 sobres estuche 100 g","brand":"SPECIAL LINE ","img":"https://sgfm.elcorteingles.es/SGFM/dctm/MEDIA02/CONTENIDOS/201409/23/00120733300113____2__600x600.jpg","price":"1,32 €","price_unit":"(13,20 € / Kilo)","categories":["Supermercado","Dietéticos","Alimentación básica dietética","Azúcares y edulcorantes","SPECIAL LINE edulcorante granulado 100 sobres estuche 100 g"],"general_information":["Denominación del alimento: Edulcorante de mesa a base de ciclamato sódico y sacarina sódica granulado.","Nombre del operador: Elaborado para el Grupo El Corte Inglés\nHermosilla, 112 ? 28009 Madrid\nEspaña por NIF: B03189677","Cantidad Neta: 100 g"],"ingredients":[" Ingredientes: dextrosa, edulcorantes (ciclamato sódico y sacarina sódica)."],"ean":"8433329031462"},{"full_name":"SPECIAL LINE edulcorante en polvo frasco 75 g","name":"edulcorante en polvo frasco 75 g","brand":"SPECIAL LINE ","img":"https://sgfm.elcorteingles.es/SGFM/00/10/5/0120733300105/0120733300105000g01011.jpg","price":"1,49 €","price_unit":"(19,87 € / Kilo)","categories":["Supermercado","Dietéticos","Alimentación básica dietética","Azúcares y edulcorantes","SPECIAL LINE edulcorante en polvo frasco 75 g"],"general_information":["Denominación del alimento: Edulcorante de mesa a base de aspartamo","Nombre del operador: Elaborado para el Grupo El Corte Inglés\nHermosilla, 112 ? 28009 Madrid\nEspaña por NIF: N0013670E","Lugar de procedencia del alimento: Origen Alemania","Cantidad Neta: 75 g"],"ingredients":[" Ingredientes: maltodextrina, edulcorante: aspartamo (3%).Contiene una fuente de fenilalanina."],"conservation":" Conservar en lugar fresco y seco","ean":"8433329031158"},{"full_name":"SPECIAL LINE edulcorante de mesa 650 comprimidos envase 39 g","name":"edulcorante de mesa 650 comprimidos envase 39 g","brand":"SPECIAL LINE ","img":"https://sgfm.elcorteingles.es/SGFM/01/01/6/0120732601016/0120732601016000g01011.jpg","price":"1,09 €","price_unit":"(1,68 € / Kilo)","categories":["Supermercado","Dietéticos","Alimentación básica dietética","Azúcares y edulcorantes","SPECIAL LINE edulcorante de mesa 650 comprimidos envase 39 g"],"general_information":["Denominación del alimento: Edulcorante de mesa en comprimidos a base de ciclamato sódico y de sacarina sódica.","Nombre del operador: Elaborado para el Grupo El Corte Inglés\nHermosilla, 112 ? 28009 Madrid\nEspaña por NIF: N0013670E","Lugar de procedencia del alimento: Origen Alemania","Cantidad Neta: 39 g"],"ingredients":[" Ingredientes: edulcorante: ciclamato sódico (66,7%), correctores de acidez: carbonato ácido  de sodio y citrato monosódico, edulcorante: sacarina sódica (6,7%)."],"conservation":" Conservar en lugar fresco y seco","ean":"8433329031141"},{"full_name":"SPECIAL LINE Stevia edulcorante dosificador 100 g","name":"Stevia edulcorante dosificador 100 g","brand":"SPECIAL LINE ","img":"https://sgfm.elcorteingles.es/SGFM/01/03/2/0120732601032/0120732601032000g01011.jpg","price":"2,05 €","price_unit":"(20,50 € / Kilo)","categories":["Supermercado","Dietéticos","Alimentación básica dietética","Azúcares y edulcorantes","SPECIAL LINE Stevia edulcorante dosificador 100 g"],"general_information":["Denominación del alimento: *Edulcorante de mesa en comprimidos a base de glucósidos de esteviol  proveniente de Stevia Rebaudiana Bertoni.","Nombre del operador: Elaborado para el Grupo El Corte Inglés\nHermosilla, 112 ? 28009 Madrid\nEspaña por NIF: N0013670E","Lugar de procedencia del alimento: Origen Alemania","Cantidad Neta: 6 g"],"ingredients":[" Ingredientes: Correctores de acidez : carbonato ácido de sodio y citrato monosódico, edulcorante : glucósidos de esteviol (21%), L-leucina."],"conservation":" Conservar en lugar fresco y seco","ean":"8433329030601"},{"full_name":"SANTIVERI fructosa bolsa 750 g","name":"fructosa bolsa 750 g","brand":"SANTIVERI ","img":"https://sgfm.elcorteingles.es/SGFM/00/02/5/0120733600025/0120733600025000g01011.jpg","price":"5,76 €","price_unit":"(7,68 € / Kilo)","categories":["Supermercado","Dietéticos","Alimentación básica dietética","Azúcares y edulcorantes","SANTIVERI fructosa bolsa 750 g"],"general_information":["Denominación del alimento: FRUCTOSA","Nombre del operador: CASA SANTIVERI S.L.","Dirección del operador: ENCUNY 8, 08038 BARCELONA","Cantidad Neta: 750 g"],"ingredients":[" fructosa"],"ean":"8412170001152"},{"full_name":"SANTIVERI Dulzol edulcorante líquido envase 90 ml","name":"Dulzol edulcorante líquido envase 90 ml","brand":"SANTIVERI ","img":"https://sgfm.elcorteingles.es/SGFM/00/03/8/0120733400038/0120733400038000g01011.jpg","price":"2,21 €","price_unit":"(24,56 € / Litro)","categories":["Supermercado","Dietéticos","Alimentación básica dietética","Azúcares y edulcorantes","SANTIVERI Dulzol edulcorante líquido envase 90 ml"],"general_information":["Denominación del alimento: EDULCORANTE DE MESA A BASE DE CICLA","Nombre del operador: CASA SANTIVERI S.L.","Dirección del operador: ENCUNY 8, 08038 BARCELONA","Cantidad Neta: 90 Centímetro cúbico"],"ingredients":[" agua, ciclamato (edulcorante), sacarina (edulcorante), ácido cítrico (antioxidante), sorbato potásico (conservador)"],"ean":"8412170014008"},{"full_name":"SANTIVERI Dulzol edulcorante líquido frasco 30 ml","name":"Dulzol edulcorante líquido frasco 30 ml","brand":"SANTIVERI ","img":"https://sgfm.elcorteingles.es/SGFM/dctm/MEDIA02/CONTENIDOS/201502/16/00120733400020____1__600x600.jpg","price":"1,15 €","price_unit":"(38,33 € / Litro)","categories":["Supermercado","Dietéticos","Alimentación básica dietética","Azúcares y edulcorantes","SANTIVERI Dulzol edulcorante líquido frasco 30 ml"],"general_information":["Denominación del alimento: EDULCORANTE DE MESA A BASE DE CICLA","Nombre del operador: CASA SANTIVERI S.L.","Dirección del operador: ENCUNY 8, 08038 BARCELONA","Cantidad Neta: 30 Centímetro cúbico"],"ingredients":[" agua, ciclamato (edulcorante), sacarina (edulcorante), ácido cítrico (antioxidante), sorbato potásico (conservador)"],"ean":"8412170000858"},{"full_name":"SANTIVERI stevia líquida estuche 90 cc","name":"stevia líquida estuche 90 cc","brand":"SANTIVERI ","img":"https://sgfm.elcorteingles.es/SGFM/00/01/2/0120733400012/0120733400012000g01011.jpg","price":"3,95 €","price_unit":"(43,89 € / Litro)","categories":["Supermercado","Dietéticos","Alimentación básica dietética","Azúcares y edulcorantes","SANTIVERI stevia líquida estuche 90 cc"],"general_information":["Denominación del alimento: EDULCORANTE LÍQUIDO A BASE DE GLUCÓ","Nombre del operador: CASA SANTIVERI S.L.","Dirección del operador: ENCUNY 8, 08038 BARCELONA","Cantidad Neta: 90 Centímetro cúbico"],"ingredients":[" agua, glucósidos de esteviol (edulcorante), ácido cítrico (acidulante), sorbato potásico (conservador)"],"ean":"8412170030923"},{"full_name":"SANTIVERI estevia en polvo edulcorante de origen natural sin gluten sin lactosa envase 70 g","name":"estevia en polvo edulcorante de origen natural sin gluten sin lactosa envase 70 g","brand":"SANTIVERI ","img":"https://sgfm.elcorteingles.es/SGFM/dctm/MEDIA02/CONTENIDOS/201408/13/00120733300162____1__600x600.jpg","price":"4,36 €","price_unit":"(62,29 € / Kilo)","categories":["Supermercado","Dietéticos","Alimentación básica dietética","Azúcares y edulcorantes","SANTIVERI estevia en polvo edulcorante de origen natural sin gluten sin lactosa envase 70 g"],"general_information":["Denominación del alimento: EDULCORANTE DE MESA A BASE DE GLUCÓ","Nombre del operador: CASA SANTIVERI S.L.","Dirección del operador: ENCUNY 8, 08038 BARCELONA","Cantidad Neta: 70 g"],"ingredients":[" maltodextrina, glucósidos de esteviol (edulcorante), extracto de estevia (2,1%)"],"ean":"8412170031210"},{"full_name":"SANTIVERI stevia en polvo edulcorante de origen natural sin gluten sin lactosa bote 45 g","name":"stevia en polvo edulcorante de origen natural sin gluten sin lactosa bote 45 g","brand":"SANTIVERI ","img":"https://sgfm.elcorteingles.es/SGFM/dctm/MEDIA03/201611/25/00120733300246____1__600x600.jpg","price":"4,75 €","price_unit":"(105,56 € / Kilo)","categories":["Supermercado","Dietéticos","Alimentación básica dietética","Azúcares y edulcorantes","SANTIVERI stevia en polvo edulcorante de origen natural sin gluten sin lactosa bote 45 g"],"general_information":["Denominación del alimento: EDULCORANTE DE MESA A BASE DE GLUCÓ","Nombre del operador: CASA SANTIVERI S.L.","Dirección del operador: ENCUNY 8, 08038 BARCELONA","Cantidad Neta: 45 g"],"ingredients":[" maltodextrina, glucósidos de esteviol (edulcorante), extracto de estevia (2%)"],"ean":"8412170034617"},{"full_name":"SANTIVERI Dulzina sucralosa líquida envase 90 cc","name":"Dulzina sucralosa líquida envase 90 cc","brand":"SANTIVERI ","img":"https://sgfm.elcorteingles.es/SGFM/00/01/7/0120733600017/0120733600017000g01011.jpg","price":"3,45 €","price_unit":"(38,33 € / Litro)","categories":["Supermercado","Dietéticos","Alimentación básica dietética","Azúcares y edulcorantes","SANTIVERI Dulzina sucralosa líquida envase 90 cc"],"general_information":["Denominación del alimento: EDULCORANTE DE MESA A BASE DE SUCRA","Nombre del operador: CASA SANTIVERI S.L.","Dirección del operador: ENCUNY 8, 08038 BARCELONA","Cantidad Neta: 90 Centímetro cúbico"],"ingredients":[" agua, sucralosa (edulcorante), sorbato potásico (conservador), ácido cítrico (acidulante)"],"ean":"8412170031067"},{"full_name":"VALMASERA azucar de caña bio orgánic de agricultura ecológica bolsa 1 kg","name":"azucar de caña bio orgánic de agricultura ecológica bolsa 1 kg","brand":"VALMASERA ","img":"https://sgfm.elcorteingles.es/SGFM/dctm/MEDIA03/201701/27/00120753100096____1__600x600.jpg","price":"4,29 €","categories":["Supermercado","Dietéticos","Alimentación básica dietética","Azúcares y edulcorantes","VALMASERA azucar de caña bio orgánic de agricultura ecológica bolsa 1 kg"],"general_information":[],"ingredients":[],"ean":"8436018041827"},{"full_name":"HERMESETAS edulcorante de la planta de stevia envase 300 comprimidos","name":"edulcorante de la planta de stevia envase 300 comprimidos","brand":"HERMESETAS ","img":"https://sgfm.elcorteingles.es/SGFM/01/09/9/0120732601099/0120732601099000g01011.jpg","price":"6,29 €","price_unit":"(20,97 € / Kilo)","categories":["Supermercado","Dietéticos","Alimentación básica dietética","Azúcares y edulcorantes","HERMESETAS edulcorante de la planta de stevia envase 300 comprimidos"],"general_information":["Denominación del alimento: Edulcorante de la Planta de Stevia","Nombre del operador: Comercial Masoliver S.A.","Dirección del operador: Calle Puntia, 18 - 17857 Begudà (Girona) España","Lugar de procedencia del alimento: 756 - Suiza","Cantidad Neta: 4.5 g"],"ingredients":[" Edulcorante: glicósidos de esteviol, agente de carga: carbonato sódico, corrector de acidez: citrato sódico, L-leucina."],"conservation":" Mantener el dispensador siempre en un lugar seco.","ean":"7610211158303"},{"full_name":"HERMESETAS edulcorante de la planta de stevia estuche 60 sobres","name":"edulcorante de la planta de stevia estuche 60 sobres","brand":"HERMESETAS ","img":"https://sgfm.elcorteingles.es/SGFM/01/10/7/0120732601107/0120732601107000g01011.jpg","price":"4,15 €","price_unit":"(69,17 € / Kilo)","categories":["Supermercado","Dietéticos","Alimentación básica dietética","Azúcares y edulcorantes","HERMESETAS edulcorante de la planta de stevia estuche 60 sobres"],"general_information":["Denominación del alimento: Edulcorante de la Planta de Stevia","Nombre del operador: Comercial Masoliver S.A.","Dirección del operador: Calle Puntia, 18 - 17857 Begudà (Girona) España","Lugar de procedencia del alimento: 756 - Suiza","Cantidad Neta: 60 g","Otras menciones obligatorias en la etiqueta: Un consumo excesivo puede producir efectos laxantes."],"ingredients":[" Fibras: almidón modificado (trigo), edulcorante: eritritol* y glicósidos de esteviol."],"conservation":" Conservar en un lugar seco.","ean":"7610211149004"},{"full_name":"HERMESETAS edulcorante de la planta de stevia ideal para cocina envase 125 ml","name":"edulcorante de la planta de stevia ideal para cocina envase 125 ml","brand":"HERMESETAS ","img":"https://sgfm.elcorteingles.es/SGFM/00/11/1/0120733400111/0120733400111000g01011.jpg","price":"6,05 €","price_unit":"(48,40 € / Litro)","categories":["Supermercado","Dietéticos","Alimentación básica dietética","Azúcares y edulcorantes","HERMESETAS edulcorante de la planta de stevia ideal para cocina envase 125 ml"],"general_information":["Denominación del alimento: Edulcorante de la Planta de Stevia","Nombre del operador: Comercial Masoliver S.A.","Dirección del operador: Calle Puntia, 18 - 17857 Begudà (Girona) España","Lugar de procedencia del alimento: 756 - Suiza","Cantidad Neta: 125 Mililitros"],"ingredients":[" Agua desmineralizada, jarabe de agave, edulcorante: glucósidos de esteviol, conservador: ácido sórbico."],"conservation":" Conservar en un lugar seco.","ean":"7610211149400"},{"full_name":"HERMESETAS GOLD edulcorante aspartamo dosificador 300 comprimidos","name":"edulcorante aspartamo dosificador 300 comprimidos","brand":"HERMESETAS GOLD ","img":"https://sgfm.elcorteingles.es/SGFM/00/65/3/0120732600653/0120732600653000g01011.jpg","price":"4,44 €","price_unit":"(14,80 € / Kilo)","categories":["Supermercado","Dietéticos","Alimentación básica dietética","Azúcares y edulcorantes","HERMESETAS GOLD edulcorante aspartamo dosificador 300 comprimidos"],"general_information":["Denominación del alimento: Edulcorante Aspartamo","Nombre del operador: Comercial Masoliver S.A.","Dirección del operador: Calle Puntia, 18 - 17857 Begudà (Girona) España","Lugar de procedencia del alimento: 756 - Suiza","Cantidad Neta: 22 g"],"ingredients":[" Lactosa, edulcorante: sucralosa, emulgente: CMC reticulada, L-Leucina."],"conservation":" Conservar siempre en un lugar seco.","ean":"7610211120713"},{"full_name":"HERMESETAS GOLD edulcorante aspartamo envase 100 comprimidos","name":"edulcorante aspartamo envase 100 comprimidos","brand":"HERMESETAS GOLD ","img":"https://sgfm.elcorteingles.es/SGFM/dctm/MEDIA02/CONTENIDOS/201411/19/00120732600810____1__600x600.jpg","price":"2,10 €","price_unit":"(21 € / Kilo)","categories":["Supermercado","Dietéticos","Alimentación básica dietética","Azúcares y edulcorantes","HERMESETAS GOLD edulcorante aspartamo envase 100 comprimidos"],"general_information":["Denominación del alimento: Edulcorante Aspartamo","Nombre del operador: Comercial Masoliver S.A.","Dirección del operador: Calle Puntia, 18 - 17857 Begudà (Girona) España","Lugar de procedencia del alimento: 756 - Suiza","Cantidad Neta: 8.25 g"],"ingredients":[" Lactosa, edulcorante: sucralosa, emulgente: CMC reticulada, L-Leucina."],"conservation":" Conservar siempre en un lugar seco.","ean":"7610211120706"},{"full_name":"STESWEET edulcorante líquido Stevia envase 50 ml","name":"edulcorante líquido Stevia envase 50 ml","brand":"STESWEET ","img":"https://sgfm.elcorteingles.es/SGFM/00/08/7/0120733400087/0120733400087000g01011.jpg","price":"9,33 €","price_unit":"(186,60 € / Litro)","categories":["Supermercado","Dietéticos","Alimentación básica dietética","Azúcares y edulcorantes","STESWEET edulcorante líquido Stevia envase 50 ml"],"general_information":["Denominación del alimento: Endulzante a base de plantas","Nombre del operador: STEVIA GERMANY GmbH YBD Co  KG","Dirección del operador: URSULASTR 17 -19 45131 ESSEN (ALEMANIA)","Cantidad Neta: 50 g"],"ingredients":[" agua filtrada, steviolglycosides 25%, ácido málico, sorbato potásico, glicerina vegetal."],"conservation":" Almacenar en lugar fresco y seco.","ean":"4260179255311"},{"full_name":"STESWEET edulcorante Stevia envase 250 tabletas","name":"edulcorante Stevia envase 250 tabletas","brand":"STESWEET ","img":"https://sgfm.elcorteingles.es/SGFM/dctm/MEDIA02/CONTENIDOS/201411/06/00120733300097____1__600x600.jpg","price":"9,50 €","price_unit":"(38 € / Kilo)","categories":["Supermercado","Dietéticos","Alimentación básica dietética","Azúcares y edulcorantes","STESWEET edulcorante Stevia envase 250 tabletas"],"general_information":["Denominación del alimento: Endulzante a base de plantas","Nombre del operador: STESWEET","Dirección del operador: URSULASTR 17-19 45131 ESSEN, GERMANY","Cantidad Neta: 35 g"],"ingredients":[" bicarbonato de sódio, edulcorante glicósidos de steviol (97% rebaudiosido-A)*, l-leucina, celulosa.(*)=De cultivo ecológico."],"conservation":" Almacenar en lugar fresco y seco.","ean":"4260179255007"},{"full_name":"NATURTIERRA fructosa bolsa 800 g","name":"fructosa bolsa 800 g","brand":"NATURTIERRA ","img":"https://sgfm.elcorteingles.es/SGFM//00/08/2/0120733600082/0120733600082000g01011.jpg","price":"4,62 €","price_unit":"(5,78 € / Kilo)","categories":["Supermercado","Dietéticos","Alimentación básica dietética","Azúcares y edulcorantes","NATURTIERRA fructosa bolsa 800 g"],"general_information":[],"ingredients":[],"ean":"8412016280802"},{"full_name":"NATURGREEN edulcorante de mesa a base de Eritritol y Esteviol 0% calorías bote 500 g","name":"edulcorante de mesa a base de Eritritol y Esteviol 0% calorías bote 500 g","brand":"NATURGREEN ","img":"https://sgfm.elcorteingles.es/SGFM/dctm/MEDIA03/201602/09/00120733300212____1__600x600.jpg","price":"13,95 €","categories":["Supermercado","Dietéticos","Alimentación básica dietética","Azúcares y edulcorantes","NATURGREEN edulcorante de mesa a base de Eritritol y Esteviol 0% calorías bote 500 g"],"general_information":["Denominación del alimento: Steviol","Nombre del operador: Laboratorios Almond SL","Dirección del operador: Avda. Cabecicos Blancos, Parcela 18 2.B. Parque empresarial Cabecicos Blancos 30892 - Librilla, Murcia (Spain)","Cantidad Neta: 500 g"],"ingredients":[" Agente de carga: eritritol y edulcorante: glucósidos de esteviol (2.4%). Este producto se fabrica en una planta dónde se manipulan frutos secos, soja y sésamo."],"conservation":" Almacenar en lugar fresco y seco.","ean":"8436542192323"},{"full_name":"NATURGREEN azúcar de abedul edulcorante de mesa a base de Xilitol bajo índice glucémico envase 500 g","name":"azúcar de abedul edulcorante de mesa a base de Xilitol bajo índice glucémico envase 500 g","brand":"NATURGREEN ","img":"https://sgfm.elcorteingles.es/SGFM/dctm/MEDIA02/CONTENIDOS/201502/03/00200348703315____2__600x600.jpg","price":"9,30 €","price_unit":"(1,86 € / 100 gr.)","categories":["Supermercado","Dietéticos","Alimentación básica dietética","Azúcares y edulcorantes","NATURGREEN azúcar de abedul edulcorante de mesa a base de Xilitol bajo índice glucémico envase 500 g"],"general_information":["Denominación del alimento: Edulcorante de mesa a base de xilitol (azúcar de abedul)","Nombre del operador: Mercontrol E.D. S.L","Dirección del operador: Calle Juan de la Cierva, 36, 28823 Coslada, Madrid (España)","Cantidad Neta: 500 g","Otras menciones obligatorias en la etiqueta: 100% Vegetal - Sin Lactosa, Sin gluten, Sin azúcares, Sin huevo, Sin proteína láctea, Bajo indice glucemico, Bajo Contenido de Sodio."],"ingredients":[" Xilitol (azúcar de abedul) (100%). \"Este producto se fabrica en una planta dónde se manipulan frutos secos, soja y sésamo\""],"conservation":" Almacenar en lugar fresco y seco.","ean":"8436542191999"},{"full_name":"DRASANVI azúcar de abedul bolsa 300 g","name":"azúcar de abedul bolsa 300 g","brand":"DRASANVI ","img":"https://sgfm.elcorteingles.es/SGFM/dctm/MEDIA03/201707/05/00120719100164____1__600x600.jpg","price":"7,95 €","categories":["Supermercado","Dietéticos","Alimentación básica dietética","Azúcares y edulcorantes","DRASANVI azúcar de abedul bolsa 300 g"],"general_information":[],"ingredients":[],"ean":"8436044516108"},{"full_name":"DRASANVI azúcar de coco ecológica bolsa 300 g","name":"azúcar de coco ecológica bolsa 300 g","brand":"DRASANVI ","img":"https://sgfm.elcorteingles.es/SGFM/dctm/MEDIA03/201707/05/00120719100156____1__600x600.jpg","price":"5,85 €","categories":["Supermercado","Dietéticos","Alimentación básica dietética","Azúcares y edulcorantes","DRASANVI azúcar de coco ecológica bolsa 300 g"],"general_information":[],"ingredients":[],"ean":"8436044516122"},{"full_name":"SPECIAL LINE germen de trigo bolsa 400 g","name":"germen de trigo bolsa 400 g","brand":"SPECIAL LINE ","img":"https://sgfm.elcorteingles.es/SGFM/00/55/4/0120703400554/0120703400554000g01011.jpg","price":"1,59 €","price_unit":"(3,98 € / Kilo)","categories":["Supermercado","Dietéticos","Alimentación básica dietética","Cereales y semillas","SPECIAL LINE germen de trigo bolsa 400 g"],"general_information":["Denominación del alimento: Germen de trigo","Nombre del operador: El Corte Inglés  S.A","Dirección del operador: C/Hermosilla, 112 -28009 Madrid (Madrid)","Cantidad Neta: 400 g"],"ingredients":[" Germen de trigo. Contiene gluten"],"conservation":" Conservar en ambiente fresco y seco. Una vez abierto mantenga el envase bien cerrado.","ean":"8433329041003"},{"full_name":"SPECIAL LINE salvado de avena bolsa 350 g","name":"salvado de avena bolsa 350 g","brand":"SPECIAL LINE ","img":"https://sgfm.elcorteingles.es/SGFM/dctm/MEDIA02/CONTENIDOS/201409/29/00200303400469____1__600x600.jpg","price":"1,45 €            ","price_unit":"(3,91 € / Kilo)","categories":["Supermercado","Dietéticos","Alimentación básica dietética","Cereales y semillas","SPECIAL LINE salvado de avena bolsa 350 g"],"general_information":["Denominación del alimento: SALVADO DE AVENA","Nombre del operador: Elaborado para el Grupo El Corte Ingles \nHermosilla, 112 \n28009 Madrid - España \npor CIF: A28648053","Cantidad Neta: 350 g","Número de raciones por envase: 35"],"ingredients":[" Ingredientes: Salvado de avena."],"conservation":" Conservar en ambiente fresco y seco. Una vez abierto mantenga el envase bien cerrado.","ean":"8433329031615"},{"full_name":"SPECIAL LINE semillas de chía con alto contenido en fibra y Omega 3 envase 250 g","name":"semillas de chía con alto contenido en fibra y Omega 3 envase 250 g","brand":"SPECIAL LINE ","img":"https://sgfm.elcorteingles.es/SGFM/dctm/MEDIA03/201710/20/00120778400596____1__600x600.jpg","price":"2,19 €","price_unit":"(8,76 € / Kilo)","categories":["Supermercado","Dietéticos","Alimentación básica dietética","Cereales y semillas","SPECIAL LINE semillas de chía con alto contenido en fibra y Omega 3 envase 250 g"],"general_information":["Denominación del alimento: SEMILLAS DE CHÍA\n (Salvia Hispánica)","Nombre del operador: Elaborado para el Grupo El Corte Inglés \nHermosilla, 112 ? 28009 Madrid \nEspaña por NIF: B-80474711","Cantidad Neta: 250 g","Número de raciones por envase: 50"],"ingredients":[],"conservation":" Conservar en lugar fresco y seco.","ean":"8433329031790"},{"full_name":"SPECIAL LINE semillas de lino dorado bolsa 400 g","name":"semillas de lino dorado bolsa 400 g","brand":"SPECIAL LINE ","img":"https://sgfm.elcorteingles.es/SGFM//00/07/7/0120723100077/0120723100077000g01011.jpg","price":"1,95 €","price_unit":"(4,88 € / Kilo)","categories":["Supermercado","Dietéticos","Alimentación básica dietética","Cereales y semillas","SPECIAL LINE semillas de lino dorado bolsa 400 g"],"general_information":["Denominación del alimento: SEMILLAS DE LINO DORADO","Nombre del operador: Elaborado para el Grupo El Corte Ingles \nHermosilla, 112 \n28009 Madrid - España \npor CIF: A28648053","Cantidad Neta: 400 g","Número de raciones por envase: aprox. 9"],"ingredients":[" Ingredientes: Semillas de lino."],"conservation":" Conservar en ambiente fresco y seco. Una vez abierto mantenga el envase bien cerrado.","ean":"8433329031608"},{"full_name":"SPECIAL LINE Bio semillas de girasol ecológicas bolsa 500 g","name":"Bio semillas de girasol ecológicas bolsa 500 g","brand":"SPECIAL LINE ","img":"https://sgfm.elcorteingles.es/SGFM/dctm/MEDIA02/CONTENIDOS/201508/06/00120778400935____1__600x600.jpg","price":"2,60 €","price_unit":"(5,20 € / Kilo)","categories":["Supermercado","Dietéticos","Alimentación básica dietética","Cereales y semillas","SPECIAL LINE Bio semillas de girasol ecológicas bolsa 500 g"],"general_information":["Denominación del alimento: Semillas de girasol procedente de cultivo biológico","Nombre del operador: Elaborado para el Grupo El Corte Inglés \nHermosilla, 112 ? 28009 Madrid \nEspaña por NIF: B-80474711","Lugar de procedencia del alimento: Origen: Moldavia","Cantidad Neta: 500 g","Número de raciones por envase: 50"],"ingredients":[" Ingredientes: Semillas de girasol* (100%)\n(*) De cultivo biológico. Puede contener trazas de gluten, soja, sésamo, mostaza y frutos secos."],"conservation":" Mantener en lugar fresco y seco protegido de la luz solar","ean":"8433329031868"},{"full_name":"SANTIVERI Naturalia copos de sésamo molidos bio envase 250 g","name":"Naturalia copos de sésamo molidos bio envase 250 g","brand":"SANTIVERI ","img":"https://sgfm.elcorteingles.es/SGFM//00/77/8/0120778400778/0120778400778000g01011.jpg","price":"4,11 €","price_unit":"(16,44 € / Kilo)","categories":["Supermercado","Dietéticos","Alimentación básica dietética","Cereales y semillas","SANTIVERI Naturalia copos de sésamo molidos bio envase 250 g"],"general_information":["Denominación del alimento: SEMILLAS DE SÉSAMO BIO","Nombre del operador: CASA SANTIVERI S.L.","Dirección del operador: ENCUNY 8, 08038 BARCELONA","Cantidad Neta: 250 g"],"ingredients":[" semillas de sésamo ecológico"],"ean":"8412170014879"},{"full_name":"SANTIVERI Naturalia mijo pelado ecológico bolsa 250 g","name":"Naturalia mijo pelado ecológico bolsa 250 g","brand":"SANTIVERI ","img":"https://sgfm.elcorteingles.es/SGFM//00/76/0/0120778400760/0120778400760000g01011.jpg","price":"2,05 €","price_unit":"(8,20 € / Kilo)","categories":["Supermercado","Dietéticos","Alimentación básica dietética","Cereales y semillas","SANTIVERI Naturalia mijo pelado ecológico bolsa 250 g"],"general_information":["Denominación del alimento: MIJO PELADO BIO","Nombre del operador: CASA SANTIVERI S.L.","Dirección del operador: ENCUNY 8, 08038 BARCELONA","Cantidad Neta: 250 g"],"ingredients":[" mijo ecológico"],"ean":"8412170014886"},{"full_name":"SANTIVERI Naturalia quinoa en grano ecológica envase 400 g","name":"Naturalia quinoa en grano ecológica envase 400 g","brand":"SANTIVERI ","img":"https://sgfm.elcorteingles.es/SGFM//00/58/8/0120778400588/0120778400588000g01011.jpg","price":"6,15 €","price_unit":"(15,38 € / Kilo)","categories":["Supermercado","Dietéticos","Alimentación básica dietética","Cereales y semillas","SANTIVERI Naturalia quinoa en grano ecológica envase 400 g"],"general_information":["Denominación del alimento: QUINOA BIO","Nombre del operador: CASA SANTIVERI S.L.","Dirección del operador: ENCUNY 8, 08038 BARCELONA","Cantidad Neta: 400 g"],"ingredients":[" quinoa ecológica"],"ean":"8412170019850"},{"full_name":"SANTIVERI Naturalia semillas de soja verde ecológicas envase 500 g","name":"Naturalia semillas de soja verde ecológicas envase 500 g","brand":"SANTIVERI ","img":"https://sgfm.elcorteingles.es/SGFM/00/08/3/0120702900083/0120702900083000g01011.jpg","price":"3,74 €","price_unit":"(7,48 € / Kilo)","categories":["Supermercado","Dietéticos","Alimentación básica dietética","Cereales y semillas","SANTIVERI Naturalia semillas de soja verde ecológicas envase 500 g"],"general_information":["Denominación del alimento: SOJA VERDE BIO (Vigna radiata)","Nombre del operador: CASA SANTIVERI S.L.","Dirección del operador: ENCUNY 8, 08038 BARCELONA","Cantidad Neta: 500 g"],"ingredients":[" SOJA VERDE ECOLÓGICA"],"ean":"8412170021907"},{"full_name":"SANTIVERI Bio trigo sarraceno ecológico bolsa 533 g","name":"Bio trigo sarraceno ecológico bolsa 533 g","brand":"SANTIVERI ","img":"https://sgfm.elcorteingles.es/SGFM/dctm/MEDIA03/201702/03/00120703500130____1__600x600.jpg","price":"2,89 €","price_unit":"(5,42 € / Kilo)","categories":["Supermercado","Dietéticos","Alimentación básica dietética","Cereales y semillas","SANTIVERI Bio trigo sarraceno ecológico bolsa 533 g"],"general_information":["Denominación del alimento: TRIGO SARRACENO BIO","Nombre del operador: CASA SANTIVERI S.L.","Dirección del operador: ENCUNY 8, 08038 BARCELONA","Cantidad Neta: 500 g"],"ingredients":[" TRIGO SARRACENO ECOLÓGICO (100%)"],"ean":"8412170034945"},{"full_name":"SANTIVERI germen de trigo envase 400 g","name":"germen de trigo envase 400 g","brand":"SANTIVERI ","img":"https://sgfm.elcorteingles.es/SGFM/00/04/2/0120703400042/0120703400042000g01011.jpg","price":"3,09 €","price_unit":"(7,72 € / Kilo)","categories":["Supermercado","Dietéticos","Alimentación básica dietética","Cereales y semillas","SANTIVERI germen de trigo envase 400 g"],"general_information":["Denominación del alimento: GERMEN DE TRIGO","Nombre del operador: CASA SANTIVERI S.L.","Dirección del operador: ENCUNY 8, 08038 BARCELONA","Cantidad Neta: 400 g"],"ingredients":[" GERMEN DE TRIGO"],"ean":"8412170001336"},{"full_name":"SANTIVERI Bio Semillas de Chia ecológicas bolsa 265 g","name":"Bio Semillas de Chia ecológicas bolsa 265 g","brand":"SANTIVERI ","img":"https://sgfm.elcorteingles.es/SGFM/dctm/MEDIA03/201702/03/00120703500122____1__600x600.jpg","price":"3,95 €","price_unit":"(14,91 € / Kilo)","categories":["Supermercado","Dietéticos","Alimentación básica dietética","Cereales y semillas","SANTIVERI Bio Semillas de Chia ecológicas bolsa 265 g"],"general_information":["Denominación del alimento: SEMILLAS DE CHIA BIO","Nombre del operador: CASA SANTIVERI S.L.","Dirección del operador: ENCUNY 8, 08038 BARCELONA","Cantidad Neta: 250 g"],"ingredients":[" semillas de chía ecológica (100%)"],"ean":"8412170034938"},{"full_name":"SANTIVERI Vigor semillas de lino envase 250 g","name":"Vigor semillas de lino envase 250 g","brand":"SANTIVERI ","img":"https://sgfm.elcorteingles.es/SGFM/00/02/6/0120702900026/0120702900026000g01011.jpg","price":"2,39 €","price_unit":"(9,56 € / Kilo)","categories":["Supermercado","Dietéticos","Alimentación básica dietética","Cereales y semillas","SANTIVERI Vigor semillas de lino envase 250 g"],"general_information":["Denominación del alimento: SEMILLAS DE LINO","Nombre del operador: CASA SANTIVERI S.L.","Dirección del operador: ENCUNY 8, 08038 BARCELONA","Cantidad Neta: 250 g"],"ingredients":[" semillas de lino"],"ean":"8412170003354"},{"full_name":"SANTIVERI Vigor salvado integral de trigo bolsa 250 g","name":"Vigor salvado integral de trigo bolsa 250 g","brand":"SANTIVERI ","img":"https://sgfm.elcorteingles.es/SGFM/00/06/7/0120703400067/0120703400067000g01011.jpg","price":"2,69 €","price_unit":"(10,76 € / Kilo)","categories":["Supermercado","Dietéticos","Alimentación básica dietética","Cereales y semillas","SANTIVERI Vigor salvado integral de trigo bolsa 250 g"],"general_information":["Denominación del alimento: SALVADO INTEGRAL","Nombre del operador: CASA SANTIVERI S.L.","Dirección del operador: ENCUNY 8, 08038 BARCELONA","Cantidad Neta: 250 g"],"ingredients":[" SALVADO DE TRIGO (90,8%), maíz, extracto de malta de cebada, aroma"],"ean":"8412170010680"},{"full_name":"SANTIVERI salvado de avena fibra soluble bolsa 250 g","name":"salvado de avena fibra soluble bolsa 250 g","brand":"SANTIVERI ","img":"https://sgfm.elcorteingles.es/SGFM/00/42/2/0120703400422/0120703400422000g01011.jpg","price":"1,79 €","price_unit":"(7,16 € / Kilo)","categories":["Supermercado","Dietéticos","Alimentación básica dietética","Cereales y semillas","SANTIVERI salvado de avena fibra soluble bolsa 250 g"],"general_information":["Denominación del alimento: SALVADO DE AVENA BOLSA BIO","Nombre del operador: CASA SANTIVERI S.L.","Dirección del operador: ENCUNY 8, 08038 BARCELONA","Cantidad Neta: 250 g"],"ingredients":[" salvado de avena ecológica"],"ean":"8412170029828"},{"full_name":"SANTIVERI salvado de trigo fino con alto contenido en fibra 24% bolsa 350 g","name":"salvado de trigo fino con alto contenido en fibra 24% bolsa 350 g","brand":"SANTIVERI ","img":"https://sgfm.elcorteingles.es/SGFM/00/22/4/0120703400224/0120703400224000g01011.jpg","price":"1,89 €","price_unit":"(5,40 € / Kilo)","categories":["Supermercado","Dietéticos","Alimentación básica dietética","Cereales y semillas","SANTIVERI salvado de trigo fino con alto contenido en fibra 24% bolsa 350 g"],"general_information":["Denominación del alimento: SALVADO DE TRIGO FINO","Nombre del operador: CASA SANTIVERI S.L.","Dirección del operador: ENCUNY 8, 08038 BARCELONA","Cantidad Neta: 350 g"],"ingredients":[" salvado de trigo fino"],"ean":"8412170013216"},{"full_name":"SANTIVERI salvado de trigo bolsa 150 g","name":"salvado de trigo bolsa 150 g","brand":"SANTIVERI ","img":"https://sgfm.elcorteingles.es/SGFM/dctm/MEDIA02/CONTENIDOS/201411/14/00120703400026____2__600x600.jpg","price":"1,25 €","price_unit":"(8,33 € / Kilo)","categories":["Supermercado","Dietéticos","Alimentación básica dietética","Cereales y semillas","SANTIVERI salvado de trigo bolsa 150 g"],"general_information":["Denominación del alimento: SALVADO DE TRIGO","Nombre del operador: CASA SANTIVERI S.L.","Dirección del operador: ENCUNY 8, 08038 BARCELONA","Cantidad Neta: 150 g"],"ingredients":[" SALVADO DE TRIGO"],"ean":"8412170002685"},{"full_name":"SORIA NATURAL salvado de avena micronizado ecológico envase 250 g","name":"salvado de avena micronizado ecológico envase 250 g","brand":"SORIA NATURAL ","img":"https://sgfm.elcorteingles.es/SGFM//00/82/8/0120778400828/0120778400828000g01011.jpg","price":"2,59 €","price_unit":"(10,36 € / Kilo)","categories":["Supermercado","Dietéticos","Alimentación básica dietética","Cereales y semillas","SORIA NATURAL salvado de avena micronizado ecológico envase 250 g"],"general_information":["Denominación del alimento: Salvado de Avena Micronizado","País de origen: España","Nombre del operador: Soria Natural S.A.","Dirección del operador: Poligono La Sacea,s/n -42162 Garray (Soria)","Lugar de procedencia del alimento: España","Cantidad Neta: 250 g","Otras menciones obligatorias en la etiqueta: No contiene conservantes"],"ingredients":[" Salvado de Avena* 100%.*Procedente de Agricultura Ecológica.Puede contener trazas de derivados lácteos y de frutos de cáscara."],"conservation":" Conservar en lugar seco y fresco","ean":"8422947540401"},{"full_name":"NATURGREEN semillas de chía ecológicas envase 500 g","name":"semillas de chía ecológicas envase 500 g","brand":"NATURGREEN ","img":"https://sgfm.elcorteingles.es/SGFM/dctm/MEDIA03/201704/10/00120752100501____1__600x600.jpg","price":"7,64 €            ","price_unit":"(15,18 € / Kilo)","categories":["Supermercado","Dietéticos","Alimentación básica dietética","Cereales y semillas","NATURGREEN semillas de chía ecológicas envase 500 g"],"general_information":["Denominación del alimento: Semilla de Chía Bio","Nombre del operador: Laboratorios Almond SL","Dirección del operador: Avda. Cabecicos Blancos, Parcela 18 2.B. Parque empresarial Cabecicos Blancos 30892 - Librilla, Murcia (Spain)","Cantidad Neta: 500 g","Otras menciones obligatorias en la etiqueta: Ingredientes procedentes de la agricultura ecológica"],"ingredients":[" Semillas de Chía (Salvia hispanica) (100%). Este producto se fabrica en una planta donde se manipulan frutos secos, soja y sésamo."],"conservation":" Conservar en lugar fresco y seco.","ean":"8436542193290"},{"full_name":"NATURGREEN semillas de cáñamo ecológicas envase 200 g","name":"semillas de cáñamo ecológicas envase 200 g","brand":"NATURGREEN ","img":"https://sgfm.elcorteingles.es/SGFM/dctm/MEDIA03/201710/20/00120778400471____2__600x600.jpg","price":"5,69 €","price_unit":"(28,45 € / Kilo)","categories":["Supermercado","Dietéticos","Alimentación básica dietética","Cereales y semillas","NATURGREEN semillas de cáñamo ecológicas envase 200 g"],"general_information":["Denominación del alimento: Semillas de Cañamo","Nombre del operador: Laboratorios Almond SL","Dirección del operador: Avda. Cabecicos Blancos, Parcela 18 2.B. Parque empresarial Cabecicos Blancos 30892 - Librilla, Murcia (Spain)","Cantidad Neta: 200 g","Peso neto escurrido: 200 g","Otras menciones obligatorias en la etiqueta: Ingredientes procedentes de agricultura ecológica"],"ingredients":[" Semillas peladas de cáñamo (100%). Este producto puede contener frutos secos, soja y sésamo."],"conservation":" Almacenar en lugar fresco y seco, preferentemente protegido del aire y de la luz.","ean":"8436542190732"},{"full_name":"NATURGREEN semillas de chía ecológicas ricas en Omega 3 250 g","name":"semillas de chía ecológicas ricas en Omega 3  250 g","brand":"NATURGREEN ","img":"https://sgfm.elcorteingles.es/SGFM/dctm/MEDIA03/201702/23/00120778401065____1__600x600.jpg","price":"4,37 €","categories":["Supermercado","Dietéticos","Alimentación básica dietética","Cereales y semillas","NATURGREEN semillas de chía ecológicas ricas en Omega 3 250 g"],"general_information":["Denominación del alimento: Semilla de Chía Bio","Nombre del operador: Laboratorios Almond SL","Dirección del operador: Avda. Cabecicos Blancos, Parcela 18 2.B. Parque empresarial Cabecicos Blancos 30892 - Librilla, Murcia (Spain)","Cantidad Neta: 250 g","Otras menciones obligatorias en la etiqueta: Ingredientes procedentes de la agricultura ecológica"],"ingredients":[" Semillas de Chía (Salvia hispanica) (100%)."],"conservation":" Conservar en lugar fresco y seco.","ean":"8436542193283"},{"full_name":"NATURGREEN salvado de avena ecológico sin gluten bolsa 400 g","name":"salvado de avena ecológico sin gluten bolsa 400 g","brand":"NATURGREEN ","img":"https://sgfm.elcorteingles.es/SGFM/dctm/MEDIA03/201709/04/00120778401156____1__600x600.jpg","price":"3,49 €","price_unit":"(8,72 € / Kilo)","categories":["Supermercado","Dietéticos","Alimentación básica dietética","Cereales y semillas","NATURGREEN salvado de avena ecológico sin gluten bolsa 400 g"],"general_information":[],"ingredients":[],"ean":"8436542193689"},{"full_name":"HIJAS DEL SOL proteína de soja texturizada bolsa 300 g","name":"proteína de soja texturizada bolsa 300 g","brand":"HIJAS DEL SOL ","img":"https://sgfm.elcorteingles.es/SGFM//00/28/1/0120751900281/0120751900281000g01011.jpg","price":"1,95 €","price_unit":"(6,50 € / Kilo)","categories":["Supermercado","Dietéticos","Alimentación básica dietética","Cereales y semillas","HIJAS DEL SOL proteína de soja texturizada bolsa 300 g"],"general_information":[],"ingredients":[],"ean":"8412016313005"},{"full_name":"NATURTIERRA salvado de avena envase 350 g","name":"salvado de avena envase 350 g","brand":"NATURTIERRA ","img":"https://sgfm.elcorteingles.es/SGFM/dctm/MEDIA03/201605/18/00120703400562____1__600x600.jpg","price":"3,01 €","price_unit":"(8,60 € / Kilo)","categories":["Supermercado","Dietéticos","Alimentación básica dietética","Cereales y semillas","NATURTIERRA salvado de avena envase 350 g"],"general_information":["Denominación del alimento: Salvado de Avena","Nombre del operador: Ynsadiet S.A.","Dirección del operador: Isaac Peral, 3 ? Pol. Ind. Ntra. Sra. de Butarque. 28914 Leganés (Madrid).","Cantidad Neta: 350 g","Otras menciones obligatorias en la etiqueta: ?Envasado en Atmósfera Protectora?"],"ingredients":[" Salvado de Avena (100%). Alérgenos: Contiene gluten."],"conservation":" Ambiente seco y fresco. Una vez abierto mantener el envase bien cerrado.","ean":"8412016350475"},{"full_name":"HIJAS DEL SOL salvado de avena crujiente bolsa 250 g","name":"salvado de avena crujiente bolsa 250 g","brand":"HIJAS DEL SOL ","img":"https://sgfm.elcorteingles.es/SGFM/00/39/8/0120703400398/0120703400398000g01011.jpg","price":"3,69 €            ","price_unit":"(14 € / Kilo)","categories":["Supermercado","Dietéticos","Alimentación básica dietética","Cereales y semillas","HIJAS DEL SOL salvado de avena crujiente bolsa 250 g"],"general_information":[],"ingredients":[],"ean":"8412016359072"},{"full_name":"NATURTIERRA El Clérigo salvado de avena crujiente envase 250 g","name":"El Clérigo salvado de avena crujiente envase 250 g","brand":"NATURTIERRA ","img":"https://sgfm.elcorteingles.es/SGFM/dctm/MEDIA03/201706/07/00120703400570____1__600x600.jpg","price":"2,90 €","price_unit":"(11,60 € / Kilo)","categories":["Supermercado","Dietéticos","Alimentación básica dietética","Cereales y semillas","NATURTIERRA El Clérigo salvado de avena crujiente envase 250 g"],"general_information":["Denominación del alimento: Salvado de Avena Crujiente","Nombre del operador: Ynsadiet S.A.","Dirección del operador: Isaac Peral, 3 ? Pol. Ind. Ntra. Sra. de Butarque. 28914 Leganés (Madrid).","Cantidad Neta: 250 g","Otras menciones obligatorias en la etiqueta: ?Envasado en Atmosfera protectora?."],"ingredients":[" Salvado de Avena (45%), Harina de Trigo, Azúcar, Harina de Maíz, Harina de Trigo malteada, Sal, Jarabe de melaza. Alérgenos: Contiene gluten. Puede contener trazas de leche y derivados lácteos, huevos y derivados, y soja y derivados de soja."],"conservation":" Ambiente seco y fresco. Una vez abierto el envase, manténgase bien cerrado.","ean":"8412016359065"},{"full_name":"LINWOODS semillas de lino, nueces, almendras, nueces de Brasil y coenzima Q10 envase 200 g molidas en frío","name":"semillas de lino, nueces, almendras, nueces de Brasil y coenzima Q10 envase 200 g","brand":"LINWOODS ","img":"https://sgfm.elcorteingles.es/SGFM/dctm/MEDIA03/201705/18/00120778400687____1__600x600.jpg","price":"6,95 €","price_unit":"(34,75 € / Kilo)","categories":["Supermercado","Dietéticos","Alimentación básica dietética","Cereales y semillas","LINWOODS semillas de lino, nueces, almendras, nueces de Brasil y coenzima Q10 envase 200 g molidas en frío"],"general_information":["Denominación del alimento: Semillas de Lino, Nueces, Almendras, Nueces de Brasil y Cq10","Nombre del operador: JOHN WOODS (LISGLYN) LTD","Dirección del operador: 190 MONAGHAN RD. ARMAGH (IRELAND) BT60 4EZ (REINO UNIDO)","Cantidad Neta: 200 g"],"ingredients":[" 69% semillas de lino, 10% almendras, 10 %nueces de brasil, 10% nueces, 1% almidón de maíz (antiapelmazante), coenzima Q10."],"conservation":" Una vez abierto, mantener refrigerado y consumir en 45 días.","ean":"5016887004036"},{"full_name":"LINWOODS semillas de lino con girasol, calabaza, sésamo y bayas de Goji ecológicas envase 425 g molidas en frío","name":"semillas de lino con girasol, calabaza, sésamo y bayas de Goji ecológicas envase 425 g","brand":"LINWOODS ","img":"https://sgfm.elcorteingles.es/SGFM/dctm/MEDIA03/201706/15/00120778400810____1__600x600.jpg","price":"9,29 €","price_unit":"(21,86 € / Kilo)","categories":["Supermercado","Dietéticos","Alimentación básica dietética","Cereales y semillas","LINWOODS semillas de lino con girasol, calabaza, sésamo y bayas de Goji ecológicas envase 425 g molidas en frío"],"general_information":["Denominación del alimento: Semillas de lino, Girasol, Calabaza, Sésamo y Bayas de Goji","Nombre del operador: JOHN WOODS (LISGLYN) LTD","Dirección del operador: 190 MONAGHAN RD. ARMAGH (IRELAND) BT60 4EZ (REINO UNIDO)","Cantidad Neta: 425 g"],"ingredients":[" 43,5% semillas de lino*, 15 % semillas de calabaza*, 15 % semillas de girasol*, 12,5 % semillas de sésamo*, 12,5 % bayas de goji, 1 % almidón de maíz (antipelmazante).(*)=De cultivo ecológico."],"conservation":" Una vez abierto, mantener refrigerado y consumir en 45 días.","ean":"5016887003060"},{"full_name":"LINWOODS semillas de lino, girasol, calabaza, sésamo y bayas de Goji molidas en frío envase 200 g","name":"semillas de lino, girasol, calabaza, sésamo y bayas de Goji molidas en frío envase 200 g","brand":"LINWOODS ","img":"https://sgfm.elcorteingles.es/SGFM/dctm/MEDIA03/201705/18/00120778400679____1__600x600.jpg","price":"5,66 €","price_unit":"(28,30 € / Kilo)","categories":["Supermercado","Dietéticos","Alimentación básica dietética","Cereales y semillas","LINWOODS semillas de lino, girasol, calabaza, sésamo y bayas de Goji molidas en frío envase 200 g"],"general_information":["Denominación del alimento: Semillas de Lino, Girasol, Calabaza, Sésamo y Bayas de Goji","Nombre del operador: JOHN WOODS (LISGLYN) LTD","Dirección del operador: 190 MONAGHAN RD. ARMAGH (IRELAND) BT60 4EZ (REINO UNIDO)","Cantidad Neta: 200 g"],"ingredients":[" 43,5% semillas de lino*, 15 % semillas de calabaza*, 15 % semillas de girasol*, 12,5 % semillas de sésamo*, 12,5 % bayas de goji, 1 % almidón de maíz (antipelmazante).86% de ingredientes provienen de agricultura ecologica.(*)=De cultivo ecológico."],"conservation":" Una vez abierto, mantener refrigerado y consumir en 45 días.","ean":"5016887004029"},{"full_name":"LINWOODS semillas de lino con girasol y calabaza ecológicas envase 200 g","name":"semillas de lino con girasol y calabaza ecológicas envase 200 g","brand":"LINWOODS ","img":"https://sgfm.elcorteingles.es/SGFM//00/69/5/0120778400695/0120778400695000g01011.jpg","price":"5,71 €","price_unit":"(28,55 € / Kilo)","categories":["Supermercado","Dietéticos","Alimentación básica dietética","Cereales y semillas","LINWOODS semillas de lino con girasol y calabaza ecológicas envase 200 g"],"general_information":["Denominación del alimento: Semillas de Lino, Girasol y Calabaza","Nombre del operador: JOHN WOODS (LISGLYN) LTD","Dirección del operador: 190 MONAGHAN RD. ARMAGH (IRELAND) BT60 4EZ (REINO UNIDO)","Cantidad Neta: 200 g"],"ingredients":[" 50 % semillas de lino*, 25 % semillas de calabaza*, 25 % semillas de girasol*.(*)=De cultivo ecológico."],"conservation":" Una vez abierto, mantener refrigerado y consumir en 45 días.","ean":"5016887003657"},{"full_name":"LINWOODS semillas de lino molidas fuente de Omega 3 ecológicas envase 425 g","name":"semillas de lino molidas fuente de Omega 3 ecológicas envase 425 g","brand":"LINWOODS ","img":"https://sgfm.elcorteingles.es/SGFM/dctm/MEDIA03/201706/15/00120778400232____1__600x600.jpg","price":"8,95 €","categories":["Supermercado","Dietéticos","Alimentación básica dietética","Cereales y semillas","LINWOODS semillas de lino molidas fuente de Omega 3 ecológicas envase 425 g"],"general_information":["Denominación del alimento: Semillas de lino","Nombre del operador: JOHN WOODS (LISGLYN) LTD","Dirección del operador: 190 MONAGHAN RD. ARMAGH (IRELAND) BT60 4EZ (REINO UNIDO)","Cantidad Neta: 425 g"],"ingredients":[" semillas de lino*. No contiene levadura. Apta para vegetarianos.(*)=De cultivo ecológico."],"conservation":" Una vez abierto, mantener refrigerado y consumir en 45 días.","ean":"5016887003503"},{"full_name":"LINWOODS semillas de lino molidas en frío fuente de Omega 3 ecológicas envase 200 g","name":"semillas de lino molidas en frío fuente de Omega 3 ecológicas envase 200 g","brand":"LINWOODS ","img":"https://sgfm.elcorteingles.es/SGFM/dctm/MEDIA03/201705/18/00120778400661____1__600x600.jpg","price":"5,00 €","price_unit":"(25 € / Kilo)","categories":["Supermercado","Dietéticos","Alimentación básica dietética","Cereales y semillas","LINWOODS semillas de lino molidas en frío fuente de Omega 3 ecológicas envase 200 g"],"general_information":["Denominación del alimento: Semillas de lino","Nombre del operador: JOHN WOODS (LISGLYN) LTD","Dirección del operador: 190 MONAGHAN RD. ARMAGH (IRELAND) BT60 4EZ (REINO UNIDO)","Cantidad Neta: 200 g"],"ingredients":[" semillas de lino*.(*)=De cultivo ecológico."],"conservation":" Una vez abierto, mantener refrigerado y consumir en 45 días.","ean":"5016887003893"},{"full_name":"LINWOODS semillas de lino y bayas de Goji molidas en frío envase 200 g","name":"semillas de lino y bayas de Goji molidas en frío envase 200 g","brand":"LINWOODS ","img":"https://sgfm.elcorteingles.es/SGFM/dctm/MEDIA03/201705/18/00120778400653____1__600x600.jpg","price":"5,25 €","price_unit":"(26,25 € / Kilo)","categories":["Supermercado","Dietéticos","Alimentación básica dietética","Cereales y semillas","LINWOODS semillas de lino y bayas de Goji molidas en frío envase 200 g"],"general_information":["Denominación del alimento: Semillas de lino y Bayas de Goji","Nombre del operador: JOHN WOODS (LISGLYN) LTD","Dirección del operador: 190 MONAGHAN RD. ARMAGH (IRELAND) BT60 4EZ (REINO UNIDO)","Cantidad Neta: 200 g"],"ingredients":[" 84 % semilla de lino*, 15% bayas de goji, 1% almidon de maíz (antapelmazante).(*)=De cultivo ecológico."],"conservation":" Una vez abierto, mantener refrigerado y consumir en 45 días.","ean":"5016887003640"},{"full_name":"LINWOODS semillas de lino y chía con manzana y canela molidas en frío envase 200 g","name":"semillas de lino y chía con manzana y canela molidas en frío envase 200 g","brand":"LINWOODS ","img":"https://sgfm.elcorteingles.es/SGFM/dctm/MEDIA02/CONTENIDOS/201511/11/00120778400943____1__600x600.jpg","price":"7,33 €","price_unit":"(36,65 € / Kilo)","categories":["Supermercado","Dietéticos","Alimentación básica dietética","Cereales y semillas","LINWOODS semillas de lino y chía con manzana y canela molidas en frío envase 200 g"],"general_information":["Denominación del alimento: semillas de lino","Nombre del operador: JOHN WOODS (LISGLYN) LTD","Dirección del operador: 190 MONAGHAN RD. ARMAGH (IRELAND) BT60 4EZ (REINO UNIDO)","Cantidad Neta: 200 g"],"ingredients":[" 78% semillas de lino*, 10% semillas de chía (Salvia hispanica), 6% canela, 6% manzana liofilizada y en polvo.(*)=De cultivo ecológico."],"conservation":" Almacenar en un lugar fresco y seco.","ean":"5016887003817"},{"full_name":"LINWOODS semillas de lino, cacao y frutas del bosque molidas en frío envase 360 g","name":"semillas de lino, cacao y frutas del bosque molidas en frío envase 360 g","brand":"LINWOODS ","img":"https://sgfm.elcorteingles.es/SGFM/dctm/MEDIA03/201706/15/00200323100040____1__600x600.jpg","price":"10,95 €","price_unit":"(30,42 € / Kilo)","categories":["Supermercado","Dietéticos","Alimentación básica dietética","Cereales y semillas","LINWOODS semillas de lino, cacao y frutas del bosque molidas en frío envase 360 g"],"general_information":["Denominación del alimento: Semillas de Lino, Cacao y Frutas del bosque","Nombre del operador: LINWOODS","Dirección del operador: 190 MONAGHAN ROAD, ARMAGH, NORTHERN IRELAND BT60 4EZ","Cantidad Neta: 360 g"],"ingredients":[" semillas de lino* 86%, cacao bajo en grasa 10%, arándanos y fresas liofilizados.(*)=De cultivo ecológico."],"conservation":" Una vez abierto, mantener refrigerado y consumir en 45 días.","ean":"5016887003350"},{"full_name":"YNSADIET Hijas del Sol mezclas de semillas ecológicas envase 350 g","name":"Hijas del Sol mezclas de semillas ecológicas envase 350 g","brand":"YNSADIET ","img":"https://sgfm.elcorteingles.es/SGFM/dctm/MEDIA03/201710/20/00120778400349____1__600x600.jpg","price":"2,79 €","price_unit":"(7,97 € / Kilo)","categories":["Supermercado","Dietéticos","Alimentación básica dietética","Cereales y semillas","YNSADIET Hijas del Sol mezclas de semillas ecológicas envase 350 g"],"general_information":[],"ingredients":[],"ean":"8412016360030"},{"full_name":"YNSADIET Hijas del Sol semillas de mijo pelado ecológicas envase 350 g","name":"Hijas del Sol semillas de mijo pelado ecológicas envase 350 g","brand":"YNSADIET ","img":"https://sgfm.elcorteingles.es/SGFM/dctm/MEDIA03/201710/20/00120778400356____1__600x600.jpg","price":"1,95 €","price_unit":"(5,57 € / Kilo)","categories":["Supermercado","Dietéticos","Alimentación básica dietética","Cereales y semillas","YNSADIET Hijas del Sol semillas de mijo pelado ecológicas envase 350 g"],"general_information":[],"ingredients":[],"ean":"8412016359935"},{"full_name":"YNSADIET semillas de girasol ecológicas envase 350 g","name":"semillas de girasol ecológicas envase 350 g","brand":"YNSADIET ","img":"https://sgfm.elcorteingles.es/SGFM/00/32/3/0120778400323/0120778400323000g01011.jpg","price":"2,45 €","price_unit":"(7 € / Kilo)","categories":["Supermercado","Dietéticos","Alimentación básica dietética","Cereales y semillas","YNSADIET semillas de girasol ecológicas envase 350 g"],"general_information":[],"ingredients":[],"ean":"8412016359973"},{"full_name":"YNSADIET semillas de sésamo natural ecológicas envase 350 g","name":"semillas de sésamo natural ecológicas envase 350 g","brand":"YNSADIET ","img":"https://sgfm.elcorteingles.es/SGFM/00/30/7/0120778400307/0120778400307000g01011.jpg","price":"3,29 €","price_unit":"(9,40 € / Kilo)","categories":["Supermercado","Dietéticos","Alimentación básica dietética","Cereales y semillas","YNSADIET semillas de sésamo natural ecológicas envase 350 g"],"general_information":[],"ingredients":[],"ean":"8412016359980"},{"full_name":"YNSADIET semillas de sésamo tostado ecológicas envase 350 g","name":"semillas de sésamo tostado ecológicas envase 350 g","brand":"YNSADIET ","img":"https://sgfm.elcorteingles.es/SGFM/00/33/1/0120778400331/0120778400331000g01011.jpg","price":"3,69 €","price_unit":"(10,54 € / Kilo)","categories":["Supermercado","Dietéticos","Alimentación básica dietética","Cereales y semillas","YNSADIET semillas de sésamo tostado ecológicas envase 350 g"],"general_information":[],"ingredients":[],"ean":"8412016360009"},{"full_name":"YNSADIET Hijas del sol semillas de chía ecológicas bolsa 350 g","name":"Hijas del sol semillas de chía ecológicas bolsa 350 g","brand":"YNSADIET ","img":"https://sgfm.elcorteingles.es/SGFM/dctm/MEDIA03/201707/20/00120778401081____1__600x600.jpg","price":"4,03 €","price_unit":"(11,51 € / Kilo)","categories":["Supermercado","Dietéticos","Alimentación básica dietética","Cereales y semillas","YNSADIET Hijas del sol semillas de chía ecológicas bolsa 350 g"],"general_information":[],"ingredients":[],"ean":"8412016366476"},{"full_name":"BIOCOP quinoa real biológica en grano envase 500 g","name":"quinoa real biológica en grano envase 500 g","brand":"BIOCOP ","img":"https://sgfm.elcorteingles.es/SGFM/dctm/MEDIA03/201702/01/00120778400745____1__600x600.jpg","price":"4,99 €","price_unit":"(9,98 € / Kilo)","categories":["Supermercado","Dietéticos","Alimentación básica dietética","Cereales y semillas","BIOCOP quinoa real biológica en grano envase 500 g"],"general_information":["Denominación del alimento: Quinoa","Nombre del operador: Biocop Productos Biológicos, S.A.","Dirección del operador: C/Puigmal 3 - 08185 Lliçà de Vall (Barcelona)","Cantidad Neta: 500 g","Otras menciones obligatorias en la etiqueta: Envasado en atmósfera protectora"],"ingredients":[" 100% quinoa*. Puede contener trazas de sésamo, soja, gluten y frutos secos."],"conservation":" Mantener en lugar fresco y seco","ean":"8423903014356"},{"full_name":"BIOCOP semillas de girasol biológicas peladas envase 250 g","name":"semillas de girasol biológicas peladas envase 250 g","brand":"BIOCOP ","img":"https://sgfm.elcorteingles.es/SGFM//00/78/6/0120778400786/0120778400786000g01011.jpg","price":"1,49 €","price_unit":"(5,96 € / Kilo)","categories":["Supermercado","Dietéticos","Alimentación básica dietética","Cereales y semillas","BIOCOP semillas de girasol biológicas peladas envase 250 g"],"general_information":["Denominación del alimento: Semillas de girasol","Nombre del operador: Biocop Productos Biológicos, S.A.","Dirección del operador: C/Puigmal 3 - 08185 Lliçà de Vall (Barcelona)","Cantidad Neta: 250 g","Otras menciones obligatorias en la etiqueta: Envasado en atmósfera protectora"],"ingredients":[" 100% semillas girasol pelado*. *De agricultura biológica. Puede contener trazas de sésamo, soja, gluten y frutos secos."],"conservation":" Mantener en lugar fresco y seco","ean":"8423903004012"},{"full_name":"BIOCOP sésamo biológico tostado bolsa 250 g","name":"sésamo biológico tostado bolsa 250 g","brand":"BIOCOP ","img":"https://sgfm.elcorteingles.es/SGFM/dctm/MEDIA03/201702/01/00120778400174____1__600x600.jpg","price":"2,79 €","price_unit":"(11,16 € / Kilo)","categories":["Supermercado","Dietéticos","Alimentación básica dietética","Cereales y semillas","BIOCOP sésamo biológico tostado bolsa 250 g"],"general_information":["Denominación del alimento: Sésamo tostado","Nombre del operador: Biocop Productos Biológicos, S.A.","Dirección del operador: C/Puigmal 3 - 08185 Lliçà de Vall (Barcelona)","Cantidad Neta: 250 g","Otras menciones obligatorias en la etiqueta: Envasado en atmósfera protectora"],"ingredients":[" 100% sésamo tostado*.*De agricultura biológica. Puede contener trazas de soja, gluten y frutos secos."],"conservation":" Mantener en lugar fresco y seco","ean":"8423903000250"},{"full_name":"BIOCOP sésamo crudo biológico (sin tostar) envase 250 g","name":"sésamo crudo biológico (sin tostar) envase 250 g","brand":"BIOCOP ","img":"https://sgfm.elcorteingles.es/SGFM/dctm/MEDIA03/201702/01/00120778400794____1__600x600.jpg","price":"2,09 €","price_unit":"(8,36 € / Kilo)","categories":["Supermercado","Dietéticos","Alimentación básica dietética","Cereales y semillas","BIOCOP sésamo crudo biológico (sin tostar) envase 250 g"],"general_information":["Denominación del alimento: Sésamo crudo","Nombre del operador: Biocop Productos Biológicos, S.A.","Dirección del operador: C/Puigmal 3 - 08185 Lliçà de Vall (Barcelona)","Cantidad Neta: 250 g","Otras menciones obligatorias en la etiqueta: Envasado en atmósfera protectora"],"ingredients":[" 100% sésamo crudo*.*De agricultura biológica. Puede contener trazas de soja, gluten y frutos secos."],"conservation":" Mantener en lugar fresco y seco","ean":"8423903017227"},{"full_name":"BIOCOP trigo sarraceno biológico envase 500 g","name":"trigo sarraceno biológico envase 500 g","brand":"BIOCOP ","img":"https://sgfm.elcorteingles.es/SGFM/00/15/8/0120778400158/0120778400158000g01011.jpg","price":"2,50 €","price_unit":"(5 € / Kilo)","categories":["Supermercado","Dietéticos","Alimentación básica dietética","Cereales y semillas","BIOCOP trigo sarraceno biológico envase 500 g"],"general_information":["Denominación del alimento: Trigo sarraceno","Nombre del operador: Biocop Productos Biológicos, S.A.","Dirección del operador: C/Puigmal 3 - 08185 Lliçà de Vall (Barcelona)","Cantidad Neta: 500 g","Otras menciones obligatorias en la etiqueta: Envasado en atmósfera protectora"],"ingredients":[" 100% trigo sarraceno*.*De agricultura biológica. Puede contener trazas de sésamo, soja, gluten y frutos secos."],"conservation":" Mantener en lugar fresco y seco","ean":"8423903002155"},{"full_name":"EL GRANERO INTEGRAL Natur salvado de avena envase 500 g","name":"Natur salvado de avena envase 500 g","brand":"EL GRANERO INTEGRAL ","img":"https://sgfm.elcorteingles.es/SGFM/dctm/MEDIA03/201705/18/00120703400380____1__600x600.jpg","price":"2,35 €","price_unit":"(4,70 € / Kilo)","categories":["Supermercado","Dietéticos","Alimentación básica dietética","Cereales y semillas","EL GRANERO INTEGRAL Natur salvado de avena envase 500 g"],"general_information":["Denominación del alimento: Salvado de avena","Nombre del operador: BIOGRAN  S L","Dirección del operador: AVDA. DOÑA MARIA GARCINI, 16 - POL. IND. 28860 PARACUELLOS DE JARAMA","Cantidad Neta: 500 g"],"ingredients":[" salvado de avena. Contiene gluten. Puede contener trazas de soja, sésamo y frutos secos."],"conservation":" Mantener en lugar fresco y seco.","ean":"8422584019124"},{"full_name":"EL GRANERO INTEGRAL Bio salvado de avena fino ecológico envase 500 g","name":"Bio salvado de avena fino ecológico envase 500 g","brand":"EL GRANERO INTEGRAL ","img":"https://sgfm.elcorteingles.es/SGFM/dctm/MEDIA03/201706/15/00120778400869____6__600x600.jpg","price":"2,80 €","price_unit":"(5,60 € / Kilo)","categories":["Supermercado","Dietéticos","Alimentación básica dietética","Cereales y semillas","EL GRANERO INTEGRAL Bio salvado de avena fino ecológico envase 500 g"],"general_information":["Denominación del alimento: Salvado de avena","Nombre del operador: BIOGRAN  S L","Dirección del operador: AVDA. DOÑA MARIA GARCINI, 16 - POL. IND. 28860 PARACUELLOS DE JARAMA","Cantidad Neta: 500 g"],"ingredients":[" salvado de avena fino*. Contiene gluten. Puede contener trazas de soja, sésamo y frutos secos(*)=De cultivo ecológico."],"conservation":" Mantener en lugar fresco y seco.","ean":"8422584048728"},{"full_name":"EL GRANERO INTEGRAL Bio copos de teff de cultivo ecológico envase 250 g","name":"Bio copos de teff de cultivo ecológico envase 250 g","brand":"EL GRANERO INTEGRAL ","img":"https://sgfm.elcorteingles.es/SGFM/dctm/MEDIA03/201705/12/00120703500163____1__600x600.jpg","price":"4,00 €","price_unit":"(16 € / Kilo)","categories":["Supermercado","Dietéticos","Alimentación básica dietética","Cereales y semillas","EL GRANERO INTEGRAL Bio copos de teff de cultivo ecológico envase 250 g"],"general_information":[],"ingredients":[],"ean":"8422584030839"},{"full_name":"EL GRANERO INTEGRAL Bio gluten de trigo de cultivo ecológico envase 500 g","name":"Bio gluten de trigo de cultivo ecológico envase 500 g","brand":"EL GRANERO INTEGRAL ","img":"https://sgfm.elcorteingles.es/SGFM/dctm/MEDIA03/201706/02/00120778401073____1__600x600.jpg","price":"7,75 €","price_unit":"(15,50 € / Kilo)","categories":["Supermercado","Dietéticos","Alimentación básica dietética","Cereales y semillas","EL GRANERO INTEGRAL Bio gluten de trigo de cultivo ecológico envase 500 g"],"general_information":["Denominación del alimento: Gluten de trigo","Nombre del operador: BIOGRAN  S L","Dirección del operador: Avda. Doña María Garcini, 16 - P. Ind. 28860 Paracuellos de Jarama","Cantidad Neta: 500 g"],"ingredients":[" gluten de trigo*. Contiene gluten. Puede contner trazas de sésamo, soja y frutos secos.(*)=De cultivo ecológico."],"conservation":" Conservar a temperatura ambiente, en un lugar fresco y seco protegido de la luz.","ean":"8422584018509"},{"full_name":"QUINUA REAL grano de quinoa real sin gluten 100% vegetal ecológico envase 500 g","name":"grano de quinoa real sin gluten 100% vegetal ecológico envase 500 g","brand":"QUINUA REAL ","img":"https://sgfm.elcorteingles.es/SGFM//00/75/2/0120778400752/0120778400752000g01011.jpg","price":"4,65 €","price_unit":"(9,30 € / Kilo)","categories":["Supermercado","Dietéticos","Alimentación básica dietética","Cereales y semillas","QUINUA REAL grano de quinoa real sin gluten 100% vegetal ecológico envase 500 g"],"general_information":["Denominación del alimento: Quinoa blanca en grano","País de origen: Bolivia","Nombre del operador: La Finestra sul Cielo España, SL","Dirección del operador: Passeig del Riu Besós, 1 - 08160 Montmeló (Barcelona)","Cantidad Neta: 500 g","Otras menciones obligatorias en la etiqueta: Producto ecológico: BO-BIO-128 Agricultura no UE, Fairtrade, Gluten Free"],"ingredients":[" Quínoa Real*. *de agricultura ecológica"],"conservation":" Conservar en un lugar fresco y seco.","ean":"8437012461093"},{"full_name":"QUINUA REAL quinoa real tres colores ecológica y sin gluten unidad 500 g","name":"quinoa real tres colores ecológica y sin gluten unidad 500 g","brand":"QUINUA REAL ","img":"https://sgfm.elcorteingles.es/SGFM/dctm/MEDIA03/201701/30/00120778401008____1__600x600.jpg","price":"6,95 €","categories":["Supermercado","Dietéticos","Alimentación básica dietética","Cereales y semillas","QUINUA REAL quinoa real tres colores ecológica y sin gluten unidad 500 g"],"general_information":["Denominación del alimento: QUINOA TRES COLORES EN GRANO BIO","País de origen: Bolivia","Nombre del operador: La Finestra sul Cielo España, SL","Dirección del operador: Passeig del Riu Besós, 1 - 08160 Montmeló (Barcelona)","Cantidad Neta: 500 g","Otras menciones obligatorias en la etiqueta: Producto ecológico: BO-BIO-126 Agricultura no UE, Gluten free, Vegan"],"ingredients":[" Grano de quinoa Real* (60%), grano rojo de quinoa Real* (25%), grano negro de quinoa Real* (15%). *de agricultura ecológica"],"conservation":" Conservar en un lugar fresco y seco.","ean":"8437012461598"},{"full_name":"QUINUA REAL quinoa real negra ecológica sin gluten unidad 500 g","name":"quinoa real negra ecológica sin gluten unidad 500 g","brand":"QUINUA REAL ","img":"https://sgfm.elcorteingles.es/SGFM/dctm/MEDIA03/201702/03/00120778400992____1__600x600.jpg","price":"5,95 €","categories":["Supermercado","Dietéticos","Alimentación básica dietética","Cereales y semillas","QUINUA REAL quinoa real negra ecológica sin gluten unidad 500 g"],"general_information":["Denominación del alimento: QUINOA NEGRA EN GRANO BIO","País de origen: Bolivia","Nombre del operador: La Finestra sul Cielo España, SL","Dirección del operador: Passeig del Riu Besós, 1 - 08160 Montmeló (Barcelona)","Cantidad Neta: 500 g","Otras menciones obligatorias en la etiqueta: Producto ecológico: BO-BIO-126 Agricultura no UE, Gluten free, Vegan"],"ingredients":[" Grano negro de quinoa real*. *de agricultura ecológica"],"conservation":" Conservar en un lugar fresco y seco.","ean":"8437012461710"},{"full_name":"QUINUA REAL quinoa real roja ecológica y sin gluten unidad 500 g","name":"quinoa real roja ecológica y sin gluten unidad 500 g","brand":"QUINUA REAL ","img":"https://sgfm.elcorteingles.es/SGFM/dctm/MEDIA03/201701/30/00120778401016____1__600x600.jpg","price":"5,95 €","categories":["Supermercado","Dietéticos","Alimentación básica dietética","Cereales y semillas","QUINUA REAL quinoa real roja ecológica y sin gluten unidad 500 g"],"general_information":["Denominación del alimento: QUINOA ROJA EN GRANO BIO","País de origen: Bolivia","Nombre del operador: La Finestra sul Cielo España, SL","Dirección del operador: Passeig del Riu Besós, 1 - 08160 Montmeló (Barcelona)","Cantidad Neta: 500 g","Otras menciones obligatorias en la etiqueta: Producto ecológico: BO-BIO-126 Agricultura no UE, Gluten free, Vegan"],"ingredients":[" Grano rojo de quínoa real*. *de agricultura ecológica"],"conservation":" Conservar en un lugar fresco y seco.","ean":"8437012461604"},{"full_name":"QUINUA REAL Bio Copos de Quinoa Real ecológicos sin gluten unidad 250 g","name":"Bio Copos de Quinoa Real ecológicos sin gluten unidad 250 g","brand":"QUINUA REAL ","img":"https://sgfm.elcorteingles.es/SGFM/dctm/MEDIA03/201702/10/00120778401024____1__600x600.jpg","price":"3,45 €","categories":["Supermercado","Dietéticos","Alimentación básica dietética","Cereales y semillas","QUINUA REAL Bio Copos de Quinoa Real ecológicos sin gluten unidad 250 g"],"general_information":["Denominación del alimento: COPOS DE QUINOA BIO","País de origen: Bolivia","Nombre del operador: La Finestra sul Cielo España, SL","Dirección del operador: Passeig del Riu Besós, 1 - 08160 Montmeló (Barcelona)","Cantidad Neta: 250 g","Otras menciones obligatorias en la etiqueta: Producto ecológico: BO-BIO-126 Agricultura no UE, Gluten free, Vegan"],"ingredients":[" Quinoa real en copos*. *de agricultura ecológica"],"conservation":" Conservar en un lugar fresco y seco.","ean":"8437012461109"},{"full_name":"QUINUA REAL pipocas de quinoa real ecológicas y sin gluten unidad 100 g","name":"pipocas de quinoa real ecológicas y sin gluten unidad 100 g","brand":"QUINUA REAL ","img":"https://sgfm.elcorteingles.es/SGFM/dctm/MEDIA03/201701/30/00120752700607____1__600x600.jpg","price":"2,89 €","categories":["Supermercado","Dietéticos","Alimentación básica dietética","Cereales y semillas","QUINUA REAL pipocas de quinoa real ecológicas y sin gluten unidad 100 g"],"general_information":["Denominación del alimento: Quinoa hinchada ecológica.","País de origen: Bolivia","Nombre del operador: La Finestra sul Cielo España, SL","Dirección del operador: Passeig del Riu Besós, 1 - 08160 Montmeló (Barcelona)","Cantidad Neta: 100 g","Otras menciones obligatorias en la etiqueta: Producto ecológico: ES-ECO-019-CT Agricultura no UE, Gluten Free, Vegan"],"ingredients":[" Quínoa real hinchada*. *de agricultura ecológica"],"conservation":" Conservar en un lugar fresco y seco.","ean":"8437012461680"},{"full_name":"SPECIAL LINE empanadillas de atún sin gluten 8 unidades estuche 200 g","name":"empanadillas de atún sin gluten 8 unidades estuche 200 g","brand":"SPECIAL LINE ","img":"https://sgfm.elcorteingles.es/SGFM/dctm/MEDIA03/201606/20/00120745700862____1__600x600.jpg","price":"4,40 €","price_unit":"(22 € / Kilo)","categories":["Supermercado","Dietéticos","Alimentación básica dietética","Congelados y helados dietéticos","SPECIAL LINE empanadillas de atún sin gluten 8 unidades estuche 200 g"],"general_information":["Denominación del alimento: EMPANADILLAS DE ATÚN. PLATO PREPARADO CONGELADO.","Nombre del operador: Elaborado para el Grupo El Corte Inglés Hermosilla, 112. 28009 - Madrid - España por CIF: B-83490540","Cantidad Neta: 200 g","Número de raciones por envase: 2"],"ingredients":[" Ingredientes: Preparado panificable  sin gluten (Almidón de maíz, huevo, azúcares, estabilizador E- 415, sal, corrector de acidez E-341i, antioxidante E-300); tomate frito (tomate, espesante: almidón de maíz (E1422);  agua; Atún (11%); cebolla (cebolla, aceite de oliva, sal, corrector de acidez: E-330); almidón de maíz; pimiento extra (pimiento, agua, sal, acidulante: ácido cítrico); margarina  vegetal: (aceites y grasas vegetales (palma, coco, soja, girasol en proporción variable), agua, emulgentes: E-471, lecitinas, sal (0,2%), acidulante E-330, aromas, conservante E-202 y colorante: carotenos); manteca de cerdo (manteca de cerdo, antioxidantes: E-321 y E-330) y sal. Puede contener trazas de leche, soja, sésamo, frutos de cáscara y mostaza."],"conservation":" Modo de conservación: conservar congelado a -18º\nNO VOLVER A CONGELAR UNA VEZ DESCONGELADO\nUna vez abierto el envase, conservar en refrigeración y consumir antes de 3 días.","ean":"8433329065320"},{"full_name":"GLUTENFREE dunis de azúcar sin gluten 2 unidades envase 100 g","name":"dunis de azúcar sin gluten 2 unidades envase 100 g","brand":"GLUTENFREE ","img":"https://sgfm.elcorteingles.es/SGFM/00/70/6/0120745700706/0120745700706000g01011.jpg","price":"2,13 €","price_unit":"(21,30 € / Kilo)","categories":["Supermercado","Dietéticos","Alimentación básica dietética","Congelados y helados dietéticos","GLUTENFREE dunis de azúcar sin gluten 2 unidades envase 100 g"],"general_information":["Denominación del alimento: DUNIS DE AZÚCAR SIN GLUTEN","Nombre del operador: Productos Artesanos Dietéticos S.L.","Dirección del operador: Calle Henares 5 Nave 36 Polígono Industrial Las Acacias, 28840 Mejorada del Campo-Madrid-España","Cantidad Neta: 100 g"],"ingredients":[" Preparado panificable sin gluten (almidón de maíz, huevo, azúcares, sal y complementos E-341, E-415 y E-300). Agua. Azúcar. Margarina crema (aceites y grasas vegetales (palma, coco, soja, girasol en proporción variable), agua, emulgentes: E-471, lecitinas, sal (0,2%), acidulante E-330, aromas, conservante E-202 y colorante: carotenos). Aceite de girasol. Levadura yLechedesnatada en polvo (Lechedesnatada, aceite vegetal, azúcar y vitaminas C, A y D)."],"conservation":"Modo de empleo: Descongelar de su envase y consumir al gusto referido. Una vez descongelado, conservar en el frigorífico un máximo de 3 días.","ean":"8437005799837"},{"full_name":"GLUTENFREE dunis de chocolate sin gluten 2 unidades envase 100 g","name":"dunis de chocolate sin gluten 2 unidades envase 100 g","brand":"GLUTENFREE ","img":"https://sgfm.elcorteingles.es/SGFM/00/71/4/0120745700714/0120745700714000g01011.jpg","price":"2,13 €","price_unit":"(21,30 € / Kilo)","categories":["Supermercado","Dietéticos","Alimentación básica dietética","Congelados y helados dietéticos","GLUTENFREE dunis de chocolate sin gluten 2 unidades envase 100 g"],"general_information":["Denominación del alimento: DUNIS DE CHOCOLATE SIN GLUTEN","Nombre del operador: Productos Artesanos Dietéticos S.L.","Dirección del operador: Calle Henares 5 Nave 36 Polígono Industrial Las Acacias, 28840 Mejorada del Campo-Madrid-España","Cantidad Neta: 100 g"],"ingredients":[" Preparado panificable sin gluten (almidón de maíz, huevo, azúcares, sal y complementos E-341, E-415 y E-300). Agua. Chocolate (azúcar, cacao desgrasado en polvo 20%, aceites vegetales de girasol y palma, grasa vegetal de palma, grasas vegetales totalmente hidrogenadas de palmiste y palma, pasta de avellanas (5%), leche desnatada en polvo, emulgente E-322 y aroma). Azúcar. Margarina crema (aceites y grasas vegetales (palma, coco, soja, girasol en proporción variable), agua, emulgentes: E-471, lecitinas, sal (0,2%), acidulante E-330, aromas, conservante E-202 y colorante: carotenos). Aceite de girasol. Levadura y Leche desnatada en polvo (Leche desnatada, aceite vegetal, azúcar y vitaminas C, A y D)."],"conservation":"Modo de empleo: Descongelar de su envase y consumir al gusto referido. Una vez descongelado, conservar en el frigorífico un máximo de 3 días.","ean":"8437005799844"},{"full_name":"AIROS coulant de chocolate sin gluten estuche 180 g","name":"coulant de chocolate sin gluten estuche 180 g","brand":"AIROS ","img":"https://sgfm.elcorteingles.es/SGFM/dctm/MEDIA03/201706/29/00120745701084____1__600x600.jpg","price":"4,23 €            ","categories":["Supermercado","Dietéticos","Alimentación básica dietética","Congelados y helados dietéticos","AIROS coulant de chocolate sin gluten estuche 180 g"],"general_information":["Denominación del alimento: Coulant de chocolate","País de origen: España","Nombre del operador: Airos Delicatessen S.L","Dirección del operador: Pol. Ind. El Canyet Parcela 4, Nave B, 08754 El Papiol (Barcelona) España","Cantidad Neta: 180 g","Número de raciones por envase: 2"],"ingredients":[" HUEVO pasteurizado, azúcar, chocolate negro(18,8%) [azúcar, pasta de cacao, manteca de cacao,  emulgente(lecitina de SOJA(E322)), aroma natural de vainilla], margarina vegetal [aceite y grasa vegetales(aceite(girasol), grasa(karité)), agua, emulgente(E471), sal, corrector de acidez(E330), aroma], almidón de arroz, cacao desgrasado en polvo, fécula de tapioca. Puede contener trazas de LECHE"],"conservation":" Conservar a -18ºC","ean":"8437012945937"},{"full_name":"BIO INSIDE pizza peperoni ecológica vegana caja 350 g","name":"pizza peperoni ecológica vegana caja 350 g","brand":"BIO INSIDE ","img":"https://sgfm.elcorteingles.es/SGFM/dctm/MEDIA03/201705/12/00120768000562____1__600x600.jpg","price":"6,55 €","price_unit":"(18,71 € / Kilo)","categories":["Supermercado","Dietéticos","Alimentación básica dietética","Congelados y helados dietéticos","BIO INSIDE pizza peperoni ecológica vegana caja 350 g"],"general_information":[],"ingredients":[],"ean":"4026813330383"},{"full_name":"BIO INSIDE pizza de verduras ecológica caja 380 g","name":"pizza de verduras ecológica caja 380 g","brand":"BIO INSIDE ","img":"https://sgfm.elcorteingles.es/SGFM/dctm/MEDIA03/201705/12/00120768000554____1__600x600.jpg","price":"5,95 €","price_unit":"(15,66 € / Kilo)","categories":["Supermercado","Dietéticos","Alimentación básica dietética","Congelados y helados dietéticos","BIO INSIDE pizza de verduras ecológica caja 380 g"],"general_information":[],"ingredients":[],"ean":"4026813330215"},{"full_name":"SCHAR Bontà d'Italia pizza de jamón y champiñones sin gluten caja 350 g","name":"Bontà d'Italia pizza de jamón y champiñones sin gluten caja 350 g","brand":"SCHAR ","img":"https://sgfm.elcorteingles.es/SGFM/dctm/MEDIA03/201706/07/00120745701076____1__600x600.jpg","price":"3,70 €","categories":["Supermercado","Dietéticos","Alimentación básica dietética","Congelados y helados dietéticos","SCHAR Bontà d'Italia pizza de jamón y champiñones sin gluten caja 350 g"],"general_information":["Denominación del alimento: Pizza sin gluten","País de origen: Italia","Nombre del operador: Dr. Schär AG / SPA","Dirección del operador: Winkelau 9 I-39014 Burgstall / Postal","Cantidad Neta: 350 g"],"ingredients":[" Ingredientes: Agua, queso mozzarella 22% (LECHE), salsa de tomate 17%, harina dearroz, jamón de york 9% (carne de cerdo, azúcars: dextrosa, sacarosa; especias,antioxidante: ascorbato de sodio, conservante: nitrito de sodio), hongos champinónes9%, fécula de patata, aceite de girasol, sal, copos de patata, fibra demanzana, azúcar, proteína deSOJA,espesantes: hidroxipropilmetilcelulosa, harina de semilla de algarroba;emulgente: mono- y diglicéridos de ácidos grasos, orégano."],"conservation":"Modo de empleo: No especificado","ean":"8008698006856"},{"full_name":"SCHAR tarta de chocolate sin gluten 4 porciones bolsa 220 g","name":"tarta de chocolate sin gluten 4 porciones bolsa 220 g","brand":"SCHAR ","img":"https://sgfm.elcorteingles.es/SGFM/dctm/MEDIA02/CONTENIDOS/201512/07/00120745700813____2__600x600.jpg","price":"5,48 €","price_unit":"(24,91 € / Kilo)","categories":["Supermercado","Dietéticos","Alimentación básica dietética","Congelados y helados dietéticos","SCHAR tarta de chocolate sin gluten 4 porciones bolsa 220 g"],"general_information":["Denominación del alimento: Cake sin gluten","País de origen: Italia","Nombre del operador: Dr. Schär AG / SPA","Dirección del operador: Winkelau 9 I-39014 Burgstall / Postal","Cantidad Neta: 220 g"],"ingredients":[" Ingredientes: HUEVOS enteros, azúcar, mermelada de albaricoque18% (jarabe de glucosa-fructosa, albaricoques 35%, gelificante: pectina, acidulante:ácido cítrico, aroma); almidón de maíz, chocolate 8% (pasta de cacao, mantecade cacao, lecitina de soja,aromas), harinade maíz, aceites y grasas vegetales (palma, palmiste), polvo de cacao magro, avellanas, dextrosa, espesante: harinade semilla de guar, LECHE desnatada enpolvo, aceite de girasol, emulgentes:lecitina de SOYA, mono-y diglicéridos de ácidos grasos, ésteres depropilenglicol de ácidos grasos, sal de sodio de ácidos grasos; gasificante:carbonato de sodio, sal, aromas"],"conservation":"Modo de empleo: No especificado","ean":"8008698013533"},{"full_name":"NATURATTIVA helado italiano de soja blanco y de cacao ecológico y sin lactosa tarrina 750 ml","name":"helado italiano de soja blanco y de cacao ecológico y sin lactosa tarrina 750 ml","brand":"NATURATTIVA ","img":"https://sgfm.elcorteingles.es/SGFM/dctm/MEDIA03/201705/05/00120770301297____1__600x600.jpg","price":"5,95 €","price_unit":"(7,93 € / Litro)","categories":["Supermercado","Dietéticos","Alimentación básica dietética","Congelados y helados dietéticos","NATURATTIVA helado italiano de soja blanco y de cacao ecológico y sin lactosa tarrina 750 ml"],"general_information":["Denominación del alimento: Helado vegetal a base de soja con cacao","Nombre del operador: Valsoia S.p.A","Dirección del operador: Via I. Barontini 16/5, Bologna (Italia)","Cantidad Neta: 400 g","Otras menciones obligatorias en la etiqueta: Producto biológico: IT BIO 009.  // Los Helados Naturattiva son deliciosas especialidades del arte heladero italiano producidas con ingredientes procedente de cultivo ecológico. Antes de disfrutar del sabor y el aroma de los helados Naturattiva se recomienda dejarlos unos minutos a temperatura ambiente."],"ingredients":[" Extracto de soja* (66%) (agua, semillas de soja* (8%), sal marina), azúcar moreno de caña integral* (11%), jarabe de glucosa*, aceite de coco*, dextrosa*, cacao desgrasado en polvo* (2,2%), estabilizantes: goma garrofín*. *Ecológico."],"conservation":" Conserva a una temperatura no superior a -18°C.","ean":"8006040710819"},{"full_name":"NATURATTIVA helado italiano de arroz sabor frambuesa ecológico y sin lactosa tarrina 750 ml","name":"helado italiano de arroz sabor frambuesa ecológico y sin lactosa tarrina 750 ml","brand":"NATURATTIVA ","img":"https://sgfm.elcorteingles.es/SGFM/dctm/MEDIA03/201705/05/00120770301289____1__600x600.jpg","price":"5,95 €","price_unit":"(7,93 € / Litro)","categories":["Supermercado","Dietéticos","Alimentación básica dietética","Congelados y helados dietéticos","NATURATTIVA helado italiano de arroz sabor frambuesa ecológico y sin lactosa tarrina 750 ml"],"general_information":["Denominación del alimento: Helado vegetal a base de arroz con salsa de frambuesa","Nombre del operador: Valsoia S.p.A","Dirección del operador: Via I. Barontini 16/5, Bologna (Italia)","Cantidad Neta: 400 g","Otras menciones obligatorias en la etiqueta: Producto biológico: IT BIO 009.  // Los Helados Naturattiva son deliciosas especialidades del arte heladero italiano producidas con ingredientes procedente de cultivo ecológico. Antes de disfrutar del sabor y el aroma de los helados Naturattiva se recomienda dejarlos unos minutos a temperatura ambiente."],"ingredients":[" Extracto de arroz*(59%) (agua, arroz* (17%)), azúcar moreno de caña integral*(12%), maltodextrina*, aceite de coco*, jarabe de glucosa*, agua, dextrosa*, proteína de guisantes, estabilizantes: goma garrofín* - alginato sódico-pectinas, zumo concentrado de frambuesa* (0,07%), extracto de saúco, con propiedade colorantes*, corrector de acidez: ácido cítrico, aromas naturales. *Ecológico."],"conservation":" Conserva a una temperatura no superior a -18°C.","ean":"8006040710512"},{"full_name":"NATURATTIVA mini conos de helado italiano de arroz sabor chocolate y nata ecológicos y sin lactosa estuche 4 unidades","name":"mini conos de helado italiano de arroz sabor chocolate y nata ecológicos y sin lactosa estuche 4 unidades","brand":"NATURATTIVA ","img":"https://sgfm.elcorteingles.es/SGFM/dctm/MEDIA03/201705/03/00120770301263____1__600x600.jpg","price":"5,50 €","price_unit":"(11,46 € / Litro)","categories":["Supermercado","Dietéticos","Alimentación básica dietética","Congelados y helados dietéticos","NATURATTIVA mini conos de helado italiano de arroz sabor chocolate y nata ecológicos y sin lactosa estuche 4 unidades"],"general_information":["Denominación del alimento: Helado vegetal con oblea","Nombre del operador: Valsoia S.p.A","Dirección del operador: Via I. Barontini 16/5, Bologna (Italia)","Cantidad Neta: 400 g","Otras menciones obligatorias en la etiqueta: Producto biológico: IT BIO 009.  // Los Helados Naturattiva son deliciosas especialidades del arte heladero italiano producidas con ingredientes procedente de cultivo ecológico. Antes de disfrutar del sabor y el aroma de los helados Naturattiva se recomienda dejarlos unos minutos a temperatura ambiente."],"ingredients":[" Extracto del helado(85%):extracto de soja*(46%) (agua, semillas de soja* (8%), aceite de coco*, azúcar crudo de caña* (11%), jarabe de glucosa*, avellanas tostadas*(4,0%), dextrose*, cacao desgrasado en polvo*, estabilizantes: harina de semillas de alagarroba, emulsionante: lecitinas de soja, Ingredientes de la Oblea (15%): Harina de trigo tierno tipo \"0\"*, azúcar crudo de caña (27%), aceite de palma*, emulsionante: lecitinas de soja, sal, agentes leudantes: bicarbonato de sodio. *Ecológico. Puede contener trazas de centeno, cebada , avena y otros frutos de cáscara."],"conservation":" Conserva a una temperatura no superior a -18°C.","ean":"8006040710826"},{"full_name":"NATURATTIVA mini conos de helado italiano de arroz sabor nata y fresa ecológicos y sin lactosa estuche 4 unidades","name":"mini conos de helado italiano de arroz sabor nata y fresa ecológicos y sin lactosa estuche 4 unidades","brand":"NATURATTIVA ","img":"https://sgfm.elcorteingles.es/SGFM/dctm/MEDIA03/201705/03/00120770301305____1__600x600.jpg","price":"5,50 €","price_unit":"(11,46 € / Litro)","categories":["Supermercado","Dietéticos","Alimentación básica dietética","Congelados y helados dietéticos","NATURATTIVA mini conos de helado italiano de arroz sabor nata y fresa ecológicos y sin lactosa estuche 4 unidades"],"general_information":["Denominación del alimento: Helado vegetal con oblea","Nombre del operador: Valsoia S.p.A","Dirección del operador: Via I. Barontini 16/5, Bologna (Italia)","Cantidad Neta: 300 g","Número de raciones por envase: 4","Otras menciones obligatorias en la etiqueta: Producto biológico: IT BIO 009.  // Los Helados Naturattiva son deliciosas especialidades del arte heladero italiano producidas con ingredientes procedente de cultivo ecológico. Antes de disfrutar del sabor y el aroma de los helados Naturattiva se recomienda dejarlos unos minutos a temperatura ambiente."],"ingredients":[" Extracto de arroz*(47%) (agua, arroz* 20%, aceite de girasol*), azúcar crudo de caña* 11%,  maltodextrin*, aceite de coco*, jarabe de glucosa*, agua, proteína de guisantes, estabilizantes: harina de semillas de algarroba-goma de guar, coco desgrasado en polvo*, dextrose*, jugo de frambuesa concentrado* 0,07%, aromas naturales, gelificantes: alginato de sodio-pectina, emulsionante: lecitina de soja, corrector de la acidez: ácido cítrico, colorante: extraxto de saúco*, Ingredientes de la Oblea (16%): harina de trigo tierno tipo \"0\"*, azúcar de caña*, aceite de palma*, emulsionante: lecitina de soja, sal, agentes leudantes: bicarbonato de sodio. *Ecológico."],"conservation":" Conserva a una temperatura no superior a -18°C.","ean":"8006040710550"},{"full_name":"NATURATTIVA mini bombones de helado italiano de arroz sabor chocolate y nata ecológicos estuche 6 unidades","name":"mini bombones de helado italiano de arroz sabor chocolate y nata ecológicos estuche 6 unidades","brand":"NATURATTIVA ","img":"https://sgfm.elcorteingles.es/SGFM/dctm/MEDIA03/201705/03/00120770301271____1__600x600.jpg","price":"3,56 €","price_unit":"(11,87 € / Litro)","categories":["Supermercado","Dietéticos","Alimentación básica dietética","Congelados y helados dietéticos","NATURATTIVA mini bombones de helado italiano de arroz sabor chocolate y nata ecológicos estuche 6 unidades"],"general_information":["Denominación del alimento: Helado a base de arroz con cobertura","Nombre del operador: Valsoia S.p.A","Dirección del operador: Via I. Barontini 16/5, Bologna (Italia)","Cantidad Neta: 210 g","Número de raciones por envase: 6","Otras menciones obligatorias en la etiqueta: Producto biológico: IT BIO 009.  // Los Helados Naturattiva son deliciosas especialidades del arte heladero italiano producidas con ingredientes procedente de cultivo ecológico. Antes de disfrutar del sabor y el aroma de los helados Naturattiva se recomienda dejarlos unos minutos a temperatura ambiente."],"ingredients":[" Extracto de arroz* (46%) (agua, arroz* (20%), aceite de girasol*), chocolate* (21%: pasta de cacao*,azúcar de caña bruto* (50%), emulgentes: lecitinas de soja), aceite de coco*, maltodextrina*, azúcar moreno de caña integral* (6,4%), jarabe de glucosa*, dextrosa*, proteína de guisantes, estabilizantes: goma garrofín ? goma guar, aromas natural. *Ecológico. Puede contener trazas de leche (incluida la lactosa)"],"conservation":" Conserva a una temperatura no superior a -18°C.","ean":"8006040710529"},{"full_name":"NATURATTIVA mini bombones de helado italiano de soja con avellanas, nata y chocolate ecológicos estuche 6 unidades","name":"mini bombones de helado italiano de soja con avellanas, nata y chocolate ecológicos estuche 6 unidades","brand":"NATURATTIVA ","img":"https://sgfm.elcorteingles.es/SGFM/dctm/MEDIA03/201705/10/00120770301313____1__600x600.jpg","price":"5,50 €","price_unit":"(18,33 € / Litro)","categories":["Supermercado","Dietéticos","Alimentación básica dietética","Congelados y helados dietéticos","NATURATTIVA mini bombones de helado italiano de soja con avellanas, nata y chocolate ecológicos estuche 6 unidades"],"general_information":["Denominación del alimento: Helado vegetal con cobertura","Nombre del operador: Valsoia S.p.A","Dirección del operador: Via I. Barontini 16/5, Bologna (Italia)","Cantidad Neta: 210 g","Número de raciones por envase: 6","Otras menciones obligatorias en la etiqueta: Producto biológico: IT BIO 009.  // Los Helados Naturattiva son deliciosas especialidades del arte heladero italiano producidas con ingredientes procedente de cultivo ecológico. Antes de disfrutar del sabor y el aroma de los helados Naturattiva se recomienda dejarlos unos minutos a temperatura ambiente."],"ingredients":[" VAINILLA: Extracto de soja* (47%) (agua, semillas de soja* (8%), sal marina), chocolate amargo*(21%) (pasta de cacao*, azúcar crudo de caña (50%), emulsionantes: lecitina de soja), aceite de coco*, azúcar crudo de caña (9,6%), jarabe de de glucosa*, avellanas* (2,9%), proteina de guisantes, estabilizantes :harina de semillas de algarroba-goma guar-carragenias, Aroma natural de vainilla*. *Ecológico. CACAO: extracto de soja* (44%) (agua, semilla de soja* (8%), sal marina), chocolate amargo* (21%) (pasta de cacao*, azúcar crudo de caña*(50%), emulsionantes: lecitina de soja), aceite de coco*, azúcar crudo de caña* (9.6%), jarabe de glucosa*, cacao desgrasado en polvo* (3%), avellanas* (2,9%)proteina de guisantes, estabilizantes: harina de semillas de algarroba-goma di guar - carrageninas. *Ecológico."],"conservation":" Conserva a una temperatura no superior a -18°C.","ean":"8006040710888"},{"full_name":"LA IBENSE BORNAY You Line helado de chocolate sin lactosa tarrina 376 g","name":"You Line helado de chocolate sin lactosa tarrina 376 g","brand":"LA IBENSE BORNAY ","img":"https://sgfm.elcorteingles.es/SGFM/dctm/MEDIA03/201703/02/00120745700995____2__600x600.jpg","price":"1,99 €","price_unit":"(5,29 € / Kilo)","categories":["Supermercado","Dietéticos","Alimentación básica dietética","Congelados y helados dietéticos","LA IBENSE BORNAY You Line helado de chocolate sin lactosa tarrina 376 g"],"general_information":[],"ingredients":[],"ean":"8420720012497"},{"full_name":"LA IBENSE BORNAY You Line helado de Kinder sin lactosa tarrina 376 g","name":"You Line helado de Kinder sin lactosa tarrina 376 g","brand":"LA IBENSE BORNAY ","img":"https://sgfm.elcorteingles.es/SGFM/dctm/MEDIA03/201703/02/00120745701027____2__600x600.jpg","price":"2,33 €","price_unit":"(6,20 € / Kilo)","categories":["Supermercado","Dietéticos","Alimentación básica dietética","Congelados y helados dietéticos","LA IBENSE BORNAY You Line helado de Kinder sin lactosa tarrina 376 g"],"general_information":[],"ingredients":[],"ean":"8420720012503"},{"full_name":"LA IBENSE BORNAY You Line helado de turrón sin azúcares añadidos tarrina 376 g","name":"You Line helado de turrón sin azúcares añadidos tarrina 376 g","brand":"LA IBENSE BORNAY ","img":"https://sgfm.elcorteingles.es/SGFM/dctm/MEDIA03/201703/02/00120745701019____2__600x600.jpg","price":"2,85 €","price_unit":"(7,58 € / Kilo)","categories":["Supermercado","Dietéticos","Alimentación básica dietética","Congelados y helados dietéticos","LA IBENSE BORNAY You Line helado de turrón sin azúcares añadidos tarrina 376 g"],"general_information":[],"ingredients":[],"ean":"8420720012466"},{"full_name":"LA IBENSE BORNAY You Line helado de vainilla sin gluten y sin lactosa estuche 4 unidades","name":"You Line helado de vainilla sin gluten y sin lactosa estuche 4 unidades","brand":"LA IBENSE BORNAY ","img":"https://sgfm.elcorteingles.es/SGFM/dctm/MEDIA03/201609/20/00120745701043____1__600x600.jpg","price":"3,59 €","price_unit":"(10,56 € / Kilo)","categories":["Supermercado","Dietéticos","Alimentación básica dietética","Congelados y helados dietéticos","LA IBENSE BORNAY You Line helado de vainilla sin gluten y sin lactosa estuche 4 unidades"],"general_information":[],"ingredients":[],"ean":"8420720009756"},{"full_name":"LA IBENSE BORNAY bombón helado de vainilla con almendras sin azúcares añadidos estuche 3 unidades","name":"bombón helado de vainilla con almendras sin azúcares añadidos estuche 3 unidades","brand":"LA IBENSE BORNAY ","img":"https://sgfm.elcorteingles.es/SGFM/dctm/MEDIA03/201609/20/00120745700961____1__600x600.jpg","price":"3,39 €","price_unit":"(6,05 € / Kilo)","categories":["Supermercado","Dietéticos","Alimentación básica dietética","Congelados y helados dietéticos","LA IBENSE BORNAY bombón helado de vainilla con almendras sin azúcares añadidos estuche 3 unidades"],"general_information":[],"ingredients":[],"ean":"8420720010127"},{"full_name":"LA IBENSE BORNAY bombón helado de vainilla recubierto de chocolate negro sin lactosa estuche 3 unidades","name":"bombón helado de vainilla recubierto de chocolate negro sin lactosa estuche 3 unidades","brand":"LA IBENSE BORNAY ","img":"https://sgfm.elcorteingles.es/SGFM/dctm/MEDIA03/201609/20/00120745701035____1__600x600.jpg","price":"3,54 €","price_unit":"(47,20 € / Kilo)","categories":["Supermercado","Dietéticos","Alimentación básica dietética","Congelados y helados dietéticos","LA IBENSE BORNAY bombón helado de vainilla recubierto de chocolate negro sin lactosa estuche 3 unidades"],"general_information":[],"ingredients":[],"ean":"8420720003877"},{"full_name":"LA IBENSE BORNAY cono de helado de vainilla sin azúcares añadidos estuche 4 unidades","name":"cono de helado de vainilla sin azúcares añadidos estuche 4 unidades","brand":"LA IBENSE BORNAY ","img":"https://sgfm.elcorteingles.es/SGFM/dctm/MEDIA03/201609/20/00120745701050____1__600x600.jpg","price":"3,75 €","price_unit":"(17,86 € / Kilo)","categories":["Supermercado","Dietéticos","Alimentación básica dietética","Congelados y helados dietéticos","LA IBENSE BORNAY cono de helado de vainilla sin azúcares añadidos estuche 4 unidades"],"general_information":[],"ingredients":[],"ean":"8420720010264"},{"full_name":"LA IBENSE BORNAY cono de helado de vainilla sin lactosa estuche 4 unidades","name":"cono de helado de vainilla sin lactosa estuche 4 unidades","brand":"LA IBENSE BORNAY ","img":"https://sgfm.elcorteingles.es/SGFM/dctm/MEDIA03/201609/20/00120745701068____1__600x600.jpg","price":"2,97 €","categories":["Supermercado","Dietéticos","Alimentación básica dietética","Congelados y helados dietéticos","LA IBENSE BORNAY cono de helado de vainilla sin lactosa estuche 4 unidades"],"general_information":[],"ingredients":[],"ean":"8420720012589"},{"full_name":"DINO helado de cacao sabor intenso ecológico y sin gluten tarrina 450 ml","name":"helado de cacao sabor intenso ecológico y sin gluten tarrina 450 ml","brand":"DINO ","img":"https://sgfm.elcorteingles.es/SGFM/dctm/MEDIA03/201712/20/00120770301438____1__600x600.jpg","price":"5,80 €","price_unit":"(12,89 € / Litro)","categories":["Supermercado","Dietéticos","Alimentación básica dietética","Congelados y helados dietéticos","DINO helado de cacao sabor intenso ecológico y sin gluten tarrina 450 ml"],"general_information":[],"ingredients":[],"ean":"8436000572278"},{"full_name":"DINO helado de vainilla ecológico y sin gluten tarrina 450 ml","name":"helado de vainilla ecológico y sin gluten tarrina 450 ml","brand":"DINO ","img":"https://sgfm.elcorteingles.es/SGFM/dctm/MEDIA03/201712/20/00120770301461____1__600x600.jpg","price":"5,50 €","price_unit":"(12,22 € / Litro)","categories":["Supermercado","Dietéticos","Alimentación básica dietética","Congelados y helados dietéticos","DINO helado de vainilla ecológico y sin gluten tarrina 450 ml"],"general_information":[],"ingredients":[],"ean":"8436000572247"},{"full_name":"DINO sorbete de limón sabor del mediterráneo ecológico, sin gluten y sin lactosa tarrina 450 ml","name":"sorbete de limón sabor del mediterráneo ecológico, sin gluten y sin lactosa tarrina 450 ml","brand":"DINO ","img":"https://sgfm.elcorteingles.es/SGFM/dctm/MEDIA03/201712/20/00120770301446____1__600x600.jpg","price":"5,50 €","price_unit":"(12,22 € / Litro)","categories":["Supermercado","Dietéticos","Alimentación básica dietética","Congelados y helados dietéticos","DINO sorbete de limón sabor del mediterráneo ecológico, sin gluten y sin lactosa tarrina 450 ml"],"general_information":[],"ingredients":[],"ean":"8436000572230"},{"full_name":"DINO helado de turrón ecológico y sin gluten tarrina 450 ml","name":"helado de turrón ecológico y sin gluten tarrina 450 ml","brand":"DINO ","img":"https://sgfm.elcorteingles.es/SGFM/dctm/MEDIA03/201712/20/00120770301453____1__600x600.jpg","price":"5,80 €","price_unit":"(12,89 € / Litro)","categories":["Supermercado","Dietéticos","Alimentación básica dietética","Congelados y helados dietéticos","DINO helado de turrón ecológico y sin gluten tarrina 450 ml"],"general_information":[],"ingredients":[],"ean":"8436000572261"},{"full_name":"DINO helado de yogur y arándanos sabor silvestre ecológico y sin gluten tarrina 450 ml","name":"helado de yogur y arándanos sabor silvestre ecológico y sin gluten tarrina 450 ml","brand":"DINO ","img":"https://sgfm.elcorteingles.es/SGFM/dctm/MEDIA03/201712/20/00120770301479____1__600x600.jpg","price":"5,80 €","price_unit":"(12,89 € / Litro)","categories":["Supermercado","Dietéticos","Alimentación básica dietética","Congelados y helados dietéticos","DINO helado de yogur y arándanos sabor silvestre ecológico y sin gluten tarrina 450 ml"],"general_information":[],"ingredients":[],"ean":"8436000572285"},{"full_name":"BIOCOP sardinas en aceite de oliva virgen extra ecológico bote 180 g","name":"sardinas en aceite de oliva virgen extra ecológico bote 180 g","brand":"BIOCOP ","img":"https://sgfm.elcorteingles.es/SGFM/dctm/MEDIA03/201707/26/00120723700397____1__600x600.jpg","price":"5,95 €","price_unit":"(33,06 € / Kilo)","categories":["Supermercado","Dietéticos","Alimentación básica dietética","Conservas de pescado","BIOCOP sardinas en aceite de oliva virgen extra ecológico bote 180 g"],"general_information":[],"ingredients":[],"ean":"8423903049068"},{"full_name":"BIOCOP atún en aceite de oliva virgen extra ecológico bote 195 g","name":"atún en aceite de oliva virgen extra ecológico bote 195 g","brand":"BIOCOP ","img":"https://sgfm.elcorteingles.es/SGFM/dctm/MEDIA03/201707/26/00120723700348____1__600x600.jpg","price":"5,95 €","price_unit":"(30,51 € / Kilo)","categories":["Supermercado","Dietéticos","Alimentación básica dietética","Conservas de pescado","BIOCOP atún en aceite de oliva virgen extra ecológico bote 195 g"],"general_information":[],"ingredients":[],"ean":"8423903040645"},{"full_name":"BIOCOP caballa en aceite de oliva virgen extra ecológico bote 195 g","name":"caballa en aceite de oliva virgen extra ecológico bote 195 g","brand":"BIOCOP ","img":"https://sgfm.elcorteingles.es/SGFM/dctm/MEDIA03/201707/26/00120723700363____1__600x600.jpg","price":"4,95 €","price_unit":"(25,38 € / Kilo)","categories":["Supermercado","Dietéticos","Alimentación básica dietética","Conservas de pescado","BIOCOP caballa en aceite de oliva virgen extra ecológico bote 195 g"],"general_information":[],"ingredients":[],"ean":"8423903040621"},{"full_name":"BIOCOP salmón en aceite de oliva virgen extra ecológico bote 195 g","name":"salmón en aceite de oliva virgen extra ecológico bote 195 g","brand":"BIOCOP ","img":"https://sgfm.elcorteingles.es/SGFM/dctm/MEDIA03/201707/26/00120723700389____1__600x600.jpg","price":"7,95 €","price_unit":"(40,77 € / Kilo)","categories":["Supermercado","Dietéticos","Alimentación básica dietética","Conservas de pescado","BIOCOP salmón en aceite de oliva virgen extra ecológico bote 195 g"],"general_information":[],"ingredients":[],"ean":"8423903040652"},{"full_name":"BIOCOP melva en aceite de oliva virgen extra ecológico bote 00195 g","name":"melva en aceite de oliva virgen extra ecológico bote 00195 g","brand":"BIOCOP ","img":"https://sgfm.elcorteingles.es/SGFM/dctm/MEDIA03/201707/26/00120723700371____1__600x600.jpg","price":"5,95 €","price_unit":"(30,51 € / Kilo)","categories":["Supermercado","Dietéticos","Alimentación básica dietética","Conservas de pescado","BIOCOP melva en aceite de oliva virgen extra ecológico bote 00195 g"],"general_information":[],"ingredients":[],"ean":"8423903040638"},{"full_name":"BIOCOP bonito en aceite de oliva virgen extra ecológico bote 175 g","name":"bonito en aceite de oliva virgen extra ecológico bote 175 g","brand":"BIOCOP ","img":"https://sgfm.elcorteingles.es/SGFM/dctm/MEDIA03/201707/26/00120723700355____1__600x600.jpg","price":"6,95 €","price_unit":"(39,71 € / Kilo)","categories":["Supermercado","Dietéticos","Alimentación básica dietética","Conservas de pescado","BIOCOP bonito en aceite de oliva virgen extra ecológico bote 175 g"],"general_information":[],"ingredients":[],"ean":"8423903049051"},{"full_name":"EL CORTE INGLES BIO tomate triturado extra ecológico sin gluten frasco 660 g","name":"tomate triturado extra ecológico sin gluten frasco 660 g","brand":"EL CORTE INGLES BIO ","img":"https://sgfm.elcorteingles.es/SGFM/dctm/MEDIA03/201703/28/00120752600443____1__600x600.jpg","price":"1,79 €","categories":["Supermercado","Dietéticos","Alimentación básica dietética","Conservas vegetales y de fruta","EL CORTE INGLES BIO tomate triturado extra ecológico sin gluten frasco 660 g"],"general_information":["Denominación del alimento: Tomate de agricultura ecológica, triturado, extra.","Nombre del operador: Elaborado para El Corte Inglés por \nConservas Pedro Luis, S.L.\nPoligono industrial El ramal 19\n31580 Lodosa (Navarra)\nEspaña","Lugar de procedencia del alimento: Producto de España","Cantidad Neta: 660 g","Número de raciones por envase: ~ 6"],"ingredients":[" Ingredientes: Tomate* y corrector de acidez: ácido cítrico.\n*Procedente de agricultura ecológica"],"conservation":" Conservar en lugar fresco y seco. Una vez abierto, guardar en frigorífico y consumir antes de 5 días.","ean":"8433329079822"},{"full_name":"EL CORTE INGLES BIO judía verde extra al natural ecológica frasco 660 g","name":"judía verde extra al natural ecológica frasco 660 g","brand":"EL CORTE INGLES BIO ","img":"https://sgfm.elcorteingles.es/SGFM/dctm/MEDIA03/201703/28/00120723700272____1__600x600.jpg","price":"2,69 €","categories":["Supermercado","Dietéticos","Alimentación básica dietética","Conservas vegetales y de fruta","EL CORTE INGLES BIO judía verde extra al natural ecológica frasco 660 g"],"general_information":["Denominación del alimento: Judías Verdes cortadas, al natural - extra - extrafinas","Nombre del operador: Elaborado para El Corte Inglés por \nConservas Pedro Luis, S.L.\nPoligono industrial El ramal 19\n31580 Lodosa (Navarra)\nEspaña","Lugar de procedencia del alimento: Producto de España","Cantidad Neta: 660 g","Peso neto escurrido: 360 g","Número de raciones por envase: ~ 2"],"ingredients":[" Ingredientes: Judías verdes*, agua y sal\n*Procedente de agricultura ecológica"],"conservation":" Conservar en lugar fresco y seco. Una vez abierto, guardar en frigorífico y consumir antes de 3 días.","ean":"8433329079761"},{"full_name":"EL CORTE INGLES BIO acelgas extra al natural écológicas frasco 660 g","name":"acelgas extra al natural écológicas frasco 660 g","brand":"EL CORTE INGLES BIO ","img":"https://sgfm.elcorteingles.es/SGFM/dctm/MEDIA03/201703/28/00120723700231____1__600x600.jpg","price":"2,61 €","categories":["Supermercado","Dietéticos","Alimentación básica dietética","Conservas vegetales y de fruta","EL CORTE INGLES BIO acelgas extra al natural écológicas frasco 660 g"],"general_information":["Denominación del alimento: Acelga de agricultura ecológica, al natural, extra.","Nombre del operador: Elaborado para El Corte Inglés por \nConservas Pedro Luis, S.L.\nPoligono industrial El ramal 19\n31580 Lodosa (Navarra)\nEspaña","Lugar de procedencia del alimento: Producto de España","Cantidad Neta: 660 g","Peso neto escurrido: 425 g","Número de raciones por envase: ~3"],"ingredients":[" Ingredientes: Acelga*, agua, sal y antioxidante (E300).\n*Procedente de agricultura ecológica"],"conservation":" Conservar en lugar fresco y seco. Una vez abierto, guardar en frigorífico y consumir antes de 3 días.","ean":"8433329079679"},{"full_name":"EL CORTE INGLES BIO guisantes finos extra ecológicos frasco 345 g","name":"guisantes finos extra ecológicos frasco 345 g","brand":"EL CORTE INGLES BIO ","img":"https://sgfm.elcorteingles.es/SGFM/dctm/MEDIA03/201703/28/00120723700264____1__600x600.jpg","price":"2,15 €","categories":["Supermercado","Dietéticos","Alimentación básica dietética","Conservas vegetales y de fruta","EL CORTE INGLES BIO guisantes finos extra ecológicos frasco 345 g"],"general_information":["Denominación del alimento: Guisantes de agricultura ecológica, al natural,extra, finos","Nombre del operador: Elaborado para El Corte Inglés por \nConservas Pedro Luis, S.L.\nPoligono industrial El ramal 19\n31580 Lodosa (Navarra)\nEspaña","Lugar de procedencia del alimento: Producto de España","Cantidad Neta: 345 g","Peso neto escurrido: 210 g","Número de raciones por envase: ~ 2"],"ingredients":[" Ingredientes: Guisantes*, agua y sal\n*Procedente de agricultura ecológica"],"conservation":" Conservar en lugar fresco y seco. Una vez abierto, guardar en frigorífico y consumir antes de 3 días.","ean":"8433329079754"},{"full_name":"EL CORTE INGLES BIO tomate para untar ecológico con aceite de oliva virgen extra y sin gluten frasco 235 g","name":"tomate para untar ecológico con aceite de oliva virgen extra y sin gluten frasco 235 g","brand":"EL CORTE INGLES BIO ","img":"https://sgfm.elcorteingles.es/SGFM/dctm/MEDIA03/201703/28/00120752600435____1__600x600.jpg","price":"1,79 €","categories":["Supermercado","Dietéticos","Alimentación básica dietética","Conservas vegetales y de fruta","EL CORTE INGLES BIO tomate para untar ecológico con aceite de oliva virgen extra y sin gluten frasco 235 g"],"general_information":["Denominación del alimento: TOMATE PARA UNTAR","Nombre del operador: Elaborado para El Corte Inglés por \nConservas Pedro Luis, S.L.\nPoligono industrial El ramal 19\n31580 Lodosa (Navarra)\nEspaña","Cantidad Neta: 235 g","Número de raciones por envase: ~ 5"],"ingredients":[" Ingredientes: Tomate* , aceite de oliva virgen extra (6,5%)*, ajo*, azúcar*, sal y corrector de acidez: ácido cítrico\n*Procedente de agricultura ecológica."],"conservation":" Una vez abierto, conservar en el frigorifico y consumir antes de 5 días.","ean":"8433329079815"},{"full_name":"EL CORTE INGLES BIO maiz dulce ecológico frasco 240 g","name":"maiz dulce ecológico frasco 240 g","brand":"EL CORTE INGLES BIO ","img":"https://sgfm.elcorteingles.es/SGFM/dctm/MEDIA03/201703/28/00120723700280____1__600x600.jpg","price":"1,45 €","categories":["Supermercado","Dietéticos","Alimentación básica dietética","Conservas vegetales y de fruta","EL CORTE INGLES BIO maiz dulce ecológico frasco 240 g"],"general_information":["Denominación del alimento: Maíz dulce agricultura biológica","Nombre del operador: Elaborado para El Corte Inglés por \nConservas Pedro Luis, S.L.\nPoligono industrial El ramal 19\n31580 Lodosa (Navarra)\nEspaña","Cantidad Neta: 240 g","Peso neto escurrido: 160 g"],"ingredients":[" Ingredientes: Maíz*, agua, azúcar* y sal.\n*Procedente de agricultura ecológica."],"conservation":" Una vez abierto, conservar en el frigorifico y consumir antes de 3 días.","ean":"8433329079778"},{"full_name":"EL CORTE INGLES BIO garbanzos extra ecológicos cocidos al natural frasco 660 g","name":"garbanzos extra ecológicos cocidos al natural frasco 660 g","brand":"EL CORTE INGLES BIO ","img":"https://sgfm.elcorteingles.es/SGFM/dctm/MEDIA03/201703/28/00120723700256____1__600x600.jpg","price":"2,34 €","categories":["Supermercado","Dietéticos","Alimentación básica dietética","Conservas vegetales y de fruta","EL CORTE INGLES BIO garbanzos extra ecológicos cocidos al natural frasco 660 g"],"general_information":["Denominación del alimento: Garbanzos de agricultura ecológica,  al natural, Extra.","Nombre del operador: Elaborado para El Corte Inglés por \nConservas Pedro Luis, S.L.\nPoligono industrial El ramal 19\n31580 Lodosa (Navarra)\nEspaña","Lugar de procedencia del alimento: Producto de España","Cantidad Neta: 660 g","Peso neto escurrido: 500 g","Número de raciones por envase: ~ 3"],"ingredients":[" Garbanzos de agricultura ecológica,  al natural, Extra.\nIngredientes: Garbanzos*, agua y sal\n*Procedente de agricultura ecológica"],"conservation":" Conservar en lugar fresco y seco. Una vez abierto, guardar en frigorífico y consumir antes de 3 días.","ean":"8433329079747"},{"full_name":"EL CORTE INGLES BIO alubia extra cocida al natural ecológica frasco 660 g","name":"alubia extra cocida al natural ecológica frasco 660 g","brand":"EL CORTE INGLES BIO ","img":"https://sgfm.elcorteingles.es/SGFM/dctm/MEDIA03/201703/28/00120723700249____1__600x600.jpg","price":"2,34 €","categories":["Supermercado","Dietéticos","Alimentación básica dietética","Conservas vegetales y de fruta","EL CORTE INGLES BIO alubia extra cocida al natural ecológica frasco 660 g"],"general_information":["Denominación del alimento: Alubia Blanca de agricultura ecológica, al natural, extra.","Nombre del operador: Elaborado para El Corte Inglés por \nConservas Pedro Luis, S.L.\nPoligono industrial El ramal 19\n31580 Lodosa (Navarra)\nEspaña","Lugar de procedencia del alimento: Producto de España","Cantidad Neta: 660 g","Peso neto escurrido: 500 g","Número de raciones por envase: ~ 3"],"ingredients":[" Alubia Blanca de agricultura ecológica, al natural, extra. \nIngredientes: Alubias*, agua y sal\n*Procedente de agricultura ecológica Puede contener"],"conservation":" Conservar en lugar fresco y seco. Una vez abierto, guardar en frigorífico y consumir antes de 3 días.","ean":"8433329079686"},{"full_name":"SANTIVERI dulce de membrillo con fructosa envase 400 g","name":"dulce de membrillo con fructosa envase 400 g","brand":"SANTIVERI ","img":"https://sgfm.elcorteingles.es/SGFM/00/01/8/0120708600018/0120708600018000g01011.jpg","price":"4,49 €","price_unit":"(11,22 € / Kilo)","categories":["Supermercado","Dietéticos","Alimentación básica dietética","Conservas vegetales y de fruta","SANTIVERI dulce de membrillo con fructosa envase 400 g"],"general_information":["Denominación del alimento: DULCE DE MEMBRILLO","Nombre del operador: CASA SANTIVERI S.L.","Dirección del operador: ENCUNY 8, 08038 BARCELONA","Cantidad Neta: 400 g"],"ingredients":[" pulpa de membrillo (52%), fructosa (46%), carragenato (espesante), goma de garrofín (espesante), ácido cítrico (antioxidante), benzoato sódico (conservador)"],"ean":"8412170006836"},{"full_name":"HUERTA REAL menestra de verduras ecológica frasco 830 g","name":"menestra de verduras ecológica frasco 830 g","brand":"HUERTA REAL ","img":"https://sgfm.elcorteingles.es/SGFM/dctm/MEDIA03/201702/28/00120723700199____1__600x600.jpg","price":"5,39 €","categories":["Supermercado","Dietéticos","Alimentación básica dietética","Conservas vegetales y de fruta","HUERTA REAL menestra de verduras ecológica frasco 830 g"],"general_information":[],"ingredients":[],"ean":"8410972161050"},{"full_name":"HUERTA REAL tiras de pimiento rojo ecológico asado a la leña frasco 578 g","name":"tiras de pimiento rojo ecológico asado a la leña frasco 578 g","brand":"HUERTA REAL ","img":"https://sgfm.elcorteingles.es/SGFM/dctm/MEDIA03/201702/28/00120723700165____1__600x600.jpg","price":"3,35 €","categories":["Supermercado","Dietéticos","Alimentación básica dietética","Conservas vegetales y de fruta","HUERTA REAL tiras de pimiento rojo ecológico asado a la leña frasco 578 g"],"general_information":[],"ingredients":[],"ean":"8410972160978"},{"full_name":"HUERTA REAL corazones de alcachofa ecológicos frasco 560 g","name":"corazones de alcachofa ecológicos frasco 560 g","brand":"HUERTA REAL ","img":"https://sgfm.elcorteingles.es/SGFM/dctm/MEDIA03/201702/28/00120723700173____1__600x600.jpg","price":"5,35 €","categories":["Supermercado","Dietéticos","Alimentación básica dietética","Conservas vegetales y de fruta","HUERTA REAL corazones de alcachofa ecológicos frasco 560 g"],"general_information":[],"ingredients":[],"ean":"8410972160985"},{"full_name":"HUERTA REAL boletus edulis ecológico en aceite de oliva frasco 350 g","name":"boletus edulis ecológico en aceite de oliva frasco 350 g","brand":"HUERTA REAL ","img":"https://sgfm.elcorteingles.es/SGFM/dctm/MEDIA03/201702/28/00120723700132____1__600x600.jpg","price":"4,90 €","categories":["Supermercado","Dietéticos","Alimentación básica dietética","Conservas vegetales y de fruta","HUERTA REAL boletus edulis ecológico en aceite de oliva frasco 350 g"],"general_information":[],"ingredients":[],"ean":"8410972160947"},{"full_name":"HUERTA REAL habitas baby ecológicas en aceite de oliva frasco 190 g","name":"habitas baby ecológicas en aceite de oliva frasco 190 g","brand":"HUERTA REAL ","img":"https://sgfm.elcorteingles.es/SGFM/dctm/MEDIA03/201702/28/00120723700181____1__600x600.jpg","price":"5,69 €","categories":["Supermercado","Dietéticos","Alimentación básica dietética","Conservas vegetales y de fruta","HUERTA REAL habitas baby ecológicas en aceite de oliva frasco 190 g"],"general_information":[],"ingredients":[],"ean":"8410972160893"},{"full_name":"HUERTA REAL tomate deshidratado ecológico en aceite de oliva virgen extra frasco 270 g","name":"tomate deshidratado ecológico en aceite de oliva virgen extra frasco 270 g","brand":"HUERTA REAL ","img":"https://sgfm.elcorteingles.es/SGFM/dctm/MEDIA03/201702/28/00120723700157____1__600x600.jpg","price":"2,40 €","categories":["Supermercado","Dietéticos","Alimentación básica dietética","Conservas vegetales y de fruta","HUERTA REAL tomate deshidratado ecológico en aceite de oliva virgen extra frasco 270 g"],"general_information":[],"ingredients":[],"ean":"8410972160961"},{"full_name":"CASA AMELLA garbanzos pequeños ecológicos cocidos al vapor bote 350 g","name":"garbanzos pequeños ecológicos cocidos al vapor bote 350 g","brand":"CASA AMELLA ","img":"https://sgfm.elcorteingles.es/SGFM/dctm/MEDIA03/201703/06/00120778401040____1__600x600.jpg","price":"3,48 €","price_unit":"(9,94 € / Kilo)","categories":["Supermercado","Dietéticos","Alimentación básica dietética","Conservas vegetales y de fruta","CASA AMELLA garbanzos pequeños ecológicos cocidos al vapor bote 350 g"],"general_information":["Denominación del alimento: Garbanzos pequeños Bio","Nombre del operador: Casa Amella Bio Food, S.L.","Dirección del operador: C/ Paral·lel a  Roureda nº 6, 08133 Castellterçol, Barcelona.","Cantidad Neta: 370 g"],"ingredients":[" *Garbanzos pequeños, caldo residual ?agua de cocción? y sal marina. (*De agricultura ecológica)"],"conservation":" Consumir antes de 3 días después de abrir. Conservar refrigerado entre +2 °C y + 4°C una vez abierto.","ean":"8436046348424"},{"full_name":"CASA AMELLA lentejas pardinas ecológicas cocidas al vapor bote 350 g","name":"lentejas pardinas ecológicas cocidas al vapor bote 350 g","brand":"CASA AMELLA ","img":"https://sgfm.elcorteingles.es/SGFM/dctm/MEDIA03/201703/06/00120778401057____1__600x600.jpg","price":"3,70 €","price_unit":"(10,57 € / Kilo)","categories":["Supermercado","Dietéticos","Alimentación básica dietética","Conservas vegetales y de fruta","CASA AMELLA lentejas pardinas ecológicas cocidas al vapor bote 350 g"],"general_information":["Denominación del alimento: Lentejas pardinas cocidas Bio","Nombre del operador: Casa Amella Bio Food, S.L.","Dirección del operador: C/ Paral·lel a  Roureda nº 6, 08133 Castellterçol, Barcelona.","Cantidad Neta: 370 g"],"ingredients":[" *Lentejas pardinas, caldo residual ?agua de cocción? y sal marina. (*De agricultura ecológica)"],"conservation":" Consumir antes de 3 días después de abrir. Conservar refrigerado entre +2 °C y + 4°C una vez abierto.","ean":"8436046348448"},{"full_name":"CASA AMELLA alubias del ganxet ecológicas cocidas al vapor bote 350 g","name":"alubias del ganxet ecológicas cocidas al vapor bote 350 g","brand":"CASA AMELLA ","img":"https://sgfm.elcorteingles.es/SGFM/dctm/MEDIA03/201703/06/00120778401032____1__600x600.jpg","price":"4,79 €","price_unit":"(13,69 € / Litro)","categories":["Supermercado","Dietéticos","Alimentación básica dietética","Conservas vegetales y de fruta","CASA AMELLA alubias del ganxet ecológicas cocidas al vapor bote 350 g"],"general_information":["Denominación del alimento: Alubias de Ganxet Bio","Nombre del operador: Casa Amella Bio Food, S.L.","Dirección del operador: C/ Paral·lel a  Roureda nº 6, 08133 Castellterçol, Barcelona.","Cantidad Neta: 370 g"],"ingredients":[" *Alubias del ganxet, caldo residual ?agua de cocción? y sal marina. (*De agricultura ecológica.)"],"conservation":" Consumir antes de 3 días después de abrir. Conservar refrigerado entre +2 °C y + 4°C una vez abierto.","ean":"8436046348431"},{"full_name":"ESGIR cebolla crujiente sin gluten paquete 70 g","name":"cebolla crujiente sin gluten paquete 70 g","brand":"ESGIR ","img":"https://sgfm.elcorteingles.es/SGFM/dctm/MEDIA03/201706/01/00120745202430____1__600x600.jpg","price":"1,15 €","price_unit":"(16,43 € / Kilo)","categories":["Supermercado","Dietéticos","Alimentación básica dietética","Conservas vegetales y de fruta","ESGIR cebolla crujiente sin gluten paquete 70 g"],"general_information":["Denominación del alimento: Cebolla crujiente sin gluten","Nombre del operador: Esgir S.L.","Dirección del operador: C/Alberic 5 - C.P. 46680 Algemesí (Valencia)","Lugar de procedencia del alimento: Valencia (España)","Cantidad Neta: 70 g","Peso neto escurrido: 70 g"],"ingredients":[" Cebolla 75%, aceite de palma, trigo sarraceno, sal"],"conservation":" Consérvese en lugar fresco y seco. Sin olores y preservado de la luz solar.","ean":"8414472102582"},{"full_name":"ETHIQUABLE piña entera de Madagascar ecológica en su jugo lata 425 g","name":"piña entera de Madagascar ecológica en su jugo lata 425 g","brand":"ETHIQUABLE ","img":"https://sgfm.elcorteingles.es/SGFM/dctm/MEDIA03/201707/08/00200323700351____1__600x600.jpg","price":"3,99 €","price_unit":"(9,39 € / Kilo)","categories":["Supermercado","Dietéticos","Alimentación básica dietética","Conservas vegetales y de fruta","ETHIQUABLE piña entera de Madagascar ecológica en su jugo lata 425 g"],"general_information":["Denominación del alimento: Piña en lata BIO","Nombre del operador: IDEAS S.C.A.","Dirección del operador: 14420 Villafranca de Córdoba, Córdoba, ESPAÑA","Cantidad Neta: 425 g"],"ingredients":[" Piña, zumo de piña"],"conservation":" Conservar en lugar fresco y seco","ean":"3760091725189"},{"full_name":"VALMASERA tomate natural troceado bio orgánic de producción ecológica lata 390 g","name":"tomate natural troceado bio orgánic de producción ecológica lata 390 g","brand":"VALMASERA ","img":"https://sgfm.elcorteingles.es/SGFM/dctm/MEDIA03/201701/27/00120752600377____1__600x600.jpg","price":"1,90 €","categories":["Supermercado","Dietéticos","Alimentación básica dietética","Conservas vegetales y de fruta","VALMASERA tomate natural troceado bio orgánic de producción ecológica lata 390 g"],"general_information":[],"ingredients":[],"ean":"8436018044125"},{"full_name":"AGROMALLORCA tomate de ramillete de Mallorca ecológico y sin gluten 100% natural tarro 195 g","name":"tomate de ramillete de Mallorca ecológico y sin gluten 100% natural tarro 195 g","brand":"AGROMALLORCA ","img":"https://sgfm.elcorteingles.es/SGFM/dctm/MEDIA03/201703/02/00120755400106____1__600x600.jpg","price":"4,85 €","price_unit":"(24,87 € / Kilo)","categories":["Supermercado","Dietéticos","Alimentación básica dietética","Conservas vegetales y de fruta","AGROMALLORCA tomate de ramillete de Mallorca ecológico y sin gluten 100% natural tarro 195 g"],"general_information":[],"ingredients":[],"ean":"8435023450211"},{"full_name":"SANTIVERI arándanos rojos desecados envase 125 g","name":"arándanos rojos desecados envase 125 g","brand":"SANTIVERI ","img":"https://sgfm.elcorteingles.es/SGFM/dctm/MEDIA02/CONTENIDOS/201502/16/00120708600463____1__600x600.jpg","price":"4,09 €","price_unit":"(32,72 € / Kilo)","categories":["Supermercado","Dietéticos","Alimentación básica dietética","Frutas deshidratadas","SANTIVERI arándanos rojos desecados envase 125 g"],"general_information":["Denominación del alimento: ARANDANOS ROJOS DESECADOS","Nombre del operador: CASA SANTIVERI S.L.","Dirección del operador: ENCUNY 8, 08038 BARCELONA","Cantidad Neta: 125 g"],"ingredients":[" arándanos rojos desecados, azúcar, aroma, ácido cítrico (conservador), zumo concentrado de saúco"],"ean":"8412170024441"},{"full_name":"EL HORNO DE LEÑA cócktel ecológico de frutos rojos bolsa 150 g","name":"cócktel ecológico de frutos rojos bolsa 150 g","brand":"EL HORNO DE LEÑA ","img":"https://sgfm.elcorteingles.es/SGFM/dctm/MEDIA03/201706/07/00120752700615____1__600x600.jpg","price":"5,45 €","price_unit":"(36,33 € / Kilo)","categories":["Supermercado","Dietéticos","Alimentación básica dietética","Frutas deshidratadas","EL HORNO DE LEÑA cócktel ecológico de frutos rojos bolsa 150 g"],"general_information":[],"ingredients":[],"ean":"8421615029026"},{"full_name":"LINWOODS bayas de Goji desecadas al sol envase 250 g","name":"bayas de Goji desecadas al sol envase 250 g","brand":"LINWOODS ","img":"https://sgfm.elcorteingles.es/SGFM/dctm/MEDIA02/CONTENIDOS/201511/11/00120778400950____1__600x600.jpg","price":"12,95 €","price_unit":"(51,80 € / Kilo)","categories":["Supermercado","Dietéticos","Alimentación básica dietética","Frutas deshidratadas","LINWOODS bayas de Goji desecadas al sol envase 250 g"],"general_information":["Denominación del alimento: Bayas de Goji","Nombre del operador: JOHN WOODS (LISGLYN) LTD","Dirección del operador: 190 MONAGHAN RD. ARMAGH (IRELAND) BT60 4EZ (REINO UNIDO)","Cantidad Neta: 250 g"],"ingredients":[" bayas de goji desecadas al sol."],"conservation":" Una vez abierto, mantener refrigerado y consumir en 45 días.","ean":"5016887003015"},{"full_name":"SNACKISSIMO snack 100% fruta bajo en calorías sin gluten sabor fresa 5 bolsitas caja 90 g","name":"snack 100% fruta bajo en calorías sin gluten sabor fresa 5 bolsitas caja 90 g","brand":"SNACKISSIMO ","img":"https://sgfm.elcorteingles.es/SGFM/dctm/MEDIA02/CONTENIDOS/201511/30/00120713300984____2__600x600.jpg","price":"3,50 €","categories":["Supermercado","Dietéticos","Alimentación básica dietética","Frutas deshidratadas","SNACKISSIMO snack 100% fruta bajo en calorías sin gluten sabor fresa 5 bolsitas caja 90 g"],"general_information":["Denominación del alimento: Preparado de fruta a base de puré y zumo de fruta concentrada.","Nombre del operador: Foodissimo, S.A.","Dirección del operador: C/Tarragona, 106. 08015, Barcelona","Cantidad Neta: 90 g","Número de raciones por envase: 5","Otras menciones obligatorias en la etiqueta: Sin gluten, sin conservadores, sin azúcares añadido, bajo en grasa."],"ingredients":[" Puré de manzana concentrado (40.6%), zumo de manzana concentrado (33,5%), puré de fresa (22.3%), zumo de bayas de sauco concentrado (0,5%), gelificante (pectina de fruta), fibra cítrica, aroma natural de fruta."],"conservation":" Conservar en lugar fresco y seco.","ean":"8435199602346"},{"full_name":"SNACKISSIMO snack 100% fruta bajo en calorías sin gluten sabor fresa bolsita 18 g","name":"snack 100% fruta bajo en calorías sin gluten sabor fresa bolsita  18 g","brand":"SNACKISSIMO ","img":"https://sgfm.elcorteingles.es/SGFM/dctm/MEDIA03/201606/24/00120713301016____1__600x600.jpg","price":"0,79 €","categories":["Supermercado","Dietéticos","Alimentación básica dietética","Frutas deshidratadas","SNACKISSIMO snack 100% fruta bajo en calorías sin gluten sabor fresa bolsita 18 g"],"general_information":[],"ingredients":[],"ean":"8435199602292"},{"full_name":"SNACKISSIMO snack 100% fruta bajo en calorías sin gluten sabor pera con chocolate 5 bolsitas caja 125 g","name":"snack 100% fruta bajo en calorías sin gluten sabor pera con chocolate 5 bolsitas caja 125 g","brand":"SNACKISSIMO ","img":"https://sgfm.elcorteingles.es/SGFM/dctm/MEDIA02/CONTENIDOS/201511/30/00120713301008____2__600x600.jpg","price":"3,99 €","categories":["Supermercado","Dietéticos","Alimentación básica dietética","Frutas deshidratadas","SNACKISSIMO snack 100% fruta bajo en calorías sin gluten sabor pera con chocolate 5 bolsitas caja 125 g"],"general_information":["Denominación del alimento: Preparado de fruta recubierta de chocolate negro.","Nombre del operador: Foodissimo, S.A.","Dirección del operador: C/Tarragona, 106. 08015, Barcelona","Cantidad Neta: 125 g","Número de raciones por envase: 5","Otras menciones obligatorias en la etiqueta: Sin gluten, sin conservadores, sin azúcares añadido, bajo en grasa."],"ingredients":[" Preparado de frutas( 53%): Puré de manzana concentrado (30.9%), puré de pera concentrado (14.8%), zumo de manzana concentrado (13.4%), zumo de pera concentrado (6,8%), gelificante (pectina de fruta), fibra cítrica, aroma natural de fruta. Cobertura (47%): Pasta de cacao, azúcar. emulgente: lecitina de soja, aroma natural de vainilla (E904), agente de recubrimiento."],"conservation":" Conservar en lugar fresco y seco.","ean":"8435199602360"},{"full_name":"SNACKISSIMO snack 100% fruta bajo en calorías sin gluten sabor frambuesa y yogur 5 bolsitas caja 125 g","name":"snack 100% fruta bajo en calorías sin gluten sabor frambuesa y yogur 5 bolsitas caja 125 g","brand":"SNACKISSIMO ","img":"https://sgfm.elcorteingles.es/SGFM/dctm/MEDIA02/CONTENIDOS/201511/30/00120713300992____2__600x600.jpg","price":"3,99 €","categories":["Supermercado","Dietéticos","Alimentación básica dietética","Frutas deshidratadas","SNACKISSIMO snack 100% fruta bajo en calorías sin gluten sabor frambuesa y yogur 5 bolsitas caja 125 g"],"general_information":["Denominación del alimento: Preparado de fruta recubierta de chocolate blanco y yogur.","Nombre del operador: Foodissimo, S.A.","Dirección del operador: C/Tarragona, 106. 08015, Barcelona","Cantidad Neta: 125 g","Número de raciones por envase: 5","Otras menciones obligatorias en la etiqueta: Sin gluten, sin conservadores, sin azúcares añadido, bajo en grasa."],"ingredients":[" Preparado de frutas (50%): puré de manzana concentrado (20.3%), zumo de manzana concentrado (16.8%), puré de frambuesa (11.2%), zumo de bayas de saúco concentrado (0.2%), gelificante (pectina de fruta), fibra cítrica, aroma natural de fruta. Cobertura (50%): chocolate blanco (45%) (azúcar, manteca de cacao, leche desnatada en polvo, materia grasa láctea anhidra, emulgente: lecitina de soja, aroma natural de vainilla, aroma), yogur en polvo (5%) (leche desnatada, fermentos lácticos), manteca de cacao."],"conservation":" Conservar en lugar fresco y seco.","ean":"8435199602353"},{"full_name":"SNACKISSIMO snack 100% fruta bajo en calorías sin gluten sabor manzana 5 bolsitas caja 90 g","name":"snack 100% fruta bajo en calorías sin gluten sabor manzana 5 bolsitas caja 90 g","brand":"SNACKISSIMO ","img":"https://sgfm.elcorteingles.es/SGFM/dctm/MEDIA02/CONTENIDOS/201511/30/00120713300976____2__600x600.jpg","price":"3,50 €","categories":["Supermercado","Dietéticos","Alimentación básica dietética","Frutas deshidratadas","SNACKISSIMO snack 100% fruta bajo en calorías sin gluten sabor manzana 5 bolsitas caja 90 g"],"general_information":["Denominación del alimento: Preparado de fruta a base de puré y zumo de fruta concentrada.","Nombre del operador: Foodissimo, S.A.","Dirección del operador: C/Tarragona, 106. 08015, Barcelona","Cantidad Neta: 90 g","Número de raciones por envase: 5","Otras menciones obligatorias en la etiqueta: Sin gluten, sin conservadores, sin azúcares añadido, bajo en grasa."],"ingredients":[" Puré de manzana concentrado (56%), zumo de manzana concentrado (41%), gelificante (pectina de fruta), fibra cítrica, aroma natural de manzana."],"conservation":" Conservar en lugar fresco y seco.","ean":"8435199602339"},{"full_name":"SNACKISSIMO snack 100% fruta bajo en calorías sin gluten sabor pera 5 bolsitas caja 90 g","name":"snack 100% fruta bajo en calorías sin gluten sabor pera 5 bolsitas caja 90 g","brand":"SNACKISSIMO ","img":"https://sgfm.elcorteingles.es/SGFM/dctm/MEDIA02/CONTENIDOS/201511/30/00120713300968____2__600x600.jpg","price":"3,50 €","categories":["Supermercado","Dietéticos","Alimentación básica dietética","Frutas deshidratadas","SNACKISSIMO snack 100% fruta bajo en calorías sin gluten sabor pera 5 bolsitas caja 90 g"],"general_information":["Denominación del alimento: Preparado de fruta a base de puré y zumo de fruta concentrada.","Nombre del operador: Foodissimo, S.A.","Dirección del operador: C/Tarragona, 106. 08015, Barcelona","Cantidad Neta: 90 g","Número de raciones por envase: 5","Otras menciones obligatorias en la etiqueta: Sin gluten, sin conservadores, sin azúcares añadido, bajo en grasa."],"ingredients":[" Puré de manzana concentrado (30.9%), puré de pera concentrado (28%), zumo de manzana concentrado (25.2%), zumo de pera concentrado (12.9%), gelificante (pectina de fruta), fibra cítrica, aroma natural de fruta."],"conservation":" Conservar en lugar fresco y seco.","ean":"8435199602322"},{"full_name":"SPECIAL LINE Bio caldo de pollo bajo contenido en grasa ecológico envase 1 l","name":"Bio caldo de pollo bajo contenido en grasa ecológico envase 1 l","brand":"SPECIAL LINE ","img":"https://sgfm.elcorteingles.es/SGFM//00/16/8/0120752300168/0120752300168000g01011.jpg","price":"1,69 €","price_unit":"(1,69 € / Litro)","categories":["Supermercado","Dietéticos","Alimentación básica dietética","Gazpacho, caldos, sopas y purés","SPECIAL LINE Bio caldo de pollo bajo contenido en grasa ecológico envase 1 l"],"general_information":["Denominación del alimento: Caldo de pollo bio UHT","Nombre del operador: Elaborado para el Grupo El Corte Inglés\nHermosilla, 112 ? 28009 Madrid\nEspaña por NIF: B43768233","Número de raciones por envase: 4.0"],"ingredients":[" Ingredientes: Agua, maltodextrina de maíz*, almidón de mandioca*, sal marina, extracto de levadura*, carne y grasa de pollo* (0.13%), aceite de oliva*, hortalizas* (cebolla*, apio* y zanahoria*), especias* (cúrcuma*, pimienta*, nuez moscada* y romero*) y aroma natural (contiene huevo). \n*Procedente de Agricultura ecológica."],"conservation":" Conservar en lugar fresco, seco y protegido de la luz. Una vez abierto, puede conservarlo hasta 3 días en el frigorífico (+4ºC) y hasta un mes en el congelador (-18ºC) utilizando un recipiente adecuado.","ean":"8433329050579"},{"full_name":"SPECIAL LINE Bio caldo de verduras sin grasa ecológico envase 1 l","name":"Bio caldo de verduras sin grasa ecológico envase 1 l","brand":"SPECIAL LINE ","img":"https://sgfm.elcorteingles.es/SGFM//00/17/6/0120752300176/0120752300176000g01011.jpg","price":"1,69 €","price_unit":"(1,69 € / Litro)","categories":["Supermercado","Dietéticos","Alimentación básica dietética","Gazpacho, caldos, sopas y purés","SPECIAL LINE Bio caldo de verduras sin grasa ecológico envase 1 l"],"general_information":["Denominación del alimento: Caldo de verduras UHT bio.","Nombre del operador: Elaborado para el Grupo El Corte Inglés\nHermosilla, 112 ? 28009 Madrid\nEspaña por NIF: B43768233","Número de raciones por envase: 4.0"],"ingredients":[" Ingredientes: Agua, maltodextrina de maíz*, almidón de mandioca*, sal marina, extracto de levadura*, hortalizas* (0.3%) (cebolla*, col*, zanahoria*, tomate*, ajo* y apio*), harina de arroz*, aceite de oliva virgen extra*, aroma natural y aceite de girasol*.\n*Procedente de Agricultura ecológica."],"conservation":" Conservar en lugar fresco, seco y protegido de la luz. Una vez abierto, puede conservarlo hasta 3 días en el frigorífico (+4ºC) y hasta un mes en el congelador (-18ºC) utilizando un recipiente adecuado.","ean":"8433329050586"},{"full_name":"EL CORTE INGLES BIO crema de verduras ecológica y sin gluten frasco 485 g","name":"crema de verduras ecológica y sin gluten frasco 485 g","brand":"EL CORTE INGLES BIO ","img":"https://sgfm.elcorteingles.es/SGFM/dctm/MEDIA03/201703/28/00120752301067____1__600x600.jpg","price":"2,69 €","categories":["Supermercado","Dietéticos","Alimentación básica dietética","Gazpacho, caldos, sopas y purés","EL CORTE INGLES BIO crema de verduras ecológica y sin gluten frasco 485 g"],"general_information":["Denominación del alimento: Crema de verduras de agricultura biológica","Nombre del operador: Elaborado para El Corte Inglés por \nConservas Pedro Luis, S.L.\nPoligono industrial El ramal 19\n31580 Lodosa (Navarra)\nEspaña","Lugar de procedencia del alimento: Producto de España","Cantidad Neta: 485 g","Número de raciones por envase: ~ 2"],"ingredients":[" Crema de verduras \nIngredientes: Patata pelada*, acelga*, zanahoria* agua de cocción, cebolla*, judía verde*, espinaca*, aceite de oliva virgen extra*, sal y ajo*\n*Procedente de agricultura ecológica."],"conservation":" Una vez abierto, conservar en el frigorifico y consumir antes de 3 días.","ean":"8433329079730"},{"full_name":"EL CORTE INGLES BIO crema de calabacín ecológica y sin gluten frasco 485 g","name":"crema de calabacín ecológica y sin gluten frasco 485 g","brand":"EL CORTE INGLES BIO ","img":"https://sgfm.elcorteingles.es/SGFM/dctm/MEDIA03/201703/28/00120752301034____1__600x600.jpg","price":"2,69 €","categories":["Supermercado","Dietéticos","Alimentación básica dietética","Gazpacho, caldos, sopas y purés","EL CORTE INGLES BIO crema de calabacín ecológica y sin gluten frasco 485 g"],"general_information":["Denominación del alimento: Crema de calabacín de agricultura ecológica","Nombre del operador: Elaborado para El Corte Inglés por \nConservas Pedro Luis, S.L.\nPoligono industrial El ramal 19\n31580 Lodosa (Navarra)\nEspaña","Lugar de procedencia del alimento: Producto de España","Cantidad Neta: 485 g","Número de raciones por envase: ~ 2"],"ingredients":[" Ingredientes: Calabacín* (31%), agua de cocción, patata pelada*, cebolla*, aceite de oliva virgen extra*, sal y ajo*\n*Procedente de agricultura ecológica."],"conservation":" Una vez abierto, conservar en el frigorifico y consumir antes de 3 días.","ean":"8433329079709"},{"full_name":"EL CORTE INGLES BIO crema de calabaza ecológica y sin gluten frasco 485 g","name":"crema de calabaza ecológica y sin gluten frasco 485 g","brand":"EL CORTE INGLES BIO ","img":"https://sgfm.elcorteingles.es/SGFM/dctm/MEDIA03/201703/28/00120752301042____1__600x600.jpg","price":"2,69 €","categories":["Supermercado","Dietéticos","Alimentación básica dietética","Gazpacho, caldos, sopas y purés","EL CORTE INGLES BIO crema de calabaza ecológica y sin gluten frasco 485 g"],"general_information":["Denominación del alimento: Crema de calabaza de agricultura biológica","Nombre del operador: Elaborado para El Corte Inglés por \nConservas Pedro Luis, S.L.\nPoligono industrial El ramal 19\n31580 Lodosa (Navarra)\nEspaña","Lugar de procedencia del alimento: Producto de España","Cantidad Neta: 485 g","Número de raciones por envase: ~ 2"],"ingredients":[" Ingredientes: Calabaza* (36%), agua de cocción, patata pelada*, zanahoria*, cebolla*, aceite de oliva virgen extra*, sal y ajo*.\n*Procedente de agricultura ecológica."],"conservation":" Una vez abierto, conservar en el frigorifico y consumir antes de 3 días.","ean":"8433329079716"},{"full_name":"EL CORTE INGLES BIO crema de brócoli ecológica y sin gluten frasco 485 g","name":"crema de brócoli ecológica y sin gluten frasco 485 g","brand":"EL CORTE INGLES BIO ","img":"https://sgfm.elcorteingles.es/SGFM/dctm/MEDIA03/201703/28/00120752301026____1__600x600.jpg","price":"2,69 €","categories":["Supermercado","Dietéticos","Alimentación básica dietética","Gazpacho, caldos, sopas y purés","EL CORTE INGLES BIO crema de brócoli ecológica y sin gluten frasco 485 g"],"general_information":["Denominación del alimento: Crema de brócoli de agricultura biológica","Nombre del operador: Elaborado para El Corte Inglés por \nConservas Pedro Luis, S.L.\nPoligono industrial El ramal 19\n31580 Lodosa (Navarra)\nEspaña","Lugar de procedencia del alimento: Producto de España","Cantidad Neta: 485 g","Número de raciones por envase: ~ 2"],"ingredients":[" Ingredientes: Brócoli* (35%) ,agua de cocción, patata pelada*, cebolla*, aceite de oliva virgen extra*, sal, y ajo*.\n*Procedente de agricultura ecológica."],"conservation":" Una vez abierto, conservar en el frigorifico y consumir antes de 3 días.","ean":"8433329079693"},{"full_name":"EL CORTE INGLES BIO crema de legumbres ecológica y sin gluten frasco 485 g","name":"crema de legumbres ecológica y sin gluten frasco 485 g","brand":"EL CORTE INGLES BIO ","img":"https://sgfm.elcorteingles.es/SGFM/dctm/MEDIA03/201703/28/00120752301059____1__600x600.jpg","price":"2,69 €","categories":["Supermercado","Dietéticos","Alimentación básica dietética","Gazpacho, caldos, sopas y purés","EL CORTE INGLES BIO crema de legumbres ecológica y sin gluten frasco 485 g"],"general_information":["Denominación del alimento: Crema de legumbres de agricultura biológica","Nombre del operador: Elaborado para El Corte Inglés por \nConservas Pedro Luis, S.L.\nPoligono industrial El ramal 19\n31580 Lodosa (Navarra)\nEspaña","Lugar de procedencia del alimento: Producto de España","Cantidad Neta: 485 g","Número de raciones por envase: ~ 2"],"ingredients":[" Ingredientes: garbanzo* , lenteja*, patata pelada*, agua de cocción, zanahoria*, cebolla*, aceite de oliva virgen extra*, sal, y ajo*\n*Procedente de agricultura ecológica."],"conservation":" Una vez abierto, conservar en el frigorifico y consumir antes de 3 días.","ean":"8433329079723"},{"full_name":"SANTIVERI preparado para sopa juliana bolsa 125 g","name":"preparado para sopa juliana bolsa 125 g","brand":"SANTIVERI ","img":"https://sgfm.elcorteingles.es/SGFM/00/22/4/0120700500224/0120700500224000g01011.jpg","price":"3,05 €","price_unit":"(24,40 € / Kilo)","categories":["Supermercado","Dietéticos","Alimentación básica dietética","Gazpacho, caldos, sopas y purés","SANTIVERI preparado para sopa juliana bolsa 125 g"],"general_information":["Denominación del alimento: SOPA JULIANA. PREPARADO ALIMENTICIO","Nombre del operador: CASA SANTIVERI S.L.","Dirección del operador: ENCUNY 8, 08038 BARCELONA","Cantidad Neta: 125 g"],"ingredients":[" patata, zanahoria, cebolla, puerro, chirivía, perejil, apio, col"],"ean":"8412170003156"},{"full_name":"SANTIVERI caldo vegetal 12 pastillas envase 132 g","name":"caldo vegetal 12 pastillas envase 132 g","brand":"SANTIVERI ","img":"https://sgfm.elcorteingles.es/SGFM/00/10/9/0120700500109/0120700500109000g01011.jpg","price":"2,05 €","price_unit":"(15,53 € / Kilo)","categories":["Supermercado","Dietéticos","Alimentación básica dietética","Gazpacho, caldos, sopas y purés","SANTIVERI caldo vegetal 12 pastillas envase 132 g"],"general_information":["Denominación del alimento: CALDO VEGETAL EN PASTILLAS","Nombre del operador: CASA SANTIVERI S.L.","Dirección del operador: ENCUNY 8, 08038 BARCELONA","Cantidad Neta: 132 g"],"ingredients":[" sal, grasa vegetal de palma, glutamato, EXTRACTO DE LEVADURA, verduras y hortalizas ecológicas deshidratadas, cebolla, puerro, apio, zanahoria, ajo, perejil, aroma, cúrcuma, harina de arroz"],"ean":"8412170024427"},{"full_name":"SANTIVERI caldo vegetal sin sal 12 pastillas estuche 100 g","name":"caldo vegetal sin sal 12 pastillas estuche 100 g","brand":"SANTIVERI ","img":"https://sgfm.elcorteingles.es/SGFM/dctm/MEDIA02/CONTENIDOS/201411/14/00120700500117____1__600x600.jpg","price":"2,29 €","price_unit":"(22,90 € / Kilo)","categories":["Supermercado","Dietéticos","Alimentación básica dietética","Gazpacho, caldos, sopas y purés","SANTIVERI caldo vegetal sin sal 12 pastillas estuche 100 g"],"general_information":["Denominación del alimento: CALDO VEGETAL SIN SAL PASTILLA","Nombre del operador: CASA SANTIVERI S.L.","Dirección del operador: ENCUNY 8, 08038 BARCELONA","Cantidad Neta: 100 g"],"ingredients":[" LACTOSA, grasa vegetal de palma, EXTRACTO DE LEVADURA, fécula de patata, verduras y hortalizas deshidratadas (6,7%), cebolla, tomate, zanahoria, ajo, puerro, apio, perejil, aroma, bayas de enebro, harina de arroz"],"ean":"8412170024823"},{"full_name":"SANTIVERI caldo vegetal sin gluten sin lactosa 12 pastillas envase 120 g","name":"caldo vegetal sin gluten sin lactosa 12 pastillas envase 120 g","brand":"SANTIVERI ","img":"https://sgfm.elcorteingles.es/SGFM/00/36/4/0120700500364/0120700500364000g01011.jpg","price":"2,79 €","price_unit":"(23,25 € / Kilo)","categories":["Supermercado","Dietéticos","Alimentación básica dietética","Gazpacho, caldos, sopas y purés","SANTIVERI caldo vegetal sin gluten sin lactosa 12 pastillas envase 120 g"],"general_information":["Denominación del alimento: CALDO VEGETAL","Nombre del operador: CASA SANTIVERI S.L.","Dirección del operador: ENCUNY 8, 08038 BARCELONA","Cantidad Neta: 120 g"],"ingredients":[" grasa vegetal de palma, sal, PROTEÍNA DE SOJA, levadura, almidón de maíz, azúcar, aroma, hortalizas (5,2%), apio, tomate, cebolla, puerro, zanahoria, especias, extracto de romero"],"ean":"8412170029255"},{"full_name":"SANTIVERI crema de alcachofa envase 285 g","name":"crema de alcachofa envase 285 g","brand":"SANTIVERI ","img":"https://sgfm.elcorteingles.es/SGFM/dctm/MEDIA03/201709/27/00120700500398____1__600x600.jpg","price":"6,89 €","price_unit":"(24,18 € / Kilo)","categories":["Supermercado","Dietéticos","Alimentación básica dietética","Gazpacho, caldos, sopas y purés","SANTIVERI crema de alcachofa envase 285 g"],"general_information":["Denominación del alimento: CREMA DE ALCACHOFA","Nombre del operador: CASA SANTIVERI S.L.","Dirección del operador: ENCUNY 8, 08038 BARCELONA","Cantidad Neta: 285 g"],"ingredients":[" alcachofa (67%), agua, aceite de girasol, zumo de limón, sal marina, ácido ascórbico (antioxidante), goma de guar (estabilizador), aroma"],"ean":"8412170000704"},{"full_name":"SANTIVERI Naturalia caldo vegetal biológico en pastillas envase 10 unidades","name":"Naturalia caldo vegetal biológico en pastillas envase 10 unidades","brand":"SANTIVERI ","img":"https://sgfm.elcorteingles.es/SGFM/dctm/MEDIA02/CONTENIDOS/201411/14/00120753801008____1__600x600.jpg","price":"2,59 €","price_unit":"(23,55 € / Kilo)","categories":["Supermercado","Dietéticos","Alimentación básica dietética","Gazpacho, caldos, sopas y purés","SANTIVERI Naturalia caldo vegetal biológico en pastillas envase 10 unidades"],"general_information":["Denominación del alimento: CALDO VEGETAL BIO","Nombre del operador: CASA SANTIVERI S.L.","Dirección del operador: ENCUNY 8, 08038 BARCELONA","Cantidad Neta: 100 g"],"ingredients":[" sal marina, azúcar de caña integral ecológico, hortalizas ecológicas deshidratadas, cebolla ecológica, apio ecológico, zanahoria ecológica, tomate ecológico, espinaca ecológica, perejil ecológico, almidón de maíz ecológico, aceite de girasol ecológico, EXTRACTO DE LEVADURA, especias"],"ean":"8412170024335"},{"full_name":"GRANOVITA caldo vegetal biológico en pastillas envase 10 unidades","name":"caldo vegetal biológico en pastillas envase 10 unidades","brand":"GRANOVITA ","img":"https://sgfm.elcorteingles.es/SGFM//00/34/1/0120752300341/0120752300341000g01011.jpg","price":"2,61 €","price_unit":"(31,07 € / Kilo)","categories":["Supermercado","Dietéticos","Alimentación básica dietética","Gazpacho, caldos, sopas y purés","GRANOVITA caldo vegetal biológico en pastillas envase 10 unidades"],"general_information":[],"ingredients":[],"ean":"8423266500534"},{"full_name":"GRANOVITA caldo vegetal ecológico bajo en sal, sin gluten, sin lactosa y sin aceite de palma caja 6 pastillas","name":"caldo vegetal ecológico bajo en sal, sin gluten, sin lactosa y sin aceite de palma caja 6 pastillas","brand":"GRANOVITA ","img":"https://sgfm.elcorteingles.es/SGFM/dctm/MEDIA03/201705/17/00120752301166____1__600x600.jpg","price":"1,35 €","price_unit":"(20,45 € / Kilo)","categories":["Supermercado","Dietéticos","Alimentación básica dietética","Gazpacho, caldos, sopas y purés","GRANOVITA caldo vegetal ecológico bajo en sal, sin gluten, sin lactosa y sin aceite de palma caja 6 pastillas"],"general_information":[],"ingredients":[],"ean":"4046006074078"},{"full_name":"GRANOVITA caldo vegetal ecológico sin levadura bajo en sal, sin gluten, sin lactosa caja 6 pastillas sin aceite de palma","name":"caldo vegetal ecológico sin levadura bajo en sal, sin gluten, sin lactosa caja 6 pastillas","brand":"GRANOVITA ","img":"https://sgfm.elcorteingles.es/SGFM/dctm/MEDIA03/201705/17/00120752301158____1__600x600.jpg","price":"1,00 €","price_unit":"(15,15 € / Kilo)","categories":["Supermercado","Dietéticos","Alimentación básica dietética","Gazpacho, caldos, sopas y purés","GRANOVITA caldo vegetal ecológico sin levadura bajo en sal, sin gluten, sin lactosa caja 6 pastillas sin aceite de palma"],"general_information":[],"ingredients":[],"ean":"4046006074061"},{"full_name":"ANETO caldo natural de alcachofa para beber depurativo ecológico envase 1 l","name":"caldo natural de alcachofa para beber depurativo ecológico envase 1 l","brand":"ANETO ","img":"https://sgfm.elcorteingles.es/SGFM/dctm/MEDIA03/201609/08/00120752300531____1__600x600.jpg","price":"5,27 €","categories":["Supermercado","Dietéticos","Alimentación básica dietética","Gazpacho, caldos, sopas y purés","ANETO caldo natural de alcachofa para beber depurativo ecológico envase 1 l"],"general_information":["Denominación del alimento: Caldo Natural","Nombre del operador: ANETO NATURAL, S.L.","Dirección del operador: Calle Sant Jordi, s/n - 08271 Artés","Cantidad Neta: 1 Litros"],"ingredients":[" Agua, alcachofa (5%), cebolla (4,5%), espárragos verdes (3%), hinojo, jengibre, menta fresca, apio, aceite de oliva"],"conservation":" Conservar a temperatura ambiente en lugar fresco y seco. Una vez abierto, puede conservarse hasta 4 días en el frigorífico (+4°C), y hasta 1 mes en el congelador*** (-18°C)","ean":"8410748701060"},{"full_name":"ANETO caldo natural de zanahoria ecológico envase 1 l","name":"caldo natural de zanahoria ecológico envase 1 l","brand":"ANETO ","img":"https://sgfm.elcorteingles.es/SGFM/dctm/MEDIA03/201706/29/00120752301117____1__600x600.jpg","price":"5,29 €","price_unit":"(5,29 € / Litro)","categories":["Supermercado","Dietéticos","Alimentación básica dietética","Gazpacho, caldos, sopas y purés","ANETO caldo natural de zanahoria ecológico envase 1 l"],"general_information":["Denominación del alimento: Caldo Natural","Nombre del operador: ANETO NATURAL, S.L.","Dirección del operador: Calle Sant Jordi, s/n - 08271 Artés","Cantidad Neta: 1 Litros"],"ingredients":[" Agua, zanahoria (19%), puerro, aceite de oliva virgen extra, apio, sal marina"],"conservation":" Conservar a temperatura ambiente en lugar fresco y seco. Una vez abierto, puede conservarse hasta 4 días en el frigorífico (+4°C), y hasta 1 mes en el congelador*** (-18°C)","ean":"8410748721068"},{"full_name":"NATURGREEN Bio sopa de 8 verduras y fideos ecológica sin lactosa 2 raciones envase 40 g","name":"Bio sopa de 8 verduras y fideos ecológica sin lactosa 2 raciones envase 40 g","brand":"NATURGREEN ","img":"https://sgfm.elcorteingles.es/SGFM/dctm/MEDIA03/201702/03/00120752300705____1__600x600.jpg","price":"1,75 €","price_unit":"(43,75 € / Kilo)","categories":["Supermercado","Dietéticos","Alimentación básica dietética","Gazpacho, caldos, sopas y purés","NATURGREEN Bio sopa de 8 verduras y fideos ecológica sin lactosa 2 raciones envase 40 g"],"general_information":["Denominación del alimento: Sopa de fideos 8 Verduras Bio","Nombre del operador: Laboratorios Almond SL","Dirección del operador: Avda. Cabecicos Blancos, Parcela 18 2.B. Parque empresarial Cabecicos Blancos 30892 - Librilla, Murcia (Spain)","Cantidad Neta: 40 g","Peso neto escurrido: 40 g","Otras menciones obligatorias en la etiqueta: Ingredientes procedentes de agricultura ecológica"],"ingredients":[" Pasta (53%: sémola de trigo duro), verduras (20%: pimiento rojo y verde, cebolla, zanahoria,  puerro, brócoli, calabaza, patata y ajo), maltodextrina de maíz, caldo de verduras (sal marina, extracto de levadura, harina de arroz, aceite de palma -de cultivo sostenible-, cebolla, cúrcuma y ajo), almidón de maíz, sal marina, extracto de levadura, aroma natural, perejil y pimentón dulce.  Este producto puede contener frutos secos, apio, soja y sésamo."],"conservation":" Producto deshidratado / Guárdese en lugar fresco y seco","ean":"8436542190701"},{"full_name":"NATURGREEN Bio sopa de letras con verduras ecológica y sin lactosa 2 raciones envase 40 g","name":"Bio sopa de letras con verduras ecológica y sin lactosa 2 raciones envase 40 g","brand":"NATURGREEN ","img":"https://sgfm.elcorteingles.es/SGFM/dctm/MEDIA03/201702/03/00120752300721____1__600x600.jpg","price":"1,75 €","price_unit":"(43,75 € / Kilo)","categories":["Supermercado","Dietéticos","Alimentación básica dietética","Gazpacho, caldos, sopas y purés","NATURGREEN Bio sopa de letras con verduras ecológica y sin lactosa 2 raciones envase 40 g"],"general_information":["Denominación del alimento: Sopa de Letras con Verduras Bio","Nombre del operador: Laboratorios Almond SL","Dirección del operador: Avda. Cabecicos Blancos, Parcela 18 2.B. Parque empresarial Cabecicos Blancos 30892 - Librilla, Murcia (Spain)","Cantidad Neta: 40 g","Peso neto escurrido: 40 g","Otras menciones obligatorias en la etiqueta: Ingredientes procedentes de agricultura ecológica"],"ingredients":[" Pasta (61%: sémola de trigo duro), maltodextrina de maíz, sal marina, verduras (6%: zanahoria, cebolla, puerro, perejil y apio), extracto de levadura, harina de arroz, aceite de palma (procedente de cultivo sostenible), caldo vegetal, azúcar de caña, almidón de maíz y cúrcuma. Este producto puede contener frutos secos, soja y sésamo"],"conservation":" Producto deshidratado / Guárdese en lugar fresco y seco","ean":"8437007759532"},{"full_name":"NATURGREEN Bio sopa de boletus con miso ecológica sin lactosa 2 raciones envase 40 g","name":"Bio sopa de boletus con miso ecológica sin lactosa 2 raciones envase 40 g","brand":"NATURGREEN ","img":"https://sgfm.elcorteingles.es/SGFM/dctm/MEDIA03/201702/03/00120752300663____1__600x600.jpg","price":"1,75 €","price_unit":"(43,75 € / Kilo)","categories":["Supermercado","Dietéticos","Alimentación básica dietética","Gazpacho, caldos, sopas y purés","NATURGREEN Bio sopa de boletus con miso ecológica sin lactosa 2 raciones envase 40 g"],"general_information":["Denominación del alimento: Sopa Boletus con Miso Bio","Nombre del operador: Laboratorios Almond SL","Dirección del operador: Avda. Cabecicos Blancos, Parcela 18 2.B. Parque empresarial Cabecicos Blancos 30892 - Librilla, Murcia (Spain)","Cantidad Neta: 40 g","Peso neto escurrido: 40 g","Otras menciones obligatorias en la etiqueta: Ingredientes procedentes de agricultura ecológica"],"ingredients":[" Maltodextrina de maíz, verduras y hortalizas (20%: boletus edulis (12%), zanahoria, tomate, puerro, perejil), caldo con miso (sal marina, almidón de maíz, miso (4,2%: soja, cebada, sal), aceite de girasol, aceite de palma -de cultivo sostenible-, verduras y especias), jarabe de arroz, almidón de tapioca y sal marina. Este producto puede coneter frutos secos, apio y sésamo."],"conservation":" Producto deshidratado / Guárdese en lugar fresco y seco","ean":"8437007759556"},{"full_name":"SORIA NATURAL caldo vegetal sin glutamato 10 pastillas estuche 107 g","name":"caldo vegetal sin glutamato 10 pastillas estuche 107 g","brand":"SORIA NATURAL ","img":"https://sgfm.elcorteingles.es/SGFM//00/25/9/0120752300259/0120752300259000g01011.jpg","price":"2,90 €","price_unit":"(27,10 € / Kilo)","categories":["Supermercado","Dietéticos","Alimentación básica dietética","Gazpacho, caldos, sopas y purés","SORIA NATURAL caldo vegetal sin glutamato 10 pastillas estuche 107 g"],"general_information":["Denominación del alimento: Caldo Vegetal","País de origen: España","Nombre del operador: Soria Natural S.A.","Dirección del operador: Poligono La Sacea,s/n -42162 Garray (Soria)","Lugar de procedencia del alimento: España","Cantidad Neta: 107 g","Otras menciones obligatorias en la etiqueta: No contiene conservantes"],"ingredients":[" Verduras deshidratadas (apio, puerro, zanahoria y cebolla), hidrolizado de proteínas de soja y levadura, aceite de girasol, lactosa, sal marina y fécula de maíz.Puede contener trazas de gluten."],"conservation":" Consérvese en lugar seco y fresco","ean":"8422947060404"},{"full_name":"AMANDIN caldo genmai de miso con wakame envase 1 l","name":"caldo genmai de miso con wakame envase 1 l","brand":"AMANDIN ","img":"https://sgfm.elcorteingles.es/SGFM/dctm/MEDIA03/201609/08/00120752300242____3__600x600.jpg","price":"3,36 €","price_unit":"(3,36 € / Litro)","categories":["Supermercado","Dietéticos","Alimentación básica dietética","Gazpacho, caldos, sopas y purés","AMANDIN caldo genmai de miso con wakame envase 1 l"],"general_information":["Denominación del alimento: Caldo genami miso ecológico","Nombre del operador: Costa Concentrados Levantinos, S.A.","Dirección del operador: Avenida Antic Regne de València, 29, 46290 Alcàsser (Valencia)","Cantidad Neta: 1 Litros"],"ingredients":[" Agua, Miso* (9%) (soja*, arroz integral*, sal marina), cebolla*, alga Wakame* y alga nori*. Puede contener trazas de moluscos, crustáceos y/o pescado.(*) Ingredientes ecológicos."],"conservation":" Conservar en lugar fresco y seco. Una vez abierto, puede mantenerse hasta 3 días en el frigorífico (+4ºC) y hasta un mes en el congelador (-18ºC).","ean":"8410509000630"},{"full_name":"AMANDIN sopa de cebolla ecológica envase 1 l","name":"sopa de cebolla ecológica envase 1 l","brand":"AMANDIN ","img":"https://sgfm.elcorteingles.es/SGFM/dctm/MEDIA02/CONTENIDOS/201601/14/00120752300523____1__600x600.jpg","price":"3,36 €","categories":["Supermercado","Dietéticos","Alimentación básica dietética","Gazpacho, caldos, sopas y purés","AMANDIN sopa de cebolla ecológica envase 1 l"],"general_information":["Denominación del alimento: Sopa de Cebolla ecológica","Nombre del operador: Costa Concentrados Levantinos, S.A.","Dirección del operador: Avenida Antic Regne de València, 29, 46290 Alcàsser (Valencia)","Cantidad Neta: 1 Litros"],"ingredients":[" Agua, cebolla* (4,5%), apio*, pan rallado* (sin gluten), almidón*, aceite de girasol*, puerro*, zanahoria*, fibra de acacia*, sal marina, harina de arroz* y especias*. *Ingredientes ecológicos."],"conservation":" Conservar en lugar fresco y seco. Una vez abierto, puede mantenerse hasta 3 días en el frigorífico (+4ºC).","ean":"8410509000647"},{"full_name":"BIOSABOR salmorejo ecológico bajo en sal 500 ml","name":"salmorejo ecológico bajo en sal  500 ml","brand":"BIOSABOR ","img":"https://sgfm.elcorteingles.es/SGFM/dctm/MEDIA03/201703/31/00120723000129____1__600x600.jpg","price":"2,55 €","price_unit":"(5,10 € / Litro)","categories":["Supermercado","Dietéticos","Alimentación básica dietética","Gazpacho, caldos, sopas y purés","BIOSABOR salmorejo ecológico bajo en sal 500 ml"],"general_information":[],"ingredients":[],"ean":"8437014834543"},{"full_name":"CASA AMELLA crema de calabaza ecológica de verduras frescas cocidas al vapor bote 500 ml","name":"crema de calabaza ecológica de verduras frescas cocidas al vapor bote 500 ml","brand":"CASA AMELLA ","img":"https://sgfm.elcorteingles.es/SGFM/dctm/MEDIA03/201703/06/00120752300952____1__600x600.jpg","price":"3,95 €","price_unit":"(7,90 € / Litro)","categories":["Supermercado","Dietéticos","Alimentación básica dietética","Gazpacho, caldos, sopas y purés","CASA AMELLA crema de calabaza ecológica de verduras frescas cocidas al vapor bote 500 ml"],"general_information":[],"ingredients":[],"ean":"8436046348325"},{"full_name":"CASA AMELLA crema de zanahorias ecológica de verduras frescas cocidas al vapor bote 500 ml","name":"crema de zanahorias ecológica de verduras frescas cocidas al vapor bote 500 ml","brand":"CASA AMELLA ","img":"https://sgfm.elcorteingles.es/SGFM/dctm/MEDIA03/201703/06/00120752300986____1__600x600.jpg","price":"3,95 €","price_unit":"(7,90 € / Litro)","categories":["Supermercado","Dietéticos","Alimentación básica dietética","Gazpacho, caldos, sopas y purés","CASA AMELLA crema de zanahorias ecológica de verduras frescas cocidas al vapor bote 500 ml"],"general_information":["Denominación del alimento: Crema de Zanahoria Bio","Nombre del operador: Casa Amella Bio Food, S.L.","Dirección del operador: C/ Paral·lel a  Roureda nº 6, 08133 Castellterçol, Barcelona.","Cantidad Neta: 500 Mililitros"],"ingredients":[" *Zanahoria (78%), *cebolla, *aceite de oliva virgen extra arbequina, *bebida de arroz (agua, arroz, aceite de girasol, aroma natural de vainilla, sal marina), sal marina y *cayena (0,12%). (*= De Agricultura ecológica)"],"conservation":" Consumir antes de 3 días después de abrir. Conservar refrigerado entre +2 °C y + 4°C una vez abierto.","ean":"8436046348363"},{"full_name":"CASA AMELLA crema de calabacín ecológica de verduras frescas cocidas al vapor bote 500 ml","name":"crema de calabacín ecológica de verduras frescas cocidas al vapor bote 500 ml","brand":"CASA AMELLA ","img":"https://sgfm.elcorteingles.es/SGFM/dctm/MEDIA03/201703/06/00120752300945____1__600x600.jpg","price":"3,95 €","price_unit":"(7,90 € / Litro)","categories":["Supermercado","Dietéticos","Alimentación básica dietética","Gazpacho, caldos, sopas y purés","CASA AMELLA crema de calabacín ecológica de verduras frescas cocidas al vapor bote 500 ml"],"general_information":[],"ingredients":[],"ean":"8436046348332"},{"full_name":"CASA AMELLA crema de verduras ecológicas cocidas al vapor con infusión de hierbas de provenza bote 500 ml","name":"crema de verduras ecológicas cocidas al vapor con infusión de hierbas de provenza bote 500 ml","brand":"CASA AMELLA ","img":"https://sgfm.elcorteingles.es/SGFM/dctm/MEDIA03/201703/06/00120752300960____1__600x600.jpg","price":"3,95 €","price_unit":"(7,90 € / Litro)","categories":["Supermercado","Dietéticos","Alimentación básica dietética","Gazpacho, caldos, sopas y purés","CASA AMELLA crema de verduras ecológicas cocidas al vapor con infusión de hierbas de provenza bote 500 ml"],"general_information":[],"ingredients":[],"ean":"8436046348370"},{"full_name":"CASA AMELLA crema de puerro ecológica de verduras frescas cocidas al vapor bote 500 ml","name":"crema de puerro ecológica de verduras frescas cocidas al vapor bote 500 ml","brand":"CASA AMELLA ","img":"https://sgfm.elcorteingles.es/SGFM/dctm/MEDIA03/201703/06/00120752300978____1__600x600.jpg","price":"3,95 €","price_unit":"(7,90 € / Litro)","categories":["Supermercado","Dietéticos","Alimentación básica dietética","Gazpacho, caldos, sopas y purés","CASA AMELLA crema de puerro ecológica de verduras frescas cocidas al vapor bote 500 ml"],"general_information":[],"ingredients":[],"ean":"8436046348349"},{"full_name":"NATUR COMPAGNIE sopa instantánea de verduras Bio ecológica sin aceite de palma caja 73 g","name":"sopa instantánea de verduras Bio ecológica sin aceite de palma caja 73 g","brand":"NATUR COMPAGNIE ","img":"https://sgfm.elcorteingles.es/SGFM/dctm/MEDIA03/201702/01/00120752300622____1__600x600.jpg","price":"1,76 €","price_unit":"(24,11 € / Kilo)","categories":["Supermercado","Dietéticos","Alimentación básica dietética","Gazpacho, caldos, sopas y purés","NATUR COMPAGNIE sopa instantánea de verduras Bio ecológica sin aceite de palma caja 73 g"],"general_information":[],"ingredients":[],"ean":"4000345046820"},{"full_name":"NATUR COMPAGNIE sopa instantánea de verduras estilo asiático Bio ecológica sin aceite de palma caja 79 g","name":"sopa instantánea de verduras estilo asiático Bio ecológica sin aceite de palma caja 79 g","brand":"NATUR COMPAGNIE ","img":"https://sgfm.elcorteingles.es/SGFM/dctm/MEDIA03/201702/01/00120752300614____1__600x600.jpg","price":"1,76 €","price_unit":"(22,28 € / Kilo)","categories":["Supermercado","Dietéticos","Alimentación básica dietética","Gazpacho, caldos, sopas y purés","NATUR COMPAGNIE sopa instantánea de verduras estilo asiático Bio ecológica sin aceite de palma caja 79 g"],"general_information":[],"ingredients":[],"ean":"4048885045156"},{"full_name":"NATUR COMPAGNIE sopa instantánea de champiñón estilo asiático Bio ecológica sin aceite de palma caja 70 g","name":"sopa instantánea de champiñón estilo asiático Bio ecológica sin aceite de palma caja 70 g","brand":"NATUR COMPAGNIE ","img":"https://sgfm.elcorteingles.es/SGFM/dctm/MEDIA03/201702/01/00120752300648____1__600x600.jpg","price":"1,76 €","price_unit":"(25,14 € / Kilo)","categories":["Supermercado","Dietéticos","Alimentación básica dietética","Gazpacho, caldos, sopas y purés","NATUR COMPAGNIE sopa instantánea de champiñón estilo asiático Bio ecológica sin aceite de palma caja 70 g"],"general_information":[],"ingredients":[],"ean":"4000345046837"},{"full_name":"NATUR COMPAGNIE sopa instantánea de tomate Bio ecológica sin aceite de palma caja 79 g","name":"sopa instantánea de tomate Bio ecológica sin aceite de palma caja 79 g","brand":"NATUR COMPAGNIE ","img":"https://sgfm.elcorteingles.es/SGFM/dctm/MEDIA03/201702/01/00120752300630____1__600x600.jpg","price":"1,76 €","price_unit":"(22,28 € / Kilo)","categories":["Supermercado","Dietéticos","Alimentación básica dietética","Gazpacho, caldos, sopas y purés","NATUR COMPAGNIE sopa instantánea de tomate Bio ecológica sin aceite de palma caja 79 g"],"general_information":[],"ingredients":[],"ean":"4000345046806"},{"full_name":"NATUR COMPAGNIE sopa de pollo con fideos ecológica sin aceite de palma sobre 80 g","name":"sopa de pollo con fideos ecológica sin aceite de palma sobre 80 g","brand":"NATUR COMPAGNIE ","img":"https://sgfm.elcorteingles.es/SGFM/dctm/MEDIA03/201705/17/00120752301133____1__600x600.jpg","price":"1,79 €","price_unit":"(22,38 € / Kilo)","categories":["Supermercado","Dietéticos","Alimentación básica dietética","Gazpacho, caldos, sopas y purés","NATUR COMPAGNIE sopa de pollo con fideos ecológica sin aceite de palma sobre 80 g"],"general_information":[],"ingredients":[],"ean":"4000345051824"},{"full_name":"NATUR COMPAGNIE sopa de verduras y fideos estilo asiático Bio ecológica sin aceite de palma vaso 55 g","name":"sopa de verduras y fideos estilo asiático Bio ecológica sin aceite de palma vaso 55 g","brand":"NATUR COMPAGNIE ","img":"https://sgfm.elcorteingles.es/SGFM/dctm/MEDIA03/201702/13/00120752300572____2__600x600.jpg","price":"1,52 €","price_unit":"(27,64 € / Kilo)","categories":["Supermercado","Dietéticos","Alimentación básica dietética","Gazpacho, caldos, sopas y purés","NATUR COMPAGNIE sopa de verduras y fideos estilo asiático Bio ecológica sin aceite de palma vaso 55 g"],"general_information":[],"ingredients":[],"ean":"4000345045106"},{"full_name":"NATUR COMPAGNIE sopa de pollo y fideos estilo asiático ecológica sin aceite de palma vaso 55 g","name":"sopa de pollo y fideos estilo asiático ecológica sin aceite de palma vaso 55 g","brand":"NATUR COMPAGNIE ","img":"https://sgfm.elcorteingles.es/SGFM/dctm/MEDIA03/201706/01/00120752301125____1__600x600.jpg","price":"1,55 €","price_unit":"(28,18 € / Kilo)","categories":["Supermercado","Dietéticos","Alimentación básica dietética","Gazpacho, caldos, sopas y purés","NATUR COMPAGNIE sopa de pollo y fideos estilo asiático ecológica sin aceite de palma vaso 55 g"],"general_information":[],"ingredients":[],"ean":"4000345045113"},{"full_name":"NATUR COMPAGNIE sopa de vegetales y pasta Bio ecológica sin aceite de palma vaso 50 g","name":"sopa de vegetales y pasta Bio ecológica sin aceite de palma vaso 50 g","brand":"NATUR COMPAGNIE ","img":"https://sgfm.elcorteingles.es/SGFM/dctm/MEDIA03/201702/13/00120752300580____2__600x600.jpg","price":"1,52 €","price_unit":"(30,40 € / Kilo)","categories":["Supermercado","Dietéticos","Alimentación básica dietética","Gazpacho, caldos, sopas y purés","NATUR COMPAGNIE sopa de vegetales y pasta Bio ecológica sin aceite de palma vaso 50 g"],"general_information":[],"ingredients":[],"ean":"4048885045460"},{"full_name":"NATUR COMPAGNIE caldo de pollo ecológico en pastillas sin aceite de palma caja 88 g","name":"caldo de pollo ecológico en pastillas sin aceite de palma caja 88 g","brand":"NATUR COMPAGNIE ","img":"https://sgfm.elcorteingles.es/SGFM/dctm/MEDIA03/201705/17/00120752301141____1__600x600.jpg","price":"2,35 €","price_unit":"(26,70 € / Kilo)","categories":["Supermercado","Dietéticos","Alimentación básica dietética","Gazpacho, caldos, sopas y purés","NATUR COMPAGNIE caldo de pollo ecológico en pastillas sin aceite de palma caja 88 g"],"general_information":[],"ingredients":[],"ean":"4000345051121"},{"full_name":"BIOCOP caldo ecológico de verduras en pastillas envase 6 unidades","name":"caldo ecológico de verduras en pastillas envase 6 unidades","brand":"BIOCOP ","img":"https://sgfm.elcorteingles.es/SGFM/00/01/0/0120752300010/0120752300010000g01011.jpg","price":"1,98 €","price_unit":"(30 € / Kilo)","categories":["Supermercado","Dietéticos","Alimentación básica dietética","Gazpacho, caldos, sopas y purés","BIOCOP caldo ecológico de verduras en pastillas envase 6 unidades"],"general_information":["Denominación del alimento: Cubitos de caldo de verduras","Nombre del operador: Biocop Productos Biológicos, S.A.","Dirección del operador: C/Puigmal 3 - 08185 Lliçà de Vall (Barcelona)","Cantidad Neta: 66 g","Otras menciones obligatorias en la etiqueta: Sin gluten, sin leche."],"ingredients":[" Sal marina, almidón de maíz*, aceite vegetal (palma)*, zanahorias*(5.2%), puerros* (3%), cebollas* (2.2%), extracto de levadura*, ajos*, macís*, aceite vegetal (girasol)*, apio* (0.3%), cúrcuma*, levístico*, perejil*. *De agricultura biológica. Contiene apio."],"conservation":" Mantener en lugar fresco y seco.","ean":"8423903002131"},{"full_name":"SANTIVERI fécula de patata estuche 250 g","name":"fécula de patata estuche 250 g","brand":"SANTIVERI ","img":"https://sgfm.elcorteingles.es/SGFM/00/37/2/0120700500372/0120700500372000g01011.jpg","price":"2,49 €","price_unit":"(9,96 € / Kilo)","categories":["Supermercado","Dietéticos","Alimentación básica dietética","Harinas y preparados","SANTIVERI fécula de patata estuche 250 g"],"general_information":["Denominación del alimento: FECULA DE PATATA","Nombre del operador: CASA SANTIVERI S.L.","Dirección del operador: ENCUNY 8, 08038 BARCELONA","Cantidad Neta: 250 g"],"ingredients":[" fécula de patata"],"ean":"8412170001114"},{"full_name":"SANTIVERI Naturalia harina de maíz ecológica paquete 500 g","name":"Naturalia harina de maíz ecológica paquete 500 g","brand":"SANTIVERI ","img":"https://sgfm.elcorteingles.es/SGFM/dctm/MEDIA02/CONTENIDOS/201408/13/00120752500304____1__600x600.jpg","price":"1,79 €","price_unit":"(3,58 € / Kilo)","categories":["Supermercado","Dietéticos","Alimentación básica dietética","Harinas y preparados","SANTIVERI Naturalia harina de maíz ecológica paquete 500 g"],"general_information":["Denominación del alimento: HARINA DE MAIZ BIO","Nombre del operador: CASA SANTIVERI S.L.","Dirección del operador: ENCUNY 8, 08038 BARCELONA","Cantidad Neta: 500 g"],"ingredients":[" harina de maíz ecológico"],"ean":"8412170031531"},{"full_name":"SANTIVERI Naturalia harina de arroz ecológica envase 250 g","name":"Naturalia harina de arroz ecológica envase 250 g","brand":"SANTIVERI ","img":"https://sgfm.elcorteingles.es/SGFM//00/08/6/0120754600086/0120754600086000g01011.jpg","price":"2,25 €","price_unit":"(9 € / Kilo)","categories":["Supermercado","Dietéticos","Alimentación básica dietética","Harinas y preparados","SANTIVERI Naturalia harina de arroz ecológica envase 250 g"],"general_information":["Denominación del alimento: HARINA DE ARROZ BIO","Nombre del operador: CASA SANTIVERI S.L.","Dirección del operador: ENCUNY 8, 08038 BARCELONA","Cantidad Neta: 250 g"],"ingredients":[" harina de arroz ecológico"],"ean":"8412170014688"},{"full_name":"SANTIVERI Naturalia harina de trigo ecológica paquete 500 g","name":"Naturalia harina de trigo ecológica paquete 500 g","brand":"SANTIVERI ","img":"https://sgfm.elcorteingles.es/SGFM/dctm/MEDIA02/CONTENIDOS/201408/13/00120752500312____1__600x600.jpg","price":"1,39 €","price_unit":"(2,78 € / Kilo)","categories":["Supermercado","Dietéticos","Alimentación básica dietética","Harinas y preparados","SANTIVERI Naturalia harina de trigo ecológica paquete 500 g"],"general_information":["Denominación del alimento: HARINA DE TRIGO BIO","Nombre del operador: CASA SANTIVERI S.L.","Dirección del operador: ENCUNY 8, 08038 BARCELONA","Cantidad Neta: 500 g"],"ingredients":[" HARINA DE TRIGO INTEGRAL ECOLÓGICO"],"ean":"8412170031548"},{"full_name":"SANTIVERI Naturalia harina de avena ecológica envase 250 g","name":"Naturalia harina de avena ecológica envase 250 g","brand":"SANTIVERI ","img":"https://sgfm.elcorteingles.es/SGFM//00/07/8/0120754600078/0120754600078000g01011.jpg","price":"2,30 €","price_unit":"(9,20 € / Kilo)","categories":["Supermercado","Dietéticos","Alimentación básica dietética","Harinas y preparados","SANTIVERI Naturalia harina de avena ecológica envase 250 g"],"general_information":["Denominación del alimento: HARINA DE AVENA BIO","Nombre del operador: CASA SANTIVERI S.L.","Dirección del operador: ENCUNY 8, 08038 BARCELONA","Cantidad Neta: 250 g"],"ingredients":[" harina de avena ecológica"],"ean":"8412170014954"},{"full_name":"SANTIVERI Noglut levadura de panadería sin gluten sobre 11 g","name":"Noglut levadura de panadería sin gluten sobre 11 g","brand":"SANTIVERI ","img":"https://sgfm.elcorteingles.es/SGFM/dctm/MEDIA03/201606/01/00120745202240____2__600x600.jpg","price":"0,50 €","price_unit":"(45,45 € / Kilo)","categories":["Supermercado","Dietéticos","Alimentación básica dietética","Harinas y preparados","SANTIVERI Noglut levadura de panadería sin gluten sobre 11 g"],"general_information":[],"ingredients":[],"ean":"8412170033511"},{"full_name":"SANTIVERI Noglut preparado panificable sin gluten y sin lactosa bolsa 1 kg","name":"Noglut preparado panificable sin gluten y sin lactosa bolsa 1 kg","brand":"SANTIVERI ","img":"https://sgfm.elcorteingles.es/SGFM/dctm/MEDIA02/CONTENIDOS/201504/20/00120745202232____1__600x600.jpg","price":"4,35 €","price_unit":"(4,35 € / Kilo)","categories":["Supermercado","Dietéticos","Alimentación básica dietética","Harinas y preparados","SANTIVERI Noglut preparado panificable sin gluten y sin lactosa bolsa 1 kg"],"general_information":["Denominación del alimento: PREPARADO PANIFICABLE","Nombre del operador: CASA SANTIVERI S.L.","Dirección del operador: ENCUNY 8, 08038 BARCELONA","Cantidad Neta: 1000 g"],"ingredients":[" almidón de maíz, harina de arroz, azucar de caña integral, PROTEÍNA DE SOJA, sal, hidroxipropilmetilcelulosa (estabilizador), aroma"],"ean":"8412170033597"},{"full_name":"NATURGREEN harina de arroz sin gluten ecológica bolsa 400 g","name":"harina de arroz sin gluten ecológica bolsa 400 g","brand":"NATURGREEN ","img":"https://sgfm.elcorteingles.es/SGFM/dctm/MEDIA03/201606/13/00120754600169____1__600x600.jpg","price":"2,65 €","categories":["Supermercado","Dietéticos","Alimentación básica dietética","Harinas y preparados","NATURGREEN harina de arroz sin gluten ecológica bolsa 400 g"],"general_information":["Denominación del alimento: Harina de arroz","Nombre del operador: Laboratorios Almond SL","Dirección del operador: Avda. Cabecicos Blancos, Parcela 18 2.B. Parque empresarial Cabecicos Blancos 30892 - Librilla, Murcia (Spain)","Cantidad Neta: 400 g","Peso neto escurrido: 400 g","Otras menciones obligatorias en la etiqueta: Ingredientes procedentes de agricultura ecológica"],"ingredients":[" Harina de Arroz (100%)."],"conservation":" Almacenar en lugar fresco y seco. Una vez abierto el envase conservar en lugar fresco y protegido de la luz.","ean":"8436542192439"},{"full_name":"NATURGREEN harina de quinoa sin gluten ecológica bolsa 500 g","name":"harina de quinoa sin gluten ecológica bolsa 500 g","brand":"NATURGREEN ","img":"https://sgfm.elcorteingles.es/SGFM/dctm/MEDIA03/201606/13/00120754600177____1__600x600.jpg","price":"6,49 €","categories":["Supermercado","Dietéticos","Alimentación básica dietética","Harinas y preparados","NATURGREEN harina de quinoa sin gluten ecológica bolsa 500 g"],"general_information":["Denominación del alimento: Harina de quinoa","Nombre del operador: Laboratorios Almond SL","Dirección del operador: Avda. Cabecicos Blancos, Parcela 18 2.B. Parque empresarial Cabecicos Blancos 30892 - Librilla, Murcia (Spain)","Cantidad Neta: 500 g","Peso neto escurrido: 500 g","Otras menciones obligatorias en la etiqueta: Ingredientes procedentes de agricultura ecológica"],"ingredients":[" Harina de Quinoa (100%)."],"conservation":" Almacenar en lugar fresco y seco. Una vez abierto el envase conservar en lugar fresco y protegido de la luz.","ean":"8436542192507"},{"full_name":"NATURGREEN harina de coco sin gluten ecológica bolsa 350 g","name":"harina de coco sin gluten ecológica bolsa 350 g","brand":"NATURGREEN ","img":"https://sgfm.elcorteingles.es/SGFM/dctm/MEDIA03/201606/13/00200354600157____1__600x600.jpg","price":"2,65 €","categories":["Supermercado","Dietéticos","Alimentación básica dietética","Harinas y preparados","NATURGREEN harina de coco sin gluten ecológica bolsa 350 g"],"general_information":["Denominación del alimento: Harina de coco Bio","Nombre del operador: Laboratorios Almond SL","Dirección del operador: Avda. Cabecicos Blancos, Parcela 18 2.B. Parque empresarial Cabecicos Blancos 30892 - Librilla, Murcia (Spain)","Cantidad Neta: 350 g","Peso neto escurrido: 350 g","Otras menciones obligatorias en la etiqueta: Ingredientes procedentes de agricultura ecológica"],"ingredients":[" Harina de coco (100%)."],"conservation":" Almacenar en lugar fresco y seco. Una vez abierto el envase conservar en lugar fresco y protegido de la luz.","ean":"8436542192910"},{"full_name":"SCHAR Mix Dolci preparado para pasteles y galletas sin gluten envase 1 kg","name":"Mix Dolci preparado para pasteles y galletas sin gluten envase 1 kg","brand":"SCHAR ","img":"https://sgfm.elcorteingles.es/SGFM/dctm/MEDIA03/201612/20/00120745201234____1__600x600.jpg","price":"3,95 €","price_unit":"(3,95 € / Kilo)","categories":["Supermercado","Dietéticos","Alimentación básica dietética","Harinas y preparados","SCHAR Mix Dolci preparado para pasteles y galletas sin gluten envase 1 kg"],"general_information":["Denominación del alimento: Preparado para pasteles y galletas sin gluten","País de origen: Italia","Nombre del operador: Dr. Schär AG / SPA","Dirección del operador: Winkelau 9 I-39014 Burgstall / Postal","Cantidad Neta: 1000 g"],"ingredients":[" Ingredientes:  almidón de maíz, harina de maíz, espesante: harina de algarroba. Puede contener trazas de SOJA y ALTRAMUZ."],"conservation":"Modo de empleo: Ver recetas en el paquete.","ean":"8008698004852"},{"full_name":"SCHAR Mix Pan preparado de harina para pan sin gluten y sin lactosa envase 1 kg","name":"Mix Pan preparado de harina para pan sin gluten y sin lactosa envase 1 kg","brand":"SCHAR ","img":"https://sgfm.elcorteingles.es/SGFM/dctm/MEDIA03/201612/20/00120745201242____1__600x600.jpg","price":"4,00 €            ","price_unit":"(3,70 € / Kilo)","categories":["Supermercado","Dietéticos","Alimentación básica dietética","Harinas y preparados","SCHAR Mix Pan preparado de harina para pan sin gluten y sin lactosa envase 1 kg"],"general_information":["Denominación del alimento: Preparado para pan sin gluten","País de origen: Italia","Nombre del operador: Dr. Schär AG / SPA","Dirección del operador: Winkelau 9 I-39014 Burgstall / Postal","Cantidad Neta: 1000 g"],"ingredients":[" Ingredientes: almidón de maíz, harina de arroz, proteína de ALTRAMUZ, dextrosa, fibra vegetal (psyllium), espesante: hidroxipropil metil celulosa; sal. Puede contener trazas de SOJA."],"conservation":"Modo de empleo: Ver recetas en el paquete.","ean":"8008698004845"},{"full_name":"SCHAR Brot Mix preparado de harina para pan rústico sin gluten sin lactosa bolsa 1 kg","name":"Brot Mix preparado de harina para pan rústico sin gluten sin lactosa bolsa 1 kg","brand":"SCHAR ","img":"https://sgfm.elcorteingles.es/SGFM/dctm/MEDIA03/201612/20/00120745202273____3__600x600.jpg","price":"5,41 €","categories":["Supermercado","Dietéticos","Alimentación básica dietética","Harinas y preparados","SCHAR Brot Mix preparado de harina para pan rústico sin gluten sin lactosa bolsa 1 kg"],"general_information":["Denominación del alimento: Harina para pan rústico sin gluten","País de origen: Italia","Nombre del operador: Dr. Schär AG / SPA","Dirección del operador: Winkelau 9 I-39014 Burgstall / Postal","Cantidad Neta: 1000 g"],"ingredients":[" Ingredientes: almidón de maíz, harina de semillas de lino 12%, harina de trigo sarraceno 8%, salvado de guisante, salvado de arroz, fibra vegetal (psyllium), azúcar, espesante: harina de semillas de guar, sal. Puede contener trazas de SOJA."],"conservation":"Modo de empleo: No especificado","ean":"8008698008997"},{"full_name":"SCHAR preparado para lasaña sin gluten envase 250 g","name":"preparado para lasaña sin gluten envase 250 g","brand":"SCHAR ","img":"https://sgfm.elcorteingles.es/SGFM/dctm/MEDIA03/201609/14/00120745402766____1__600x600.jpg","price":"3,90 €","price_unit":"(15,60 € / Kilo)","categories":["Supermercado","Dietéticos","Alimentación básica dietética","Harinas y preparados","SCHAR preparado para lasaña sin gluten envase 250 g"],"general_information":["Denominación del alimento: Pasta al huevo sin gluten","País de origen: Alemania","Nombre del operador: Dr. Schär AG / SPA","Dirección del operador: Winkelau 9 - 39014 Burgstall / Postal (BZ) Italy","Cantidad Neta: 250 g"],"ingredients":[" almidón de maiz, huevos 23%, harina de arroz, harina de maiz, emulgente: mono y diglicéridos de ácidos grasos, espesante: harina de semillas de guar. Huevos de gallinas criadas en libertad. Puede contener trazas de soja."],"conservation":" Conservar en lugar fresco y seco","ean":"8008698004098"},{"full_name":"SCHAR Millefoglie masa de hojaldre sin gluten envase 250 g","name":"Millefoglie masa de hojaldre sin gluten envase 250 g","brand":"SCHAR ","img":"https://sgfm.elcorteingles.es/SGFM/dctm/MEDIA02/CONTENIDOS/201512/07/00120745700599____2__600x600.jpg","price":"3,65 €","price_unit":"(14,60 € / Kilo)","categories":["Supermercado","Dietéticos","Alimentación básica dietética","Harinas y preparados","SCHAR Millefoglie masa de hojaldre sin gluten envase 250 g"],"general_information":["Denominación del alimento: Masa de hojaldre sin gluten","País de origen: Italia","Nombre del operador: Dr. Schär AG","Dirección del operador: Winkelau 9; 39014 Burgstall / Postal Italy","Cantidad Neta: 250 g"],"ingredients":[" Margarina vegetal (grasa de palma, agua, aceite de colza, sal, emulgente:esteres citricos de los mono- y digliceridos de acidos grasos, correctores deacidez: acido citrico, citrato de sodio; aroma), agua, almidon de arroz,almidon de maiz, harina de arroz, fibra de achicoria, espesantes:hidroxipropilmetilcelulosa, goma guar; dextrosa, aceite de girasol, proteina desoja, emulgente: mono- y digliceridos de acidos grasos, sal, copos de patata,gasificante: carbonato acido de amonio."],"ean":"8008698006931"},{"full_name":"ORGRAN Free From preparado para pastel de chocolate sin gluten envase 375 g","name":"Free From preparado para pastel de chocolate sin gluten envase 375 g","brand":"ORGRAN ","img":"https://sgfm.elcorteingles.es/SGFM/00/06/3/0120768200063/0120768200063000g01011.jpg","price":"4,95 €","price_unit":"(13,20 € / Kilo)","categories":["Supermercado","Dietéticos","Alimentación básica dietética","Harinas y preparados","ORGRAN Free From preparado para pastel de chocolate sin gluten envase 375 g"],"general_information":["Denominación del alimento: Mezcla para pastel de chocolate.","País de origen: Australia","Nombre del operador: Distribuciones Dietéticas el Labrador, SL.","Dirección del operador: Laguna del Marquesado, 47D, 28021 Madrid.","Cantidad Neta: 375 g","Número de raciones por envase: 8"],"ingredients":[" Azúcar sin refinar, harina de arroz, almidón de maíz, fécula de patata, harina de maíz, cacao en polvo 4.5 %, dextrosa de maíz, gasificante: bicarbonato sódico, fosfato monocálcico, carbonato de calcio, emulsionante: monoglicéridos de origen vegetal, almidón de tapioca, sal, aroma natural de vainilla, gomas vegetal (estabilizantes): carboximetilcelulosa, goma guar, carragenato, metilcelulosa, ácido cítrico."],"conservation":" Consérvese en lugar fresco y seco.","ean":"0720516021343"},{"full_name":"EL GRANERO INTEGRAL Bio harina de avena integral ecológica envase 500 g","name":"Bio harina de avena integral ecológica envase 500 g","brand":"EL GRANERO INTEGRAL ","img":"https://sgfm.elcorteingles.es/SGFM/dctm/MEDIA03/201709/08/00120754600045____8__600x600.jpg","price":"2,05 €","price_unit":"(4,10 € / Kilo)","categories":["Supermercado","Dietéticos","Alimentación básica dietética","Harinas y preparados","EL GRANERO INTEGRAL Bio harina de avena integral ecológica envase 500 g"],"general_information":["Denominación del alimento: Harina de avena integral","Nombre del operador: BIOGRAN  S L","Dirección del operador: AVDA. DOÑA MARIA GARCINI, 16 - POL. IND. 28860 PARACUELLOS DE JARAMA","Cantidad Neta: 500 g"],"ingredients":[" Harina de avena integral*. Contiene gluten. Puede contener trazas de soja, sésamo y frutos secos.(*)=De cultivo ecológico."],"conservation":" Mantener en lugar fresco y seco.","ean":"8422584048131"},{"full_name":"EL GRANERO INTEGRAL Bio harina de espelta integral ecológica bolsa 500 g","name":"Bio harina de espelta integral ecológica bolsa 500 g","brand":"EL GRANERO INTEGRAL ","img":"https://sgfm.elcorteingles.es/SGFM/dctm/MEDIA03/201605/18/00120754600136____1__600x600.jpg","price":"3,39 €","price_unit":"(6,78 € / Kilo)","categories":["Supermercado","Dietéticos","Alimentación básica dietética","Harinas y preparados","EL GRANERO INTEGRAL Bio harina de espelta integral ecológica bolsa 500 g"],"general_information":["Denominación del alimento: Harina de espelta integral","Nombre del operador: BIOGRAN  S L","Dirección del operador: Avda. Doña María Garcini, 16 - P. Ind. 28860 Paracuellos de Jarama","Cantidad Neta: 500 g"],"ingredients":[" harina de espelta integral. Contiene gluten. Puede contener trazas de sésamo, soja y frutos secos.(*)=De cultivo ecológico."],"conservation":" Conservar a temperatura ambiente, en un lugar fresco y seco protegido de la luz.","ean":"8422584048155"},{"full_name":"EL GRANERO INTEGRAL Bio harina de garbanzos ecológica envase 500 g","name":"Bio harina de garbanzos ecológica envase 500 g","brand":"EL GRANERO INTEGRAL ","img":"https://sgfm.elcorteingles.es/SGFM/dctm/MEDIA03/201706/15/00120754600052____7__600x600.jpg","price":"2,95 €","price_unit":"(5,90 € / Kilo)","categories":["Supermercado","Dietéticos","Alimentación básica dietética","Harinas y preparados","EL GRANERO INTEGRAL Bio harina de garbanzos ecológica envase 500 g"],"general_information":["Denominación del alimento: Harina de garbanzos","Nombre del operador: BIOGRAN  S L","Dirección del operador: AVDA. DOÑA MARIA GARCINI, 16 - POL. IND. 28860 PARACUELLOS DE JARAMA","Cantidad Neta: 500 g"],"ingredients":[" harina de garbanzo*. Puede contener trazas de gluten, sésamo, soja y frutos secos.(*)=De cultivo ecológico."],"conservation":" Mantener en lugar fresco y seco.","ean":"8422584048445"},{"full_name":"EL GRANERO INTEGRAL Bio harina de centeno integral ecológica bolsa 500 g","name":"Bio harina de centeno integral ecológica bolsa 500 g","brand":"EL GRANERO INTEGRAL ","img":"https://sgfm.elcorteingles.es/SGFM/dctm/MEDIA03/201605/18/00120754600144____1__600x600.jpg","price":"1,59 €","price_unit":"(3,18 € / Kilo)","categories":["Supermercado","Dietéticos","Alimentación básica dietética","Harinas y preparados","EL GRANERO INTEGRAL Bio harina de centeno integral ecológica bolsa 500 g"],"general_information":["Denominación del alimento: Harina de centeno","Nombre del operador: BIOGRAN  S L","Dirección del operador: Avda. Doña María Garcini, 16 - P. Ind. 28860 Paracuellos de Jarama","Cantidad Neta: 500 g"],"ingredients":[" harina de centeno integral*. Contiene gluten. Puede contener trazas de soja, sésamo y frutos secos.(*)=De cultivo ecológico."],"conservation":" Conservar a temperatura ambiente, en un lugar fresco y seco protegido de la luz.","ean":"8422584048254"},{"full_name":"EL GRANERO INTEGRAL Bio harina de trigo sarraceno ecológica envase 500 g","name":"Bio harina de trigo sarraceno ecológica envase 500 g","brand":"EL GRANERO INTEGRAL ","img":"https://sgfm.elcorteingles.es/SGFM/dctm/MEDIA03/201709/08/00120754600060____12__600x600.jpg","price":"3,15 €","price_unit":"(6,30 € / Kilo)","categories":["Supermercado","Dietéticos","Alimentación básica dietética","Harinas y preparados","EL GRANERO INTEGRAL Bio harina de trigo sarraceno ecológica envase 500 g"],"general_information":["Denominación del alimento: Harina de trigo sarraceno","Nombre del operador: BIOGRAN  S L","Dirección del operador: AVDA. DOÑA MARIA GARCINI, 16 - POL. IND. 28860 PARACUELLOS DE JARAMA","Cantidad Neta: 500 g"],"ingredients":[" harina integral de trigo sarraceno*. Puede contener trazas de gluten, soja, sésamo y frutos secos.(*)=De cultivo ecológico."],"conservation":" Mantener en lugar fresco y seco.","ean":"8422584048278"},{"full_name":"EL GRANERO INTEGRAL Bio harina de algarroba integral ecológica bolsa 350 g","name":"Bio harina de algarroba integral ecológica bolsa 350 g","brand":"EL GRANERO INTEGRAL ","img":"https://sgfm.elcorteingles.es/SGFM/dctm/MEDIA02/CONTENIDOS/201508/06/00120754600128____1__600x600.jpg","price":"1,80 €","price_unit":"(5,14 € / Kilo)","categories":["Supermercado","Dietéticos","Alimentación básica dietética","Harinas y preparados","EL GRANERO INTEGRAL Bio harina de algarroba integral ecológica bolsa 350 g"],"general_information":["Denominación del alimento: Harina de algarroba","Nombre del operador: BIOGRAN  S L","Dirección del operador: AVDA. DOÑA MARIA GARCINI, 16 - POL. IND. 28860 PARACUELLOS DE JARAMA","Cantidad Neta: 350 g"],"ingredients":[" harina de algarroba*. Puede contener trazas de gluten, soja, sésamo y frutos secos.(*)=De cultivo ecológico."],"conservation":" Mantener en lugar fresco y seco.","ean":"8422584030365"},{"full_name":"CELIBENE preparado para pan sin gluten bolsa 1000 g","name":"preparado para pan sin gluten bolsa 1000 g","brand":"CELIBENE ","img":"https://sgfm.elcorteingles.es/SGFM/01/82/0/0120745201820/0120745201820000g01011.jpg","price":"4,20 €","price_unit":"(4,20 € / Kilo)","categories":["Supermercado","Dietéticos","Alimentación básica dietética","Harinas y preparados","CELIBENE preparado para pan sin gluten bolsa 1000 g"],"general_information":["Denominación del alimento: Preparado para pan sin gluten","País de origen: España","Nombre del operador: Soria Natural S.A.","Dirección del operador: Poligono La Sacea,s/n -42162 Garray (Soria)","Lugar de procedencia del alimento: España","Cantidad Neta: 1000 g"],"ingredients":[" Almidón de maiz, harina de arroz integral, harina de garbanzo integral, glucosa, levadura, estabilizador: celulosa, goma xantana, sal marina."],"conservation":" Una vez abierto el envase, conservar en lugar fresco y seco un  máximo durante 1 mes","ean":"8422947401207"},{"full_name":"YUMMIX preparado para hacer bizcocho de almendra y manzana sin gluten para 8 raciones caja 410 g","name":"preparado para hacer bizcocho de almendra y manzana sin gluten para 8 raciones caja 410 g","brand":"YUMMIX ","img":"https://sgfm.elcorteingles.es/SGFM/dctm/MEDIA03/201702/01/00120745202414____1__600x600.jpg","price":"4,97 €","price_unit":"(12,12 € / Kilo)","categories":["Supermercado","Dietéticos","Alimentación básica dietética","Harinas y preparados","YUMMIX preparado para hacer bizcocho de almendra y manzana sin gluten para 8 raciones caja 410 g"],"general_information":[],"ingredients":[],"ean":"8437016244067"},{"full_name":"ESGIR Crunchy Crumbs preparado para rebozar sin gluten envase 200 g","name":"Crunchy Crumbs preparado para rebozar sin gluten envase 200 g","brand":"ESGIR ","img":"https://sgfm.elcorteingles.es/SGFM/dctm/MEDIA02/CONTENIDOS/201505/13/00120745100162____2__600x600.jpg","price":"1,90 €","price_unit":"(9,50 € / Kilo)","categories":["Supermercado","Dietéticos","Alimentación básica dietética","Harinas y preparados","ESGIR Crunchy Crumbs preparado para rebozar sin gluten envase 200 g"],"general_information":["Denominación del alimento: Crunchy crumbs","Nombre del operador: Esgir S.L.","Dirección del operador: C/Alberic 5 - C.P. 46680 Algemesí (Valencia)","Lugar de procedencia del alimento: Valencia (España)","Cantidad Neta: 200 g","Otras menciones obligatorias en la etiqueta: Sin gluten. Características físico-químicas: humedad máx. 12%, peso específico 530 g/l +- 30 g, apariencia maíz triturado. Características organolépticas: color amarillo - dorado tostado. Textura, sabor y olor: característico. Apto para todos los públicos a partir de los 3 años de edad. Apto para dietas sin gluten."],"ingredients":[" Maíz, azúcar, sal, emulsionante: lecitina de girasol y vitaminas (B1, B2, B3, B5, B6, B8, B9 y B12). Posible contaminación cruzada: soja y productos a base de soja."],"ean":"8414472101844"},{"full_name":"ADPAN harina panadera sin gluten y sin lactosa envase 1 kg","name":"harina panadera sin gluten y sin lactosa envase 1 kg","brand":"ADPAN ","img":"https://sgfm.elcorteingles.es/SGFM/dctm/MEDIA02/CONTENIDOS/201407/21/00120745200681____1__600x600.jpg","price":"3,98 €","price_unit":"(3,98 € / Kilo)","categories":["Supermercado","Dietéticos","Alimentación básica dietética","Harinas y preparados","ADPAN harina panadera sin gluten y sin lactosa envase 1 kg"],"general_information":["Denominación del alimento: Harina panadera","Nombre del operador: Adpan Europa, S.L.","Dirección del operador: Cl. La Sota, 1, 1ºA - 33186 Asturias","Cantidad Neta: 1,0 Kilogramos","Otras menciones obligatorias en la etiqueta: Sin gluten. Sin soja. Sin leche. Sin frutos secos. Sin huevo. Sin semillas. Contiene 0.002mg de colesterol por 100g de producto."],"ingredients":[" Almidón de maíz, harina de maíz, dextrosa, sal, espesantes (E-412, E-466), emulgentes (E-472e, E-471), gasificantes (E-341, E-500, E-541i), antioxidante (E-300) y conservante (E-200)."],"conservation":" A temperatura ambiente y en lugar seco, fresco y preservado de la luz solar.","ean":"8436018833170"},{"full_name":"ADPAN masa de hojaldre sin gluten envase 250 g","name":"masa de hojaldre sin gluten envase 250 g","brand":"ADPAN ","img":"https://sgfm.elcorteingles.es/SGFM/dctm/MEDIA03/201602/04/00120745700532____1__600x600.jpg","price":"3,03 €","price_unit":"(12,12 € / Kilo)","categories":["Supermercado","Dietéticos","Alimentación básica dietética","Harinas y preparados","ADPAN masa de hojaldre sin gluten envase 250 g"],"general_information":["Denominación del alimento: Masa de hojaldre","Nombre del operador: Adpan Europa, S.L.","Dirección del operador: Avenida Langreo, 12 - 33186 El Berron - Siero (Asturias)","Cantidad Neta: 250,0 g","Número de raciones por envase: 4","Otras menciones obligatorias en la etiqueta: Colesterol 0.50 mg en 100 g. Sin gluten. Sin huevo. Sin frutos secos. Sin soja. Sin semillas. Sin cacahuetes."],"ingredients":[" Almidón de maíz, margarina vegetal, (aceite de girasol y palma, agua, emulgente (E-471) y acidulante (E-330)), dextrosa, sal,  espesante (E-415, E-466), emulgente (E-472e, E-471), gasificante (E-500iii, E-541, E-341),  antioxidante (E-300), conservador (E-200) y agua."],"conservation":" Producto congelado. Conservar a -18°C.","ean":"8436018832609"},{"full_name":"ADPAN masa de empanada sin gluten envase 500 g","name":"masa de empanada sin gluten envase 500 g","brand":"ADPAN ","img":"https://sgfm.elcorteingles.es/SGFM/dctm/MEDIA02/CONTENIDOS/201511/06/00120745700870____1__600x600.jpg","price":"3,65 €","categories":["Supermercado","Dietéticos","Alimentación básica dietética","Harinas y preparados","ADPAN masa de empanada sin gluten envase 500 g"],"general_information":["Denominación del alimento: Masa de Empanada","Nombre del operador: Adpan Europa, S.L.","Dirección del operador: Avda. Langreo, 12 - 33510 Asturias","Cantidad Neta: 500 g","Número de raciones por envase: 2"],"ingredients":[" Mix empanada 82% (almidón de maíz, harina de maíz, espesante (E-415; E-464; E-466), emulgentes (E-471; E-472e), dextrosa, sal, gasificantes (E-500ii; E-541i; E-341),fibra de bambú, conservador (E-200) y antioxidante (E-300)), aceite de girasol, margarina vegetal 3% (grasas y aceites vegetales refinados de palma y girasol, agua, sal, emulgente (E-471; E-475), dextrosa, sal, gasificantes (E-500ii; E-541i; E-341),fibra de bambú, conservador (E-200) y antioxidante (E-300)), aceite de girasol, margarina vegetal 3% (grasas y aceites vegetales refinados de palma y girasol, agua, sal, emulgente (E-471; E-475),acidulante (E-330), conservador (E-200), antioxidante (E-306; E-304), aromas y colorante (E-160 a)), sidra natural, pimentón y agua."],"ean":"8436018839004"},{"full_name":"ADPAN levadura instantánea especial panadería sin gluten envase 64 g","name":"levadura instantánea especial panadería sin gluten envase 64 g","brand":"ADPAN ","img":"https://sgfm.elcorteingles.es/SGFM/dctm/MEDIA02/CONTENIDOS/201504/17/00200345202485____1__600x600.jpg","price":"2,87 €","price_unit":"(44,84 € / Kilo)","categories":["Supermercado","Dietéticos","Alimentación básica dietética","Harinas y preparados","ADPAN levadura instantánea especial panadería sin gluten envase 64 g"],"general_information":["Denominación del alimento: Levadura en polvo especial panadería","Nombre del operador: Adpan Europa, S.L.","Dirección del operador: Avda. Langreo, 12 - 33510 Asturias","Cantidad Neta: 64,0 g","Otras menciones obligatorias en la etiqueta: Sin gluten. Sin leche. Sin huevo. Sin soja. Sin frutos secos. Sin semillas."],"ingredients":[" Levadura deshidratada [Saccaromyces cerevisiae] y emulsionante (E-491)."],"conservation":" A temperatura ambiente y en lugar seco y fresco y preservado de la luz solar.","ean":"8436018838700"},{"full_name":"ECOMIL Cuisine Nature crema de almendras ecológica para cocinar sin gluten y sin azúcares envase 200 ml","name":"Cuisine Nature crema de almendras ecológica para cocinar sin gluten y sin azúcares envase 200 ml","brand":"ECOMIL ","img":"https://sgfm.elcorteingles.es/SGFM/dctm/MEDIA03/201709/04/00120752600526____1__600x600.jpg","price":"1,65 €","price_unit":"(8,25 € / Litro)","categories":["Supermercado","Dietéticos","Alimentación básica dietética","Nata, margarina y quesos vegetales","ECOMIL Cuisine Nature crema de almendras ecológica para cocinar sin gluten y sin azúcares envase 200 ml"],"general_information":[],"ingredients":[],"ean":"8428532192314"},{"full_name":"ECOMIL Cuisine Bio crema de almendra ecológica para cocinar sin lactosa y sin gluten envase 200 ml","name":"Cuisine Bio crema de almendra ecológica para cocinar sin lactosa y sin gluten envase 200 ml","brand":"ECOMIL ","img":"https://sgfm.elcorteingles.es/SGFM/dctm/MEDIA03/201711/17/00120755400080____6__600x600.jpg","price":"1,46 €","price_unit":"(7,30 € / Litro)","categories":["Supermercado","Dietéticos","Alimentación básica dietética","Nata, margarina y quesos vegetales","ECOMIL Cuisine Bio crema de almendra ecológica para cocinar sin lactosa y sin gluten envase 200 ml"],"general_information":["Denominación del alimento: Nata de almendra Bio para cocinar","Nombre del operador: Laboratorios Almond SL","Dirección del operador: Avda. Cabecicos Blancos, Parcela 18 2.B. Parque empresarial Cabecicos Blancos 30892 - Librilla, Murcia (Spain)","Cantidad Neta: 200 g","Otras menciones obligatorias en la etiqueta: Ingredientes procedentes de la Agricultura Ecológica"],"ingredients":[" Agua, almendras (7%), aceite de girasol alto oleico, jarabe de agave, estabilizantes (goma arábiga, goma xantana), emulgente: lecitina de girasol, sal marina y aroma natural."],"ean":"8428532230047"},{"full_name":"ECOMIL Cuisine leche de coco ecológica para cocinar sin gluten envase 200 ml","name":"Cuisine leche de coco ecológica para cocinar sin gluten envase 200 ml","brand":"ECOMIL ","img":"https://sgfm.elcorteingles.es/SGFM/dctm/MEDIA03/201702/03/00120755400098____1__600x600.jpg","price":"1,46 €","price_unit":"(7,30 € / Litro)","categories":["Supermercado","Dietéticos","Alimentación básica dietética","Nata, margarina y quesos vegetales","ECOMIL Cuisine leche de coco ecológica para cocinar sin gluten envase 200 ml"],"general_information":["Denominación del alimento: Cuisine Coco Bio","Nombre del operador: Laboratorios Almond SL","Dirección del operador: Avda. Cabecicos Blancos, Parcela 18 2.B. Parque empresarial Cabecicos Blancos 30892 - Librilla, Murcia (Spain)","Cantidad Neta: 200 g","Otras menciones obligatorias en la etiqueta: Ingredientes procedentes de la agricultura ecológica"],"ingredients":[" Leche de coco (60%), agua, goma guar y aroma natural de coco. Este producto se fabrica en una línea donde se procesan frutos secos."],"conservation":" Almacenar en un lugar fresco (Tª  40-45º C) y seco durante 18 mesesUna vez abierto conservar en refrigeración y consumir en 5 días.En el etiquetado, expresada fecha de consumo preferente.","ean":"8428532230092"},{"full_name":"ECOMIL Cuisine Nature crema vegetal ecológica de anarcado para cocinar sin gluten y sin azúcares envase 200 ml","name":"Cuisine Nature crema vegetal ecológica de anarcado para cocinar sin gluten y sin azúcares envase 200 ml","brand":"ECOMIL ","img":"https://sgfm.elcorteingles.es/SGFM/dctm/MEDIA03/201709/04/00120752600542____1__600x600.jpg","price":"1,80 €","price_unit":"(9 € / Litro)","categories":["Supermercado","Dietéticos","Alimentación básica dietética","Nata, margarina y quesos vegetales","ECOMIL Cuisine Nature crema vegetal ecológica de anarcado para cocinar sin gluten y sin azúcares envase 200 ml"],"general_information":[],"ingredients":[],"ean":"8428532192376"},{"full_name":"ECOMIL Cuisine Thai crema vegetal ecológica para cocinar sin gluten envase 200 ml","name":"Cuisine Thai crema vegetal ecológica para cocinar sin gluten envase 200 ml","brand":"ECOMIL ","img":"https://sgfm.elcorteingles.es/SGFM/dctm/MEDIA03/201709/04/00120752600567____1__600x600.jpg","price":"1,80 €","price_unit":"(9 € / Litro)","categories":["Supermercado","Dietéticos","Alimentación básica dietética","Nata, margarina y quesos vegetales","ECOMIL Cuisine Thai crema vegetal ecológica para cocinar sin gluten envase 200 ml"],"general_information":[],"ingredients":[],"ean":"8428532192352"},{"full_name":"ECOMIL Cuisine India crema vegetal ecológica para cocinar sin gluten envase 200 ml","name":"Cuisine India crema vegetal ecológica para cocinar sin gluten envase 200 ml","brand":"ECOMIL ","img":"https://sgfm.elcorteingles.es/SGFM/dctm/MEDIA03/201709/04/00120752600559____1__600x600.jpg","price":"1,80 €","price_unit":"(9 € / Litro)","categories":["Supermercado","Dietéticos","Alimentación básica dietética","Nata, margarina y quesos vegetales","ECOMIL Cuisine India crema vegetal ecológica para cocinar sin gluten envase 200 ml"],"general_information":[],"ingredients":[],"ean":"8428532192345"},{"full_name":"PROVAMEL Bio margarina de soja ecológica 100% vegetal sin colesterol tarrina 250 g","name":"Bio margarina de soja ecológica 100% vegetal sin colesterol tarrina 250 g","brand":"PROVAMEL ","img":"https://sgfm.elcorteingles.es/SGFM//00/07/5/0120762300075/0120762300075000g01011.jpg","price":"2,69 €","price_unit":"(10,76 € / Kilo)","categories":["Supermercado","Dietéticos","Alimentación básica dietética","Nata, margarina y quesos vegetales","PROVAMEL Bio margarina de soja ecológica 100% vegetal sin colesterol tarrina 250 g"],"general_information":["Denominación del alimento: SOYA MARGARINE BIO FRESCO","Nombre del operador: CASA SANTIVERI S.L.","Dirección del operador: ENCUNY 8, 08038 BARCELONA","Cantidad Neta: 250 g"],"ingredients":[" ACEITE DE SOJA ECOLÓGICA (38%), aceite de palma ecológica, grasa vegetal de palma, agua, LECITINA DE SOJA (EMULGENTE), sal marina, aroma natural (,6%), zumo de limón ecológico, vitamina a (retinol), vitamina d (ergocalciferol)"],"ean":"5410093135384"},{"full_name":"SANTIVERI Provamel nata de arroz 100% vegetal para cocinar ecológica y sin lactosa envase 250 cc","name":"Provamel nata de arroz 100% vegetal para cocinar ecológica y sin lactosa envase 250 cc","brand":"SANTIVERI ","img":"https://sgfm.elcorteingles.es/SGFM/dctm/MEDIA02/CONTENIDOS/201411/06/00120755400072____1__600x600.jpg","price":"2,42 €","price_unit":"(9,68 € / Litro)","categories":["Supermercado","Dietéticos","Alimentación básica dietética","Nata, margarina y quesos vegetales","SANTIVERI Provamel nata de arroz 100% vegetal para cocinar ecológica y sin lactosa envase 250 cc"],"general_information":[],"ingredients":[],"ean":"5411188124375"},{"full_name":"SANTIVERI Provamel nata de soja para cocinar 100% vegetal ecológica envase 250 ml","name":"Provamel nata de soja para cocinar 100% vegetal ecológica envase 250 ml","brand":"SANTIVERI ","img":"https://sgfm.elcorteingles.es/SGFM/dctm/MEDIA02/CONTENIDOS/201502/16/00120755400031____1__600x600.jpg","price":"2,42 €","price_unit":"(9,68 € / Litro)","categories":["Supermercado","Dietéticos","Alimentación básica dietética","Nata, margarina y quesos vegetales","SANTIVERI Provamel nata de soja para cocinar 100% vegetal ecológica envase 250 ml"],"general_information":[],"ingredients":[],"ean":"5411188124320"},{"full_name":"SORIA NATURAL quefu de soja semicurado ecológico, sin gluten y sin lactosa envase 200 g","name":"quefu de soja semicurado ecológico, sin gluten y sin lactosa envase 200 g","brand":"SORIA NATURAL ","img":"https://sgfm.elcorteingles.es/SGFM//00/32/5/0200352100325/0200352100325000g01011.jpg","price":"4,35 €","price_unit":"(21,75 € / Kilo)","categories":["Supermercado","Dietéticos","Alimentación básica dietética","Nata, margarina y quesos vegetales","SORIA NATURAL quefu de soja semicurado ecológico, sin gluten y sin lactosa envase 200 g"],"general_information":["Denominación del alimento: Quefu Semicurado","País de origen: España","Nombre del operador: Soria Natural S.A.","Dirección del operador: Poligono La Sacea,s/n -42162 Garray (Soria)","Lugar de procedencia del alimento: España","Cantidad Neta: 200 g","Otras menciones obligatorias en la etiqueta: No contiene conservantes"],"ingredients":[" Bebida de soja (agua, habas de soja*), aceite de girasol*, sal marina, fermentos.*Procedente de Agricultura Ecológica.Puede contener trazas de sésamo y de  frutos de cáscara."],"conservation":" Mantener refrigerado a temperatura= 4°C. Una vez abierto consumir en 7 días","ean":"8422947502003"},{"full_name":"SORIA NATURAL Quefu queso de soja curado sin leche 100% vegetal envase 200 g","name":"Quefu queso de soja curado sin leche 100% vegetal envase 200 g","brand":"SORIA NATURAL ","img":"https://sgfm.elcorteingles.es/SGFM/dctm/MEDIA02/CONTENIDOS/201410/30/00120752100352____1__600x600.jpg","price":"4,35 €","price_unit":"(21,75 € / Kilo)","categories":["Supermercado","Dietéticos","Alimentación básica dietética","Nata, margarina y quesos vegetales","SORIA NATURAL Quefu queso de soja curado sin leche 100% vegetal envase 200 g"],"general_information":["Denominación del alimento: Quefu Curado","País de origen: España","Nombre del operador: Soria Natural S.A.","Dirección del operador: Poligono La Sacea,s/n -42162 Garray (Soria)","Lugar de procedencia del alimento: España","Cantidad Neta: 200 g","Otras menciones obligatorias en la etiqueta: No contiene conservantes"],"ingredients":[" Bebida de soja* (agua, habas de soja*), aceite de girasol*, azúcar de caña*, sal marina, aroma natural, emulsionante: lecitina de soja, fermentos.*Procedente de Agricultura Ecológica.Puede contener trazas se sésamo y frutos secos."],"conservation":" Mantener refrigerado a temperatura= 4°C. Una vez abierto consumir en 7 días","ean":"8422947502010"},{"full_name":"GRANOVITA margarina ligera vegetal no hidrogenada sin gluten envase 250 g","name":"margarina ligera vegetal no hidrogenada sin gluten envase 250 g","brand":"GRANOVITA ","img":"https://sgfm.elcorteingles.es/SGFM/00/05/9/0120762300059/0120762300059000g01011.jpg","price":"1,89 €","price_unit":"(7,56 € / Kilo)","categories":["Supermercado","Dietéticos","Alimentación básica dietética","Nata, margarina y quesos vegetales","GRANOVITA margarina ligera vegetal no hidrogenada sin gluten envase 250 g"],"general_information":[],"ingredients":[],"ean":"8006703000301"},{"full_name":"VIOLIFE crema vegetal a las finas hierbas sin gluten, sin lactosa sin aceite de palma paquete 200 g","name":"crema vegetal a las finas hierbas sin gluten, sin lactosa sin aceite de palma paquete 200 g","brand":"VIOLIFE ","img":"https://sgfm.elcorteingles.es/SGFM/dctm/MEDIA03/201705/12/00120768000539____1__600x600.jpg","price":"3,49 €","price_unit":"(17,45 € / Kilo)","categories":["Supermercado","Dietéticos","Alimentación básica dietética","Nata, margarina y quesos vegetales","VIOLIFE crema vegetal a las finas hierbas sin gluten, sin lactosa sin aceite de palma paquete 200 g"],"general_information":[],"ingredients":[],"ean":"5202390013874"},{"full_name":"VIOLIFE lonchas veganas con sabor a queso sin soja, lactosa ni gluten paquete 200 g","name":"lonchas veganas con sabor a queso sin soja, lactosa ni gluten paquete 200 g","brand":"VIOLIFE ","img":"https://sgfm.elcorteingles.es/SGFM/dctm/MEDIA03/201705/22/00120768000497____5__600x600.jpg","price":"3,25 €","price_unit":"(16,25 € / Kilo)","categories":["Supermercado","Dietéticos","Alimentación básica dietética","Nata, margarina y quesos vegetales","VIOLIFE lonchas veganas con sabor a queso sin soja, lactosa ni gluten paquete 200 g"],"general_information":[],"ingredients":[],"ean":"5202390015878"},{"full_name":"VIOLIFE lonchas veganas con sabor a queso con tomate y albahaca sin gluten, sin soja y sin lactosa paquete 200 g","name":"lonchas veganas con sabor a queso con tomate y albahaca sin gluten, sin soja y sin lactosa paquete 200 g","brand":"VIOLIFE ","img":"https://sgfm.elcorteingles.es/SGFM/dctm/MEDIA03/201705/22/00120768000513____5__600x600.jpg","price":"3,49 €","price_unit":"(17,45 € / Kilo)","categories":["Supermercado","Dietéticos","Alimentación básica dietética","Nata, margarina y quesos vegetales","VIOLIFE lonchas veganas con sabor a queso con tomate y albahaca sin gluten, sin soja y sin lactosa paquete 200 g"],"general_information":[],"ingredients":[],"ean":"5202390016301"},{"full_name":"VIOLIFE lonchas veganas con sabor a queso cheddar sin gluten, sin soja y sin lactosa paquete 200 g","name":"lonchas veganas con sabor a queso cheddar sin gluten, sin soja y sin lactosa paquete 200 g","brand":"VIOLIFE ","img":"https://sgfm.elcorteingles.es/SGFM/dctm/MEDIA03/201705/22/00120768000521____5__600x600.jpg","price":"3,49 €","price_unit":"(17,45 € / Kilo)","categories":["Supermercado","Dietéticos","Alimentación básica dietética","Nata, margarina y quesos vegetales","VIOLIFE lonchas veganas con sabor a queso cheddar sin gluten, sin soja y sin lactosa paquete 200 g"],"general_information":[],"ingredients":[],"ean":"5202390015885"},{"full_name":"VIOLIFE lonchas veganas con sabor a mozzarella sin gluten, sin soja y sin lactosa paquete 200 g","name":"lonchas veganas con sabor a mozzarella sin gluten, sin soja y sin lactosa paquete 200 g","brand":"VIOLIFE ","img":"https://sgfm.elcorteingles.es/SGFM/dctm/MEDIA03/201705/22/00120768000505____5__600x600.jpg","price":"3,49 €","price_unit":"(17,45 € / Kilo)","categories":["Supermercado","Dietéticos","Alimentación básica dietética","Nata, margarina y quesos vegetales","VIOLIFE lonchas veganas con sabor a mozzarella sin gluten, sin soja y sin lactosa paquete 200 g"],"general_information":[],"ingredients":[],"ean":"5202390016011"},{"full_name":"lonchas veganas ecológicas para pizza sin gluten, sin soja y sin lactosa paquete 200 g","name":"lonchas veganas ecológicas para pizza sin gluten, sin soja y sin lactosa paquete 200 g","brand":" ","img":"https://sgfm.elcorteingles.es/SGFM/dctm/MEDIA03/201705/22/00120768000547____5__600x600.jpg","price":"4,15 €","price_unit":"(20,75 € / Kilo)","categories":["Supermercado","Dietéticos","Alimentación básica dietética","Nata, margarina y quesos vegetales","lonchas veganas ecológicas para pizza sin gluten, sin soja y sin lactosa paquete 200 g"],"general_information":[],"ingredients":[],"ean":"5202390017629"},{"full_name":"QUESNATUR preparado lácteo estilo queso gouda en lonchas sin alérgenos sin gluten y sin lactosa envase 200 g","name":"preparado lácteo estilo queso gouda en lonchas sin alérgenos sin gluten y sin lactosa envase 200 g","brand":"QUESNATUR ","img":"https://sgfm.elcorteingles.es/SGFM/dctm/MEDIA02/CONTENIDOS/201601/22/00120770400560____1__600x600.jpg","price":"2,95 €","categories":["Supermercado","Dietéticos","Alimentación básica dietética","Nata, margarina y quesos vegetales","QUESNATUR preparado lácteo estilo queso gouda en lonchas sin alérgenos sin gluten y sin lactosa envase 200 g"],"general_information":["Denominación del alimento: Preparado alimenticio","Nombre del operador: Lácteos Colindres, S.L.","Dirección del operador: Travesía La Mar nº 1,  39750 Colindres (Cantabria)","Cantidad Neta: 200 g","Otras menciones obligatorias en la etiqueta: Sin alérgenos (Según legislación alimentaria). Sin gluten. Sin caseína. Sin derivados lácteos. Sin huevo. Sin soja. Sin frutos secos. Envasado en atmósfera protectora"],"ingredients":[" Agua, aceites y grasas vegetales (no hidrogenadas) (Coco), almidón, proteína de guisante, estabilizadores, carragenano, goma garrofín, goma guar, fosfato disódico, fosfato dicálcico, corrector de acidez: citrato dicálcico, sal, conservante: sorbato potásico, colorante annato y aroma."],"conservation":" Consérvese refrigerado a menos de 7 °C. Una vez abierto consumir antes de 4 días.","ean":"8424172008060"},{"full_name":"QUESNATUR preparado lácteo estilo queso manchego semicurado en lonchas sin alérgenos sin lactosa envase 200 g","name":"preparado lácteo estilo queso manchego semicurado en lonchas sin alérgenos sin lactosa envase 200 g","brand":"QUESNATUR ","img":"https://sgfm.elcorteingles.es/SGFM/dctm/MEDIA02/CONTENIDOS/201601/22/00120770400552____1__600x600.jpg","price":"2,95 €","categories":["Supermercado","Dietéticos","Alimentación básica dietética","Nata, margarina y quesos vegetales","QUESNATUR preparado lácteo estilo queso manchego semicurado en lonchas sin alérgenos sin lactosa envase 200 g"],"general_information":["Denominación del alimento: Preparado alimenticio","Nombre del operador: Lácteos Colindres, S.L.","Dirección del operador: Travesía La Mar nº 1,  39750 Colindres (Cantabria)","Cantidad Neta: 200 g","Otras menciones obligatorias en la etiqueta: Sin alérgenos (Según legislación alimentaria). Sin gluten. Sin caseína. Sin derivados lácteos. Sin huevo. Sin soja. Sin frutos secos. Envasado en atmósfera protectora"],"ingredients":[" Agua, aceites y grasas vegetales (no hidrogenadas) (Coco), almidón, proteína de guisante, estabilizadores, carragenano, goma garrofín, goma guar, fosfato disódico, fosfato dicálcico, corrector de acidez: citrato dicálcico, sal, conservante: sorbato potásico, colorante annato y aroma."],"conservation":" Consérvese refrigerado a menos de 7 °C. Una vez abierto consumir antes de 4 días.","ean":"8424172008077"},{"full_name":"QUESNATUR preparado lácteo estilo queso rallado para gratinar sin alérgenos sin gluten y sin lactosa bolsa 200 g","name":"preparado lácteo estilo queso rallado para gratinar sin alérgenos sin gluten y sin lactosa bolsa 200 g","brand":"QUESNATUR ","img":"https://sgfm.elcorteingles.es/SGFM/dctm/MEDIA02/CONTENIDOS/201601/22/00120770400545____1__600x600.jpg","price":"2,95 €","categories":["Supermercado","Dietéticos","Alimentación básica dietética","Nata, margarina y quesos vegetales","QUESNATUR preparado lácteo estilo queso rallado para gratinar sin alérgenos sin gluten y sin lactosa bolsa 200 g"],"general_information":["Denominación del alimento: Preparado alimenticio","Nombre del operador: Lácteos Colindres, S.L.","Dirección del operador: Travesía La Mar nº 1,  39750 Colindres (Cantabria)","Cantidad Neta: 200 g","Otras menciones obligatorias en la etiqueta: Sin alérgenos (Según legislación alimentaria). Sin gluten. Sin caseína. Sin derivados lácteos. Sin huevo. Sin soja. Sin frutos secos. Envasado en atmósfera protectora"],"ingredients":[" Agua, aceites y grasas vegetales (no hidrogenadas) (Coco), almidón, proteína de guisante, estabilizadores, carragenano, goma garrofín, goma guar, fosfato disódico, fosfato dicálcico, corrector de acidez: citrato dicálcico, sal, conservante: sorbato potásico, colorante annato y aroma."],"conservation":" Consérvese refrigerado a menos de 7 °C. Una vez abierto consumir antes de 4 días.","ean":"8424172008022"},{"full_name":"QUESNATUR preparado lácteo estilo queso rallado para pizzas sin alérgenos sin gluten y sin lactosa bolsa 200 g","name":"preparado lácteo estilo queso rallado para pizzas sin alérgenos sin gluten y sin lactosa bolsa 200 g","brand":"QUESNATUR ","img":"https://sgfm.elcorteingles.es/SGFM/dctm/MEDIA02/CONTENIDOS/201601/22/00120770400537____1__600x600.jpg","price":"2,95 €","categories":["Supermercado","Dietéticos","Alimentación básica dietética","Nata, margarina y quesos vegetales","QUESNATUR preparado lácteo estilo queso rallado para pizzas sin alérgenos sin gluten y sin lactosa bolsa 200 g"],"general_information":["Denominación del alimento: Preparado alimenticio","Nombre del operador: Lácteos Colindres, S.L.","Dirección del operador: Travesía La Mar nº 1,  39750 Colindres (Cantabria)","Cantidad Neta: 200 g","Otras menciones obligatorias en la etiqueta: Sin alérgenos (Según legislación alimentaria). Sin gluten. Sin caseína. Sin derivados lácteos. Sin huevo. Sin soja. Sin frutos secos. Envasado en atmósfera protectora"],"ingredients":[" Agua, aceites y grasas vegetales (no hidrogenadas) (Coco), almidón, proteína de guisante, estabilizadores, carragenano, goma garrofín, goma guar, fosfato disódico, fosfato dicálcico, corrector de acidez: citrato dicálcico, sal, conservante: sorbato potásico, colorante annato y aroma."],"conservation":" Consérvese refrigerado a menos de 7 °C. Una vez abierto consumir antes de 4 días.","ean":"8424172008015"},{"full_name":"REDWOOD FOODS queso edam para fundir sin leche y sin lactosa envase 190 g","name":"queso edam para fundir sin leche y sin lactosa envase 190 g","brand":"REDWOOD FOODS ","img":"https://sgfm.elcorteingles.es/SGFM/01/24/8/0120771701248/0120771701248000g01011.jpg","price":"5,35 €","price_unit":"(28,16 € / Kilo)","categories":["Supermercado","Dietéticos","Alimentación básica dietética","Nata, margarina y quesos vegetales","REDWOOD FOODS queso edam para fundir sin leche y sin lactosa envase 190 g"],"general_information":["Denominación del alimento: Queso Edam sin Leche","Nombre del operador: Global Natural Products S.L.","Dirección del operador: C/ Escritor Herrera Santa Olaya N°22 - 29140 - Churriana - Málaga","Lugar de procedencia del alimento: Reino Unido","Cantidad Neta: 200 g","Otras menciones obligatorias en la etiqueta: Sin leche, sin huevo, sin gluten, 100% vegano."],"ingredients":[" Agua, grasas y aceites vegetales no hidrogenados, proteína de soja,fécula de arroz, espesantes, carragenanos, goma de algarroba ,sal, extracto de levadura, sales emulsionantes,fosfato de calcio, fosfato de potasio, azúcar moreno sin refinar, condimentos, hierbas,especias,colorante annato,beta caroteno."],"conservation":" Conservar refrigerado.","ean":"5021821730230"},{"full_name":"REDWOOD FOODS queso para fundir estilo gouda sin leche y sin lactosa envase 190 g","name":"queso para fundir estilo gouda sin leche y sin lactosa envase 190 g","brand":"REDWOOD FOODS ","img":"https://sgfm.elcorteingles.es/SGFM/01/25/5/0120771701255/0120771701255000g01011.jpg","price":"5,78 €","price_unit":"(30,42 € / Kilo)","categories":["Supermercado","Dietéticos","Alimentación básica dietética","Nata, margarina y quesos vegetales","REDWOOD FOODS queso para fundir estilo gouda sin leche y sin lactosa envase 190 g"],"general_information":["Denominación del alimento: Queso Gouda sin Leche","Nombre del operador: Global Natural Products S.L.","Dirección del operador: C/ Escritor Herrera Santa Olaya N°22 - 29140 - Churriana - Málaga","Lugar de procedencia del alimento: Reino Unido","Cantidad Neta: 200 g","Otras menciones obligatorias en la etiqueta: Sin leche, sin huevo, sin gluten, 100% vegano."],"ingredients":[" Agua,grasas y aceites vegetales no hidrogenados, proteína de soja, fécula de arroz, espesantes carragenanos, goma de algarroba ,sal, extracto de levadura, sales emulsionantes,fosfato de calcio, fosfato de potasio, azúcar moreno sin refinar, condimentos, hierbas,especias,colorante annato,beta caroteno."],"conservation":" Conservar refrigerado.","ean":"5021821730247"},{"full_name":"GRANOVITA Vegancheese sabor queso Cheddar 100% vegano envase 200 g","name":"Vegancheese sabor queso Cheddar 100% vegano envase 200 g","brand":"GRANOVITA ","img":"https://sgfm.elcorteingles.es/SGFM/dctm/MEDIA02/CONTENIDOS/201411/05/00120753500063____1__600x600.jpg","price":"3,15 €","price_unit":"(15,75 € / Kilo)","categories":["Supermercado","Dietéticos","Alimentación básica dietética","Nata, margarina y quesos vegetales","GRANOVITA Vegancheese sabor queso Cheddar 100% vegano envase 200 g"],"general_information":[],"ingredients":[],"ean":"8423266202179"},{"full_name":"GRANOVITA Vegancheese sabor queso manchego 100% vegano envase 200 g","name":"Vegancheese sabor queso manchego 100% vegano envase 200 g","brand":"GRANOVITA ","img":"https://sgfm.elcorteingles.es/SGFM/dctm/MEDIA02/CONTENIDOS/201411/05/00120753500055____1__600x600.jpg","price":"3,15 €","price_unit":"(15,75 € / Kilo)","categories":["Supermercado","Dietéticos","Alimentación básica dietética","Nata, margarina y quesos vegetales","GRANOVITA Vegancheese sabor queso manchego 100% vegano envase 200 g"],"general_information":[],"ingredients":[],"ean":"8423266202162"},{"full_name":"GRANOVITA Vegancheese sabor queso natural 100% vegano sin gluten envase 200 g","name":"Vegancheese sabor queso natural 100% vegano sin gluten envase 200 g","brand":"GRANOVITA ","img":"https://sgfm.elcorteingles.es/SGFM//00/01/4/0120753500014/0120753500014000g01011.jpg","price":"3,16 €","price_unit":"(15,80 € / Kilo)","categories":["Supermercado","Dietéticos","Alimentación básica dietética","Nata, margarina y quesos vegetales","GRANOVITA Vegancheese sabor queso natural 100% vegano sin gluten envase 200 g"],"general_information":[],"ingredients":[],"ean":"8423266202100"},{"full_name":"GRANOVITA Vegancheese sabor queso a la pimienta 100% vegano envase 200 g","name":"Vegancheese sabor queso a la pimienta 100% vegano envase 200 g","brand":"GRANOVITA ","img":"https://sgfm.elcorteingles.es/SGFM/00/04/4/0200353500044/0200353500044000g01011.jpg","price":"3,16 €","price_unit":"(15,80 € / Kilo)","categories":["Supermercado","Dietéticos","Alimentación básica dietética","Nata, margarina y quesos vegetales","GRANOVITA Vegancheese sabor queso a la pimienta 100% vegano envase 200 g"],"general_information":[],"ingredients":[],"ean":"8423266202131"},{"full_name":"GRANOVITA Vegancheese sabor queso con pimiento y oliva 100% vegano envase 200 g","name":"Vegancheese sabor queso con pimiento y oliva 100% vegano envase 200 g","brand":"GRANOVITA ","img":"https://sgfm.elcorteingles.es/SGFM/00/03/6/0200353500036/0200353500036000g01011.jpg","price":"3,16 €","price_unit":"(15,80 € / Kilo)","categories":["Supermercado","Dietéticos","Alimentación básica dietética","Nata, margarina y quesos vegetales","GRANOVITA Vegancheese sabor queso con pimiento y oliva 100% vegano envase 200 g"],"general_information":[],"ingredients":[],"ean":"8423266202117"},{"full_name":"GRANOVITA Vegancheese sabor queso ahumado 100% vegano envase 200 g","name":"Vegancheese sabor queso ahumado 100% vegano envase 200 g","brand":"GRANOVITA ","img":"https://sgfm.elcorteingles.es/SGFM/00/02/8/0200353500028/0200353500028000g01011.jpg","price":"3,16 €","price_unit":"(15,80 € / Kilo)","categories":["Supermercado","Dietéticos","Alimentación básica dietética","Nata, margarina y quesos vegetales","GRANOVITA Vegancheese sabor queso ahumado 100% vegano envase 200 g"],"general_information":[],"ingredients":[],"ean":"8423266202148"},{"full_name":"SHEESE Original queso vegetal cremoso para untar sin gluten y 100% sin lactosa envase 255 g","name":"Original queso vegetal cremoso para untar sin gluten y 100% sin lactosa envase 255 g","brand":"SHEESE ","img":"https://sgfm.elcorteingles.es/SGFM/00/15/8/0120768000158/0120768000158000g01011.jpg","price":"5,32 €","price_unit":"(20,86 € / Kilo)","categories":["Supermercado","Dietéticos","Alimentación básica dietética","Nata, margarina y quesos vegetales","SHEESE Original queso vegetal cremoso para untar sin gluten y 100% sin lactosa envase 255 g"],"general_information":["Denominación del alimento: Queso para Untar sin Leche Sabor Original","Nombre del operador: Global Natural Products S.L.","Dirección del operador: C/ Escritor Herrera Santa Olaya N°22 - 29140 - Churriana - Málaga","Lugar de procedencia del alimento: Reino Unido","Cantidad Neta: 255 g","Otras menciones obligatorias en la etiqueta: Sin leche, sin huevo, sin gluten, 100% vegano."],"ingredients":[" Agua, aceite vegetal, concentrado de soja, sal, ácido láctico (sin productos lácteos), azúcar, condimentos, espesante: carragenanos."],"conservation":" Conservar refrigerado.","ean":"5034795000209"},{"full_name":"SHEESE queso vegetal cremoso para untar estilo cheddar sin gluten y 100% sin lactosa envase 255 g con aceite de coco","name":"queso vegetal cremoso para untar estilo cheddar sin gluten y 100% sin lactosa envase 255 g","brand":"SHEESE ","img":"https://sgfm.elcorteingles.es/SGFM/dctm/MEDIA03/201702/01/00120768000422____1__600x600.jpg","price":"5,30 €","price_unit":"(20,78 € / Kilo)","categories":["Supermercado","Dietéticos","Alimentación básica dietética","Nata, margarina y quesos vegetales","SHEESE queso vegetal cremoso para untar estilo cheddar sin gluten y 100% sin lactosa envase 255 g con aceite de coco"],"general_information":[],"ingredients":[],"ean":"5034795000230"},{"full_name":"SHEESE Creamy queso para untar sabor ajo y finas hierbas 100% sin lactosa envase 255 g","name":"Creamy queso para untar sabor ajo y finas hierbas 100% sin lactosa envase 255 g","brand":"SHEESE ","img":"https://sgfm.elcorteingles.es/SGFM/00/16/6/0120768000166/0120768000166000g01011.jpg","price":"5,23 €","price_unit":"(20,51 € / Kilo)","categories":["Supermercado","Dietéticos","Alimentación básica dietética","Nata, margarina y quesos vegetales","SHEESE Creamy queso para untar sabor ajo y finas hierbas 100% sin lactosa envase 255 g"],"general_information":["Denominación del alimento: Queso para Untar sin Leche con Ajo Y Finas Hierbas","Nombre del operador: Global Natural Products S.L.","Dirección del operador: C/ Escritor Herrera Santa Olaya N°22 - 29140 - Churriana - Málaga","Lugar de procedencia del alimento: Reino Unido","Cantidad Neta: 255 g","Otras menciones obligatorias en la etiqueta: Sin leche, sin huevo, sin gluten, 100% vegano."],"ingredients":[" Agua, aceite vegetal, concentrado de soja, sal, ácido láctico (sin productos lácteos), azúcar, condimentos, aceite de alcohol, espesante: carragenanos, hierbas, ajo."],"conservation":" Conservar refrigerado.","ean":"5034795000216"},{"full_name":"SHEESE queso vegetal estilo wensleydale con arándanos sin gluten y 100% sin lactosa envase 200 g con aceite de coco","name":"queso vegetal estilo wensleydale con arándanos sin gluten y 100% sin lactosa envase 200 g","brand":"SHEESE ","img":"https://sgfm.elcorteingles.es/SGFM/dctm/MEDIA03/201702/01/00120768000414____1__600x600.jpg","price":"4,11 €","price_unit":"(20,55 € / Kilo)","categories":["Supermercado","Dietéticos","Alimentación básica dietética","Nata, margarina y quesos vegetales","SHEESE queso vegetal estilo wensleydale con arándanos sin gluten y 100% sin lactosa envase 200 g con aceite de coco"],"general_information":[],"ingredients":[],"ean":"5034795001138"},{"full_name":"SHEESE queso vegetal estilo cheddar con cebolla roja caramelizada sin gluten y 100% sin lactosa envase 200 g con aceite de coco","name":"queso vegetal estilo cheddar con cebolla roja caramelizada sin gluten y 100% sin lactosa envase 200 g","brand":"SHEESE ","img":"https://sgfm.elcorteingles.es/SGFM/dctm/MEDIA03/201702/01/00120768000448____1__600x600.jpg","price":"4,11 €","price_unit":"(20,55 € / Kilo)","categories":["Supermercado","Dietéticos","Alimentación básica dietética","Nata, margarina y quesos vegetales","SHEESE queso vegetal estilo cheddar con cebolla roja caramelizada sin gluten y 100% sin lactosa envase 200 g con aceite de coco"],"general_information":[],"ingredients":[],"ean":"5034795001053"},{"full_name":"SHEESE queso vegetal en lonchas estilo cheddar sin gluten y 100% sin lactosa con aceite de coco envase 200 g","name":"queso vegetal en lonchas estilo cheddar sin gluten y 100% sin lactosa con aceite de coco envase 200 g","brand":"SHEESE ","img":"https://sgfm.elcorteingles.es/SGFM/dctm/MEDIA03/201702/01/00120768000398____1__600x600.jpg","price":"4,11 €","price_unit":"(20,55 € / Kilo)","categories":["Supermercado","Dietéticos","Alimentación básica dietética","Nata, margarina y quesos vegetales","SHEESE queso vegetal en lonchas estilo cheddar sin gluten y 100% sin lactosa con aceite de coco envase 200 g"],"general_information":[],"ingredients":[],"ean":"5034795000889"},{"full_name":"SHEESE queso vegetal estilo griego sin gluten y 100% sin lactosa con aceite de coco envase 200 g","name":"queso vegetal estilo griego sin gluten y 100% sin lactosa con aceite de coco envase 200 g","brand":"SHEESE ","img":"https://sgfm.elcorteingles.es/SGFM/dctm/MEDIA03/201702/01/00120768000406____1__600x600.jpg","price":"4,11 €","price_unit":"(20,55 € / Kilo)","categories":["Supermercado","Dietéticos","Alimentación básica dietética","Nata, margarina y quesos vegetales","SHEESE queso vegetal estilo griego sin gluten y 100% sin lactosa con aceite de coco envase 200 g"],"general_information":[],"ingredients":[],"ean":"5034795000186"},{"full_name":"SHEESE queso vegetal estilo azul sin gluten y 100% sin lactosa con aceite de coco envase 227 g","name":"queso vegetal estilo azul sin gluten y 100% sin lactosa con aceite de coco envase 227 g","brand":"SHEESE ","img":"https://sgfm.elcorteingles.es/SGFM/dctm/MEDIA03/201702/01/00120768000430____1__600x600.jpg","price":"5,16 €","price_unit":"(22,73 € / Kilo)","categories":["Supermercado","Dietéticos","Alimentación básica dietética","Nata, margarina y quesos vegetales","SHEESE queso vegetal estilo azul sin gluten y 100% sin lactosa con aceite de coco envase 227 g"],"general_information":[],"ingredients":[],"ean":"5034795000704"},{"full_name":"SPECIAL LINE fideos de maíz sin gluten sin lactosa y sin huevo envase 500 g","name":"fideos de maíz sin gluten sin lactosa y sin huevo envase 500 g","brand":"SPECIAL LINE ","img":"https://sgfm.elcorteingles.es/SGFM/02/58/4/0120745402584/0120745402584000g01011.jpg","price":"1,00 €","price_unit":"(2 € / Kilo)","categories":["Supermercado","Dietéticos","Alimentación básica dietética","Pasta, sémola y arroz","SPECIAL LINE fideos de maíz sin gluten sin lactosa y sin huevo envase 500 g"],"general_information":["Denominación del alimento: FIDEOS DE MAÍZ","Nombre del operador: Elaborado para el Grupo El Corte Inglés\nHermosilla, 112 ? 28009 Madrid\nEspaña por NIF: B-33593740","Cantidad Neta: 500 g","Número de raciones por envase: 5"],"ingredients":[" Ingredientes: Harina de maíz, emulgente (E 471),   proteína de soja, almidón de maíz modificado,  espesante (E 415), sal  y agua."],"conservation":" Conservar a temperatura ambiente, en lugar fresco y seco. Una vez abierto, mantener la bolsa perfectamente cerrada.","ean":"8433329031073"},{"full_name":"EL CORTE INGLES BIO macarrones ecológicos paquete 500 g","name":"macarrones ecológicos paquete 500 g","brand":"EL CORTE INGLES BIO ","img":"https://sgfm.elcorteingles.es/SGFM/dctm/MEDIA03/201710/20/00120752301349____1__600x600.jpg","price":"1,15 €","price_unit":"(2,30 € / Kilo)","categories":["Supermercado","Dietéticos","Alimentación básica dietética","Pasta, sémola y arroz","EL CORTE INGLES BIO macarrones ecológicos paquete 500 g"],"general_information":["Denominación del alimento: Pasta alimenticia de calidad superior procedente de agricultura ecológica.","Nombre del operador: Elaborado para Grupo El Corte Inglés por\n Pastas Alimenticias Romero S.A. Avda. de Madrid, 43\n 50360  Daroca (Zaragoza) - España","Cantidad Neta: 500 g"],"ingredients":[" Ingredientes: sémola de trigo duro*.\n*Procedente de agricultura ecológica"],"conservation":" Conservar en lugar fresco y seco.","ean":"8433329079976"},{"full_name":"SANTIVERI arroz integral ecológico envase 1000 g","name":"arroz integral ecológico envase 1000 g","brand":"SANTIVERI ","img":"https://sgfm.elcorteingles.es/SGFM/00/26/5/0120778400265/0120778400265000g01011.jpg","price":"3,95 €","price_unit":"(3,95 € / Kilo)","categories":["Supermercado","Dietéticos","Alimentación básica dietética","Pasta, sémola y arroz","SANTIVERI arroz integral ecológico envase 1000 g"],"general_information":["Denominación del alimento: ARROZ INTEGRAL BIO","Nombre del operador: CASA SANTIVERI S.L.","Dirección del operador: ENCUNY 8, 08038 BARCELONA","Cantidad Neta: 1000 g"],"ingredients":[" arroz integral ecológico"],"ean":"8412170000124"},{"full_name":"SANTIVERI arroz integral paquete 1 kg","name":"arroz integral paquete 1 kg","brand":"SANTIVERI ","img":"https://sgfm.elcorteingles.es/SGFM/00/07/5/0120702900075/0120702900075000g01011.jpg","price":"2,75 €","price_unit":"(2,75 € / Kilo)","categories":["Supermercado","Dietéticos","Alimentación básica dietética","Pasta, sémola y arroz","SANTIVERI arroz integral paquete 1 kg"],"general_information":[],"ingredients":[]},{"full_name":"SANTIVERI Polenta sémola de maíz instantánea bolsa 500 g","name":"Polenta sémola de maíz instantánea bolsa 500 g","brand":"SANTIVERI ","img":"https://sgfm.elcorteingles.es/SGFM/dctm/MEDIA02/CONTENIDOS/201411/14/00120716600158____1__600x600.jpg","price":"3,59 €","price_unit":"(7,18 € / Kilo)","categories":["Supermercado","Dietéticos","Alimentación básica dietética","Pasta, sémola y arroz","SANTIVERI Polenta sémola de maíz instantánea bolsa 500 g"],"general_information":["Denominación del alimento: POLENTA: SÉMOLA DE MAÍZ BIO","Nombre del operador: CASA SANTIVERI S.L.","Dirección del operador: ENCUNY 8, 08038 BARCELONA","Cantidad Neta: 500 g"],"ingredients":[" sémola de maíz ecológica"],"ean":"8412170014961"},{"full_name":"SANTIVERI fusilli tricolor integral bolsa 250 g","name":"fusilli tricolor integral bolsa 250 g","brand":"SANTIVERI ","img":"https://sgfm.elcorteingles.es/SGFM/00/12/5/0120700500125/0120700500125000g01011.jpg","price":"2,37 €","price_unit":"(9,48 € / Kilo)","categories":["Supermercado","Dietéticos","Alimentación básica dietética","Pasta, sémola y arroz","SANTIVERI fusilli tricolor integral bolsa 250 g"],"general_information":[],"ingredients":[],"ean":"8412170009820"},{"full_name":"SANTIVERI Le Veneziane Noglut fideos sin gluten, huevo ni lactosa envase 250 g","name":"Le Veneziane Noglut fideos sin gluten, huevo ni lactosa envase 250 g","brand":"SANTIVERI ","img":"https://sgfm.elcorteingles.es/SGFM/dctm/MEDIA03/201709/27/00120704800042____1__600x600.jpg","price":"2,99 €","price_unit":"(11,96 € / Kilo)","categories":["Supermercado","Dietéticos","Alimentación básica dietética","Pasta, sémola y arroz","SANTIVERI Le Veneziane Noglut fideos sin gluten, huevo ni lactosa envase 250 g"],"general_information":["Denominación del alimento: PASTA CAPELLINI","Nombre del operador: CASA SANTIVERI S.L.","Dirección del operador: ENCUNY 8, 08038 BARCELONA","Cantidad Neta: 250 g"],"ingredients":[" harina de maíz, mono y diglicéridos de ácidos grasos (emulgente)"],"ean":"8009915000039"},{"full_name":"SANTIVERI Noglut Le Veneziane macarrones de maíz sin gluten envase 250 g","name":"Noglut Le Veneziane macarrones de maíz sin gluten envase 250 g","brand":"SANTIVERI ","img":"https://sgfm.elcorteingles.es/SGFM/00/08/3/0120704800083/0120704800083000g01011.jpg","price":"2,99 €","price_unit":"(11,96 € / Kilo)","categories":["Supermercado","Dietéticos","Alimentación básica dietética","Pasta, sémola y arroz","SANTIVERI Noglut Le Veneziane macarrones de maíz sin gluten envase 250 g"],"general_information":["Denominación del alimento: PASTA MACARRON-PENNE","Nombre del operador: CASA SANTIVERI S.L.","Dirección del operador: ENCUNY 8, 08038 BARCELONA","Cantidad Neta: 250 g"],"ingredients":[" harina de maíz, mono y diglicéridos de ácidos grasos (emulgente)"],"ean":"8009915001227"},{"full_name":"SANTIVERI Noglut Le Veneziane espirales de maíz sin gluten paquete 250 g","name":"Noglut Le Veneziane espirales de maíz sin gluten paquete 250 g","brand":"SANTIVERI ","img":"https://sgfm.elcorteingles.es/SGFM/00/05/9/0120704800059/0120704800059000g01011.jpg","price":"2,99 €","price_unit":"(11,96 € / Kilo)","categories":["Supermercado","Dietéticos","Alimentación básica dietética","Pasta, sémola y arroz","SANTIVERI Noglut Le Veneziane espirales de maíz sin gluten paquete 250 g"],"general_information":["Denominación del alimento: PASTA ELICHE","Nombre del operador: CASA SANTIVERI S.L.","Dirección del operador: ENCUNY 8, 08038 BARCELONA","Cantidad Neta: 250 g"],"ingredients":[" harina de maíz, mono y diglicéridos de ácidos grasos (emulgente)"],"ean":"8009915001340"},{"full_name":"SANTIVERI Noglut Le Veneziane pasta fettucce con harina de maíz sin gluten envase 250 g","name":"Noglut Le Veneziane pasta fettucce con harina de maíz sin gluten envase 250 g","brand":"SANTIVERI ","img":"https://sgfm.elcorteingles.es/SGFM/00/06/7/0120704800067/0120704800067000g01011.jpg","price":"2,99 €","price_unit":"(11,96 € / Kilo)","categories":["Supermercado","Dietéticos","Alimentación básica dietética","Pasta, sémola y arroz","SANTIVERI Noglut Le Veneziane pasta fettucce con harina de maíz sin gluten envase 250 g"],"general_information":["Denominación del alimento: PASTA FETTUCCE","Nombre del operador: CASA SANTIVERI S.L.","Dirección del operador: ENCUNY 8, 08038 BARCELONA","Cantidad Neta: 250 g"],"ingredients":[" harina de maíz, mono y diglicéridos de ácidos grasos (emulgente)"],"ean":"8009915000282"},{"full_name":"SANTIVERI Naturalia espagueti de trigo ecológicos envase 500 g","name":"Naturalia espagueti de trigo ecológicos envase 500 g","brand":"SANTIVERI ","img":"https://sgfm.elcorteingles.es/SGFM/dctm/MEDIA02/CONTENIDOS/201408/13/00120752600146____1__600x600.jpg","price":"2,30 €","price_unit":"(4,60 € / Kilo)","categories":["Supermercado","Dietéticos","Alimentación básica dietética","Pasta, sémola y arroz","SANTIVERI Naturalia espagueti de trigo ecológicos envase 500 g"],"general_information":["Denominación del alimento: PASTA SPAGHETTI BIO","Nombre del operador: CASA SANTIVERI S.L.","Dirección del operador: ENCUNY 8, 08038 BARCELONA","Cantidad Neta: 500 g"],"ingredients":[" SÉMOLA DE TRIGO DURO ECOLÓGICO, SALVADO DE TRIGO ECOLÓGICO"],"ean":"8412170031524"},{"full_name":"SANTIVERI Naturalia fideo fino de trigo ecológico envase 500 g","name":"Naturalia fideo fino de trigo ecológico envase 500 g","brand":"SANTIVERI ","img":"https://sgfm.elcorteingles.es/SGFM/dctm/MEDIA02/CONTENIDOS/201408/13/00120752600138____1__600x600.jpg","price":"2,30 €","price_unit":"(4,60 € / Kilo)","categories":["Supermercado","Dietéticos","Alimentación básica dietética","Pasta, sémola y arroz","SANTIVERI Naturalia fideo fino de trigo ecológico envase 500 g"],"general_information":["Denominación del alimento: PASTA FIDEO FINO BIO","Nombre del operador: CASA SANTIVERI S.L.","Dirección del operador: ENCUNY 8, 08038 BARCELONA","Cantidad Neta: 500 g"],"ingredients":[" SÉMOLA DE TRIGO DURO ECOLÓGICO, SALVADO DE TRIGO ECOLÓGICO"],"ean":"8412170031555"},{"full_name":"ORGRAN Free From espirales de arroz y vegetales envase 250 g","name":"Free From espirales de arroz y vegetales envase 250 g","brand":"ORGRAN ","img":"https://sgfm.elcorteingles.es/SGFM/00/03/0/0120768200030/0120768200030000g01011.jpg","price":"2,77 €","price_unit":"(11,08 € / Kilo)","categories":["Supermercado","Dietéticos","Alimentación básica dietética","Pasta, sémola y arroz","ORGRAN Free From espirales de arroz y vegetales envase 250 g"],"general_information":["Denominación del alimento: Espirales de arroz y verdura.","País de origen: Australia","Nombre del operador: Distribuciones Dietéticas el Labrador, SL.","Dirección del operador: Laguna del Marquesado, 47D, 28021 Madrid.","Cantidad Neta: 250 g","Número de raciones por envase: 4"],"ingredients":[" Harina de arroz 97 %, salvado de arroz 2 %, verdura 1 % (remolacha, espinaca)."],"conservation":" Consérvese en lugar fresco y seco.","ean":"0720516722301"},{"full_name":"SORIA NATURAL Bio fideos de arroz integral ecológicos y sin gluten paquete 250 g","name":"Bio fideos de arroz integral ecológicos y sin gluten paquete 250 g","brand":"SORIA NATURAL ","img":"https://sgfm.elcorteingles.es/SGFM/dctm/MEDIA03/201702/28/00120752301018____1__600x600.jpg","price":"3,20 €","price_unit":"(12,80 € / Kilo)","categories":["Supermercado","Dietéticos","Alimentación básica dietética","Pasta, sémola y arroz","SORIA NATURAL Bio fideos de arroz integral ecológicos y sin gluten paquete 250 g"],"general_information":[],"ingredients":[],"ean":"8422947400507"},{"full_name":"SORIA NATURAL espirales elaboradas con harina integrales de escanda ecológico envase 250 g","name":"espirales elaboradas con harina integrales de escanda ecológico envase 250 g","brand":"SORIA NATURAL ","img":"https://sgfm.elcorteingles.es/SGFM//00/40/8/0120752300408/0120752300408000g01011.jpg","price":"1,99 €","price_unit":"(7,96 € / Kilo)","categories":["Supermercado","Dietéticos","Alimentación básica dietética","Pasta, sémola y arroz","SORIA NATURAL espirales elaboradas con harina integrales de escanda ecológico envase 250 g"],"general_information":["Denominación del alimento: Espirales de espelta","País de origen: España","Nombre del operador: Soria Natural S.A.","Dirección del operador: Poligono La Sacea,s/n -42162 Garray (Soria)","Lugar de procedencia del alimento: España","Cantidad Neta: 250 g","Otras menciones obligatorias en la etiqueta: No contiene conservantes"],"ingredients":[" Pasta alimenticia (34%): harina integral de espelta*.Pasta alimenticia compuesta de espinacas (33%): harina integral de espelta* , espinacas* deshidratadas (5%).Pasta alimenticia compuesta de zanahoria (33%): harina integral de espelta*, zanahorias*deshidratadas (20%).*Procedente de Agricultura Ecológica.Contiene cereales con gluten."],"conservation":" Conservar en lugar seco y fresco","ean":"8422947840020"},{"full_name":"SCHAR Penne macarrones sin gluten envase 500 g","name":"Penne macarrones sin gluten envase 500 g","brand":"SCHAR ","img":"https://sgfm.elcorteingles.es/SGFM/02/53/5/0120745402535/0120745402535000g01011.jpg","price":"2,90 €","price_unit":"(5,80 € / Kilo)","categories":["Supermercado","Dietéticos","Alimentación básica dietética","Pasta, sémola y arroz","SCHAR Penne macarrones sin gluten envase 500 g"],"general_information":["Denominación del alimento: Glutenfree Noodles","País de origen: Italia","Nombre del operador: Dr. Schär AG / SPA","Dirección del operador: Winkelau 9 I-39014 Burgstall / Postal","Cantidad Neta: 500 g"],"ingredients":[" Ingredientes:  Harina de maíz, harina de mijo, harina de arroz, jarabe de caña de azúcar"],"conservation":"Modo de empleo: No especificado","ean":"8008698005880"},{"full_name":"SCHAR pasta gnocchi sin gluten y sin lactosa envase 300 g","name":"pasta gnocchi sin gluten y sin lactosa envase 300 g","brand":"SCHAR ","img":"https://sgfm.elcorteingles.es/SGFM/dctm/MEDIA03/201702/23/00120745402774____1__600x600.jpg","price":"2,70 €","price_unit":"(9 € / Kilo)","categories":["Supermercado","Dietéticos","Alimentación básica dietética","Pasta, sémola y arroz","SCHAR pasta gnocchi sin gluten y sin lactosa envase 300 g"],"general_information":["Denominación del alimento: Gnocchi de patatas sin gluten","País de origen: Italia","Nombre del operador: Dr. Schär AG / SPA","Dirección del operador: Winkelau 9; 39014 Burgstall / Postal Italy","Cantidad Neta: 300 g"],"ingredients":[" Copos de patatas rehidratadas 85% (agua,patatas, emulgente: mono y diglicéridos de ácidos grasos, estabilizador:difosfato disódico, antioxidante: palmitato de ascorbilo), harina de arroz,fécula de patata, sal, regulador de la acidez: ácido láctico, conservante:ácido sórbico"],"conservation":" Conservar en lugar fresco y seco","ean":"8008698004586"},{"full_name":"SCHAR pasta fusilli sin gluten y sin lactosa envase 500 g","name":"pasta fusilli sin gluten y sin lactosa envase 500 g","brand":"SCHAR ","img":"https://sgfm.elcorteingles.es/SGFM/02/97/8/0200345402978/0200345402978000g01011.jpg","price":"2,90 €","price_unit":"(5,80 € / Kilo)","categories":["Supermercado","Dietéticos","Alimentación básica dietética","Pasta, sémola y arroz","SCHAR pasta fusilli sin gluten y sin lactosa envase 500 g"],"general_information":["Denominación del alimento: pasta sin gluten","País de origen: Italia","Nombre del operador: Dr. Schär AG","Dirección del operador: Winkelau 9; I-39014 Burgstall / Postal","Cantidad Neta: 500 g"],"ingredients":[" Harina de maíz, harina de mijo, harina de arroz, jarabe de cana de azùcar"],"conservation":" Conservar en lugar fresco y seco","ean":"8008698005866"},{"full_name":"SCHAR espaguetis sin gluten y sin lactosa envase 500 g","name":"espaguetis sin gluten y sin lactosa envase 500 g","brand":"SCHAR ","img":"https://sgfm.elcorteingles.es/SGFM/02/54/3/0120745402543/0120745402543000g01011.jpg","price":"3,41 €","price_unit":"(6,82 € / Kilo)","categories":["Supermercado","Dietéticos","Alimentación básica dietética","Pasta, sémola y arroz","SCHAR espaguetis sin gluten y sin lactosa envase 500 g"],"general_information":["Denominación del alimento: Pasta sin gluten","País de origen: Italia","Nombre del operador: Dr. Schär AG / SPA","Dirección del operador: Winkelau 9 I-39014 Burgstall / Postal","Cantidad Neta: 500 g"],"ingredients":[" Ingredientes:  Harina de maíz, harina de arroz, emulgente: mono- ydiglicéridos de ácidos grasos"],"conservation":"Modo de empleo: No especificado","ean":"8008698005774"},{"full_name":"SCHAR pasta anellini sin gluten envase 250 g","name":"pasta anellini sin gluten envase 250 g","brand":"SCHAR ","img":"https://sgfm.elcorteingles.es/SGFM/02/94/5/0200345402945/0200345402945000g01011.jpg","price":"2,00 €","price_unit":"(8 € / Kilo)","categories":["Supermercado","Dietéticos","Alimentación básica dietética","Pasta, sémola y arroz","SCHAR pasta anellini sin gluten envase 250 g"],"general_information":["Denominación del alimento: Pasta sin gluten","País de origen: Italia","Nombre del operador: Dr. Schär AG / SPA","Dirección del operador: Winkelau 9 I-39014 Burgstall / Postal","Cantidad Neta: 250 g"],"ingredients":[" Ingredientes:  Harina de maíz, harina de mijo, harina de arroz, jarabe de caña de azúcar"],"conservation":"Modo de empleo: No especificado","ean":"8008698004074"},{"full_name":"SCHAR Capelli D'Angelo fideos sin gluten y sin lactosa envase 500 g","name":"Capelli D'Angelo fideos sin gluten y sin lactosa envase 500 g","brand":"SCHAR ","img":"https://sgfm.elcorteingles.es/SGFM/02/55/0/0120745402550/0120745402550000g01011.jpg","price":"2,00 €","price_unit":"(8 € / Kilo)","categories":["Supermercado","Dietéticos","Alimentación básica dietética","Pasta, sémola y arroz","SCHAR Capelli D'Angelo fideos sin gluten y sin lactosa envase 500 g"],"general_information":["Denominación del alimento: Pasta sin gluten","País de origen: Italia","Nombre del operador: Dr. Schär AG / SPA","Dirección del operador: Winkelau 9 I-39014 Burgstall / Postal","Cantidad Neta: 250 g"],"ingredients":[" Ingredientes:  harina de maíz, harina de arroz, aislado de proteínas de guisante,emulgente: mono- y diglicéridos de ácidos grasos"],"conservation":"Modo de empleo: No especificado","ean":"8008698004067"},{"full_name":"SCHAR base de pizza sin gluten 2 uds x 150 g envase 300 g","name":"base de pizza sin gluten 2 uds x 150 g envase 300 g","brand":"SCHAR ","img":"https://sgfm.elcorteingles.es/SGFM/dctm/MEDIA03/201702/23/00120745201473____1__600x600.jpg","price":"3,43 €","price_unit":"(11,43 € / Kilo)","categories":["Supermercado","Dietéticos","Alimentación básica dietética","Pasta, sémola y arroz","SCHAR base de pizza sin gluten 2 uds x 150 g envase 300 g"],"general_information":["Denominación del alimento: base de pizza sin gluten","País de origen: Alemania","Nombre del operador: Dr. Schär AG / SPA","Dirección del operador: Winkelau 9 39014 Burgstall / Postal (BZ) Italy","Cantidad Neta: 300 g"],"ingredients":[" Agua, almidón de maíz, fécula de patata, harina de arroz, aceite de girasol, almidón de arroz, jarabe de arroz, dextrosa, espesantes: hidroxypropil metil celulosa, harina de semilla de guar; fibra de manzana, levadura, sal, acidulantes: ácido tartárico. Puede contener trazas de soja."],"conservation":" Conservar en lugar fresco y seco","ean":"8008698002025"},{"full_name":"SAM MILLS Pasta D'Oro penne rigate de maiz sin gluten bolsa 500 g","name":"Pasta D'Oro penne rigate de maiz sin gluten bolsa 500 g","brand":"SAM MILLS ","img":"https://sgfm.elcorteingles.es/SGFM/dctm/MEDIA03/201702/17/00120745403038____1__600x600.jpg","price":"1,54 €","price_unit":"(3,08 € / Kilo)","categories":["Supermercado","Dietéticos","Alimentación básica dietética","Pasta, sémola y arroz","SAM MILLS Pasta D'Oro penne rigate de maiz sin gluten bolsa 500 g"],"general_information":[],"ingredients":[],"ean":"5941634003287"},{"full_name":"SAM MILLS Pasta D'Oro spaguetti de maiz sin gluten bolsa 500 g","name":"Pasta D'Oro spaguetti de maiz sin gluten bolsa 500 g","brand":"SAM MILLS ","img":"https://sgfm.elcorteingles.es/SGFM/dctm/MEDIA03/201702/17/00120745403020____1__600x600.jpg","price":"1,54 €","price_unit":"(3,08 € / Kilo)","categories":["Supermercado","Dietéticos","Alimentación básica dietética","Pasta, sémola y arroz","SAM MILLS Pasta D'Oro spaguetti de maiz sin gluten bolsa 500 g"],"general_information":[],"ingredients":[],"ean":"5941634003294"},{"full_name":"SAM MILLS Pasta D'Oro fusilli de maiz sin gluten bolsa 500 g","name":"Pasta D'Oro fusilli de maiz sin gluten bolsa 500 g","brand":"SAM MILLS ","img":"https://sgfm.elcorteingles.es/SGFM/dctm/MEDIA03/201702/17/00120745403012____1__600x600.jpg","price":"1,54 €","price_unit":"(3,08 € / Kilo)","categories":["Supermercado","Dietéticos","Alimentación básica dietética","Pasta, sémola y arroz","SAM MILLS Pasta D'Oro fusilli de maiz sin gluten bolsa 500 g"],"general_information":[],"ingredients":[],"ean":"5948935000274"},{"full_name":"EL GRANERO INTEGRAL Bio cous cous de cultivo ecológico envase 500 g","name":"Bio cous cous de cultivo ecológico envase 500 g","brand":"EL GRANERO INTEGRAL ","img":"https://sgfm.elcorteingles.es/SGFM/dctm/MEDIA03/201706/02/00120752301216____1__600x600.jpg","price":"2,75 €","price_unit":"(5,50 € / Kilo)","categories":["Supermercado","Dietéticos","Alimentación básica dietética","Pasta, sémola y arroz","EL GRANERO INTEGRAL Bio cous cous de cultivo ecológico envase 500 g"],"general_information":["Denominación del alimento: Cous cous blanco","Nombre del operador: BIOGRAN  S L","Dirección del operador: Avda. Doña María Garcini, 16 - P. Ind. 28860 Paracuellos de Jarama","Cantidad Neta: 500 g"],"ingredients":[" harina de trigo*. Contiene gluten. Puede contener trazas de soja, sésamo y frutos secos.(*)=De cultivo ecológico."],"conservation":" Conservar a temperatura ambiente, en un lugar fresco y seco protegido de la luz.","ean":"8422584018738"},{"full_name":"EL GRANERO INTEGRAL Bio fusilli de lenteja rojas sin gluten bolsa 250 g","name":"Bio fusilli de lenteja rojas sin gluten bolsa 250 g","brand":"EL GRANERO INTEGRAL ","img":"https://sgfm.elcorteingles.es/SGFM/dctm/MEDIA03/201705/17/00120745403103____1__600x600.jpg","price":"3,70 €","price_unit":"(14,80 € / Kilo)","categories":["Supermercado","Dietéticos","Alimentación básica dietética","Pasta, sémola y arroz","EL GRANERO INTEGRAL Bio fusilli de lenteja rojas sin gluten bolsa 250 g"],"general_information":[],"ingredients":[],"ean":"8422584088335"},{"full_name":"EL GRANERO INTEGRAL Bio Cous Cous integral de cultivo ecológico envase 500 g","name":"Bio Cous Cous integral de cultivo ecológico envase 500 g","brand":"EL GRANERO INTEGRAL ","img":"https://sgfm.elcorteingles.es/SGFM/dctm/MEDIA03/201706/02/00120752301190____1__600x600.jpg","price":"2,65 €","price_unit":"(5,30 € / Kilo)","categories":["Supermercado","Dietéticos","Alimentación básica dietética","Pasta, sémola y arroz","EL GRANERO INTEGRAL Bio Cous Cous integral de cultivo ecológico envase 500 g"],"general_information":["Denominación del alimento: Cous cous integral","Nombre del operador: BIOGRAN  S L","Dirección del operador: Avda. Doña María Garcini, 16 - P. Ind. 28860 Paracuellos de Jarama","Cantidad Neta: 500 g"],"ingredients":[" harina de trigo integral*. Contiene gluten. Puede contener trazas de sésamo, soja y frutos secos.(*)=De cultivo ecológico."],"conservation":" Conservar a temperatura ambiente, en un lugar fresco y seco protegido de la luz.","ean":"8422584018363"},{"full_name":"EL GRANERO INTEGRAL Bio arroz rojo de cultivo ecológico envase 500 g","name":"Bio arroz rojo de cultivo ecológico envase 500 g","brand":"EL GRANERO INTEGRAL ","img":"https://sgfm.elcorteingles.es/SGFM/dctm/MEDIA03/201706/02/00120752301182____1__600x600.jpg","price":"3,69 €","price_unit":"(7,38 € / Kilo)","categories":["Supermercado","Dietéticos","Alimentación básica dietética","Pasta, sémola y arroz","EL GRANERO INTEGRAL Bio arroz rojo de cultivo ecológico envase 500 g"],"general_information":["Denominación del alimento: ARROZ ROJO","Nombre del operador: BIOGRAN  S L","Dirección del operador: Avda. Doña María Garcini, 16 - P. Ind. 28860 Paracuellos de Jarama","Cantidad Neta: 500 g"],"ingredients":[" arroz rojo*. Puede contener trazas de gluten, soja, sésamo y frutos secos.(*)=De cultivo ecológico."],"conservation":" Conservar a temperatura ambiente, en un lugar fresco y seco protegido de la luz.","ean":"8422584048520"},{"full_name":"SANTIVERI Noglut pasta alimenticia spaghetti sin gluten envase 500 g","name":"Noglut pasta alimenticia spaghetti sin gluten envase 500 g","brand":"SANTIVERI ","img":"https://sgfm.elcorteingles.es/SGFM/02/20/4/0120745402204/0120745402204000g01011.jpg","price":"5,55 €","price_unit":"(11,10 € / Kilo)","categories":["Supermercado","Dietéticos","Alimentación básica dietética","Pasta, sémola y arroz","SANTIVERI Noglut pasta alimenticia spaghetti sin gluten envase 500 g"],"general_information":["Denominación del alimento: PASTA SPAGHETTI","Nombre del operador: CASA SANTIVERI S.L.","Dirección del operador: ENCUNY 8, 08038 BARCELONA","Cantidad Neta: 500 g"],"ingredients":[" harina de maíz, mono y diglicéridos de ácidos grasos (emulgente)"],"ean":"8412170024229"},{"full_name":"QUINUA REAL penne de arroz y quinoa real ecológicos y sin gluten unidad 250 g","name":"penne de arroz y quinoa real ecológicos y sin gluten unidad 250 g","brand":"QUINUA REAL ","img":"https://sgfm.elcorteingles.es/SGFM/dctm/MEDIA03/201701/30/00120752300879____1__600x600.jpg","price":"3,55 €","categories":["Supermercado","Dietéticos","Alimentación básica dietética","Pasta, sémola y arroz","QUINUA REAL penne de arroz y quinoa real ecológicos y sin gluten unidad 250 g"],"general_information":["Denominación del alimento: Pasta ecológica de harina de arroz y quinoa sin gluten","País de origen: Bolivia","Nombre del operador: La Finestra sul Cielo España, SL","Dirección del operador: Passeig del Riu Besós, 1 - 08160 Montmeló (Barcelona)","Cantidad Neta: 250 g","Otras menciones obligatorias en la etiqueta: Producto ecológico: BO-BIO-123 Agricultura no UE, Gluten free, Vegan"],"ingredients":[" Harina de arroz* (75%), harina de quinoa real* (25%). *de agricultura ecológica"],"conservation":" Conservar en un lugar fresco y seco.","ean":"8436545620250"},{"full_name":"QUINUA REAL fussili de arroz y quinoa real ecológico y sin gluten unidad 250 g","name":"fussili de arroz y quinoa real ecológico y sin gluten unidad 250 g","brand":"QUINUA REAL ","img":"https://sgfm.elcorteingles.es/SGFM/dctm/MEDIA03/201701/30/00120752300861____1__600x600.jpg","price":"3,55 €","categories":["Supermercado","Dietéticos","Alimentación básica dietética","Pasta, sémola y arroz","QUINUA REAL fussili de arroz y quinoa real ecológico y sin gluten unidad 250 g"],"general_information":["Denominación del alimento: Pasta ecológica de harina de arroz y quinoa sin gluten","País de origen: Bolivia","Nombre del operador: La Finestra sul Cielo España, SL","Dirección del operador: Passeig del Riu Besós, 1 - 08160 Montmeló (Barcelona)","Cantidad Neta: 250 g","Otras menciones obligatorias en la etiqueta: Producto ecológico: BO-BIO-123 Agricultura no UE, Gluten free, Vegan"],"ingredients":[" Harina de arroz* (75%), harina de quinoa real* (25%). *de agricultura ecológica"],"conservation":" Conservar en un lugar fresco y seco.","ean":"8436545620267"},{"full_name":"QUINUA REAL spaghetti de arroz y quinoa real ecológicos y sin gluten unidad 250 g","name":"spaghetti de arroz y quinoa real ecológicos y sin gluten unidad 250 g","brand":"QUINUA REAL ","img":"https://sgfm.elcorteingles.es/SGFM/dctm/MEDIA03/201701/30/00120752300853____1__600x600.jpg","price":"3,55 €","categories":["Supermercado","Dietéticos","Alimentación básica dietética","Pasta, sémola y arroz","QUINUA REAL spaghetti de arroz y quinoa real ecológicos y sin gluten unidad 250 g"],"general_information":["Denominación del alimento: Pasta ecológica de harina de arroz y quinoa sin gluten","País de origen: Bolivia","Nombre del operador: La Finestra sul Cielo España, SL","Dirección del operador: Passeig del Riu Besós, 1 - 08160 Montmeló (Barcelona)","Cantidad Neta: 250 g","Otras menciones obligatorias en la etiqueta: Producto ecológico: BO-BIO-123 Agricultura no UE, Gluten free, Vegan"],"ingredients":[" Harina de arroz* (75%), harina de quinoa real* (25%). *de agricultura ecológica"],"conservation":" Conservar en un lugar fresco y seco.","ean":"8436545620274"},{"full_name":"PORTO MUIÑOS tallarines ecológicos con alga nori bolsa 227 g","name":"tallarines ecológicos con alga nori bolsa 227 g","brand":"PORTO MUIÑOS ","img":"https://sgfm.elcorteingles.es/SGFM/dctm/MEDIA03/201701/30/00120752300770____1__600x600.jpg","price":"4,70 €","categories":["Supermercado","Dietéticos","Alimentación básica dietética","Pasta, sémola y arroz","PORTO MUIÑOS tallarines ecológicos con alga nori bolsa 227 g"],"general_information":["Denominación del alimento: Pasta","Nombre del operador: Porto-Muiños S.L.","Dirección del operador: Pol. Ind. O Acevedo, parcela 114 - 15185 Cerceda (A Coruña)","Lugar de procedencia del alimento: Agricultura UE/ no UE","Cantidad Neta: 200 g","Peso neto escurrido: 200 g"],"ingredients":[" Sémola de trigo duro, agua y alga nori"],"conservation":" Conservar en lugar fresco y seco, una vez abierto, conservar en envase hermético y consumir antes de la decha de consumo preferente","ean":"8437001471164"},{"full_name":"PORTO MUIÑOS tallarines ecológicos con alga wakame bolsa 227 g","name":"tallarines ecológicos con alga wakame bolsa 227 g","brand":"PORTO MUIÑOS ","img":"https://sgfm.elcorteingles.es/SGFM/dctm/MEDIA03/201701/30/00120752300762____1__600x600.jpg","price":"4,70 €","categories":["Supermercado","Dietéticos","Alimentación básica dietética","Pasta, sémola y arroz","PORTO MUIÑOS tallarines ecológicos con alga wakame bolsa 227 g"],"general_information":["Denominación del alimento: Pasta","Nombre del operador: Porto-Muiños S.L.","Dirección del operador: Pol. Ind. O Acevedo, parcela 114 - 15185 Cerceda (A Coruña)","Lugar de procedencia del alimento: Agricultura UE / No UE","Cantidad Neta: 200 g","Peso neto escurrido: 200 g"],"ingredients":[" Sémola de trigo duro, agua y alga wakame (Undaria pinnatifida)"],"conservation":" Conservar en lugar fresco y seco, una vez abierto, conservar en envase hermético y consumir antes de la decha de consumo preferente","ean":"8437001471140"},{"full_name":"PORTO MUIÑOS tallarines ecológicos con lechuga de mar bolsa 227 g","name":"tallarines ecológicos con lechuga de mar bolsa 227 g","brand":"PORTO MUIÑOS ","img":"https://sgfm.elcorteingles.es/SGFM/dctm/MEDIA03/201701/30/00120752300788____1__600x600.jpg","price":"4,70 €","categories":["Supermercado","Dietéticos","Alimentación básica dietética","Pasta, sémola y arroz","PORTO MUIÑOS tallarines ecológicos con lechuga de mar bolsa 227 g"],"general_information":["Denominación del alimento: Pasta","Nombre del operador: Porto-Muiños S.L.","Dirección del operador: Pol. Ind. O Acevedo, parcela 114 - 15185 Cerceda (A Coruña)","Lugar de procedencia del alimento: Agricultura UE/ No UE","Cantidad Neta: 200 g","Peso neto escurrido: 200 g"],"ingredients":[" Sémola de trigo duro, alga lechuga de mar (Ulva spp.), agua"],"conservation":" Conservar en lugar fresco y seco, una vez abierto, conservar en envase hermético y consumir antes de la decha de consumo preferente","ean":"8437001471157"},{"full_name":"PORTO MUIÑOS fussili ecológicos de wakame bolsa 215 g","name":"fussili ecológicos de wakame bolsa 215 g","brand":"PORTO MUIÑOS ","img":"https://sgfm.elcorteingles.es/SGFM/dctm/MEDIA03/201702/28/00120752300804____1__600x600.jpg","price":"4,20 €","categories":["Supermercado","Dietéticos","Alimentación básica dietética","Pasta, sémola y arroz","PORTO MUIÑOS fussili ecológicos de wakame bolsa 215 g"],"general_information":["Denominación del alimento: Pasta","Nombre del operador: Porto-Muiños S.L.","Dirección del operador: Pol. Ind. O Acevedo, parcela 114 - 15185 Cerceda (A Coruña)","Lugar de procedencia del alimento: Agricultura UE / No UE","Cantidad Neta: 200 g"],"ingredients":[" Sémola de trigo duro, agua y  alga Wakame (Undaria pinnatifida.) ( 4,44%).Puede contener moluscos, crustáceos y pescado"],"conservation":" Conservar en lugar fresco y seco, una vez abierto, conservar en envase hermético y consumir antes de la fecha de consumo preferente","ean":"8437001472765"},{"full_name":"FARABELLA macarrones sin gluten sin lactosa envase 500 g","name":"macarrones sin gluten sin lactosa envase 500 g","brand":"FARABELLA ","img":"https://sgfm.elcorteingles.es/SGFM/dctm/MEDIA03/201607/11/00120745402816____2__600x600.jpg","price":"4,00 €","categories":["Supermercado","Dietéticos","Alimentación básica dietética","Pasta, sémola y arroz","FARABELLA macarrones sin gluten sin lactosa envase 500 g"],"general_information":[],"ingredients":[],"ean":"8032755844488"},{"full_name":"FARABELLA gnocchi de patata sin gluten sin lactosa envase 500 g","name":"gnocchi de patata sin gluten sin lactosa envase 500 g","brand":"FARABELLA ","img":"https://sgfm.elcorteingles.es/SGFM/dctm/MEDIA03/201607/11/00120745402634____1__600x600.jpg","price":"4,00 €","price_unit":"(8 € / Kilo)","categories":["Supermercado","Dietéticos","Alimentación básica dietética","Pasta, sémola y arroz","FARABELLA gnocchi de patata sin gluten sin lactosa envase 500 g"],"general_information":["Denominación del alimento: Gnocchi de Patata Sin Gluten","Nombre del operador: Piafoc, S.L.U.","Dirección del operador: Pol. Ind. de Girona Av. Mas Vilà, 98-100 (17457) Ruidellots de la Selva, Girona, España","Lugar de procedencia del alimento: Italia","Cantidad Neta: 500 g"],"ingredients":[" Copos de patata deshidratada, harina de arroz, almidón de patata, sal, regulador de acidez: ácido láctico, conservador ácido sórbico."],"conservation":"Modo de empleo: Consumir previa cocción de 2 minutos.","ean":"8032755843719"},{"full_name":"FARABELLA espaguetis sin gluten sin lactosa envase 500 g","name":"espaguetis sin gluten sin lactosa envase 500 g","brand":"FARABELLA ","img":"https://sgfm.elcorteingles.es/SGFM/dctm/MEDIA03/201607/11/00120745402659____1__600x600.jpg","price":"4,00 €","price_unit":"(8 € / Kilo)","categories":["Supermercado","Dietéticos","Alimentación básica dietética","Pasta, sémola y arroz","FARABELLA espaguetis sin gluten sin lactosa envase 500 g"],"general_information":["Denominación del alimento: Spaghetti Sin Gluten","Nombre del operador: Piafoc, S.L.U.","Dirección del operador: Pol. Ind. de Girona Av. Mas Vilà, 98-100 (17457) Ruidellots de la Selva, Girona, España","Lugar de procedencia del alimento: Italia","Cantidad Neta: 500 g"],"ingredients":[" Harina de maíz, harina de arroz, mono y diglicéridos de ácidos grasos."],"conservation":"Modo de empleo: Consumir previa cocción según instrucciones en el envase.","ean":"8032755844044"},{"full_name":"FARABELLA rigatoni pasta italiana sin gluten sin lactosa envase 500 g","name":"rigatoni pasta italiana sin gluten sin lactosa envase 500 g","brand":"FARABELLA ","img":"https://sgfm.elcorteingles.es/SGFM/dctm/MEDIA03/201607/11/00120745402949____2__600x600.jpg","price":"4,00 €","categories":["Supermercado","Dietéticos","Alimentación básica dietética","Pasta, sémola y arroz","FARABELLA rigatoni pasta italiana sin gluten sin lactosa envase 500 g"],"general_information":[],"ingredients":[],"ean":"8056774000182"},{"full_name":"FARABELLA espirales sin gluten sin lactosa envase 500 g","name":"espirales sin gluten sin lactosa envase 500 g","brand":"FARABELLA ","img":"https://sgfm.elcorteingles.es/SGFM/dctm/MEDIA03/201607/11/00120745402675____1__600x600.jpg","price":"4,00 €","price_unit":"(8 € / Kilo)","categories":["Supermercado","Dietéticos","Alimentación básica dietética","Pasta, sémola y arroz","FARABELLA espirales sin gluten sin lactosa envase 500 g"],"general_information":["Denominación del alimento: Spiralli Sin Gluten","Nombre del operador: Piafoc, S.L.U.","Dirección del operador: Pol. Ind. de Girona Av. Mas Vilà, 98-100 (17457) Ruidellots de la Selva, Girona, España","Lugar de procedencia del alimento: Italia","Cantidad Neta: 500 g"],"ingredients":[" Harina de maíz, harina de arroz y almidón de maíz."],"conservation":"Modo de empleo: Consumir previa cocción según instrucciones en el envase.","ean":"8032755844471"},{"full_name":"FARABELLA espirales tricolor sin gluten sin lactosa envase 500 g","name":"espirales tricolor sin gluten sin lactosa envase 500 g","brand":"FARABELLA ","img":"https://sgfm.elcorteingles.es/SGFM/dctm/MEDIA03/201607/11/00120745402998____1__600x600.jpg","price":"4,40 €","categories":["Supermercado","Dietéticos","Alimentación básica dietética","Pasta, sémola y arroz","FARABELLA espirales tricolor sin gluten sin lactosa envase 500 g"],"general_information":[],"ingredients":[],"ean":"8056774000779"},{"full_name":"FARABELLA láminas para preparar lasaña sin gluten sin lactosa envase 250 g","name":"láminas para preparar lasaña sin gluten sin lactosa envase 250 g","brand":"FARABELLA ","img":"https://sgfm.elcorteingles.es/SGFM/02/73/3/0120745402733/0120745402733000g01011.jpg","price":"4,19 €","price_unit":"(16,76 € / Kilo)","categories":["Supermercado","Dietéticos","Alimentación básica dietética","Pasta, sémola y arroz","FARABELLA láminas para preparar lasaña sin gluten sin lactosa envase 250 g"],"general_information":["Denominación del alimento: Lasagne Sin Gluten","Nombre del operador: Piafoc, S.L.U.","Dirección del operador: Pol. Ind. de Girona Av. Mas Vilà, 98-100 (17457) Ruidellots de la Selva, Girona, España","Lugar de procedencia del alimento: Italia","Cantidad Neta: 250 g"],"ingredients":[" Harina de maíz, harina de arroz y almidón de maíz."],"conservation":"Modo de empleo: Consumir previa cocción según instrucciones en el envase.","ean":"8032755844846"},{"full_name":"FARABELLA tagliatelle sin gluten sin lactosa envase 250 g","name":"tagliatelle sin gluten sin lactosa envase 250 g","brand":"FARABELLA ","img":"https://sgfm.elcorteingles.es/SGFM/dctm/MEDIA03/201607/11/00120745402709____1__600x600.jpg","price":"4,00 €","price_unit":"(16 € / Kilo)","categories":["Supermercado","Dietéticos","Alimentación básica dietética","Pasta, sémola y arroz","FARABELLA tagliatelle sin gluten sin lactosa envase 250 g"],"general_information":["Denominación del alimento: Tagliatelli Sin Gluten","Nombre del operador: Piafoc, S.L.U.","Dirección del operador: Pol. Ind. de Girona Av. Mas Vilà, 98-100 (17457) Ruidellots de la Selva, Girona, España","Lugar de procedencia del alimento: Italia","Cantidad Neta: 250 g"],"ingredients":[" Harina de maíz, harina de arroz y almidón de maíz."],"conservation":"Modo de empleo: Consumir previa cocción según instrucciones en el envase.","ean":"8032755844822"},{"full_name":"FARABELLA canelones sin gluten sin lactosa envase 250 g","name":"canelones sin gluten sin lactosa envase 250 g","brand":"FARABELLA ","img":"https://sgfm.elcorteingles.es/SGFM/dctm/MEDIA03/201607/11/00120745402717____1__600x600.jpg","price":"4,19 €","price_unit":"(16,76 € / Kilo)","categories":["Supermercado","Dietéticos","Alimentación básica dietética","Pasta, sémola y arroz","FARABELLA canelones sin gluten sin lactosa envase 250 g"],"general_information":["Denominación del alimento: Canelloni Sin Gluten","Nombre del operador: Piafoc, S.L.U.","Dirección del operador: Pol. Ind. de Girona Av. Mas Vilà, 98-100 (17457) Ruidellots de la Selva, Girona, España","Lugar de procedencia del alimento: Italia","Cantidad Neta: 250 g"],"ingredients":[" Harina de maíz, harina de arroz y almidón de maíz."],"conservation":"Modo de empleo: Consumir previa cocción según instrucciones en el envase.","ean":"8032755844853"},{"full_name":"ALCE NERO penne rigate integral ecológico 100% grano duro unidad 540 g","name":"penne rigate integral ecológico 100% grano duro unidad 540 g","brand":"ALCE NERO ","img":"https://sgfm.elcorteingles.es/SGFM/dctm/MEDIA03/201705/17/00120752300838____6__600x600.jpg","price":"1,90 €","categories":["Supermercado","Dietéticos","Alimentación básica dietética","Pasta, sémola y arroz","ALCE NERO penne rigate integral ecológico 100% grano duro unidad 540 g"],"general_information":["Denominación del alimento: Pasta alimenticia de trigo duro integral ecológica","País de origen: Italia","Nombre del operador: La Finestra sul Cielo España, SL","Dirección del operador: Passeig del Riu Besós, 1 - 08160 Montmeló (Barcelona)","Cantidad Neta: 500 g","Otras menciones obligatorias en la etiqueta: Producto ecológico: IT-BIO-009 Agricultura Italia"],"ingredients":[" Sémola integral de trigo duro*, agua. *de agricultura ecológica"],"conservation":" Conservar en un lugar fresco y seco.","ean":"8009004100039"},{"full_name":"ALCE NERO espagueti integral ecológico 100% trigo duro unidad 540 g","name":"espagueti integral ecológico 100% trigo duro unidad 540 g","brand":"ALCE NERO ","img":"https://sgfm.elcorteingles.es/SGFM/dctm/MEDIA03/201705/17/00120752300820____6__600x600.jpg","price":"1,90 €","categories":["Supermercado","Dietéticos","Alimentación básica dietética","Pasta, sémola y arroz","ALCE NERO espagueti integral ecológico 100% trigo duro unidad 540 g"],"general_information":["Denominación del alimento: Pasta alimenticia de trigo duro integral ecológica","País de origen: Italia","Nombre del operador: La Finestra sul Cielo España, SL","Dirección del operador: Passeig del Riu Besós, 1 - 08160 Montmeló (Barcelona)","Cantidad Neta: 500 g","Otras menciones obligatorias en la etiqueta: Producto ecológico: IT-BIO-009 Agricultura UE"],"ingredients":[" Sémola integral de trigo duro*, agua. *de agricultura ecológica"],"conservation":" Conservar en un lugar fresco y seco.","ean":"8009004100015"},{"full_name":"ALCE NERO fusili integral ecológico 100% de grano duro unidad 540 g","name":"fusili integral ecológico 100% de grano duro unidad 540 g","brand":"ALCE NERO ","img":"https://sgfm.elcorteingles.es/SGFM/dctm/MEDIA03/201705/17/00120752300846____6__600x600.jpg","price":"1,90 €","categories":["Supermercado","Dietéticos","Alimentación básica dietética","Pasta, sémola y arroz","ALCE NERO fusili integral ecológico 100% de grano duro unidad 540 g"],"general_information":["Denominación del alimento: Pasta alimenticia de trigo duro integral ecológica","País de origen: Italia","Nombre del operador: La Finestra sul Cielo España, SL","Dirección del operador: Passeig del Riu Besós, 1 - 08160 Montmeló (Barcelona)","Cantidad Neta: 500 g","Otras menciones obligatorias en la etiqueta: Producto ecológico: IT-BIO-009 Agricultura UE"],"ingredients":[" Sémola integral de trigo duro*, agua. *de agricultura ecológica"],"conservation":" Conservar en un lugar fresco y seco.","ean":"8009004100053"},{"full_name":"VALMASERA penne rigate bio orgánic de agricultura ecológica bolsa 500 g","name":"penne rigate bio orgánic de agricultura ecológica bolsa 500 g","brand":"VALMASERA ","img":"https://sgfm.elcorteingles.es/SGFM/dctm/MEDIA03/201701/27/00120752300887____1__600x600.jpg","price":"2,90 €","categories":["Supermercado","Dietéticos","Alimentación básica dietética","Pasta, sémola y arroz","VALMASERA penne rigate bio orgánic de agricultura ecológica bolsa 500 g"],"general_information":[],"ingredients":[],"ean":"8436018046174"},{"full_name":"VALMASERA tagliatelle bio orgánic de producción ecológica bolsa 500 g","name":"tagliatelle bio orgánic de producción ecológica bolsa 500 g","brand":"VALMASERA ","img":"https://sgfm.elcorteingles.es/SGFM/dctm/MEDIA03/201701/27/00120752300903____1__600x600.jpg","price":"2,90 €","categories":["Supermercado","Dietéticos","Alimentación básica dietética","Pasta, sémola y arroz","VALMASERA tagliatelle bio orgánic de producción ecológica bolsa 500 g"],"general_information":[],"ingredients":[],"ean":"8436018046198"},{"full_name":"VALMASERA tagliatelle con tomate y ajo bio orgánic de producción ecológica bolsa 500 g","name":"tagliatelle con tomate y ajo bio orgánic de producción ecológica bolsa 500 g","brand":"VALMASERA ","img":"https://sgfm.elcorteingles.es/SGFM/dctm/MEDIA03/201701/27/00120752300895____1__600x600.jpg","price":"3,05 €","categories":["Supermercado","Dietéticos","Alimentación básica dietética","Pasta, sémola y arroz","VALMASERA tagliatelle con tomate y ajo bio orgánic de producción ecológica bolsa 500 g"],"general_information":[],"ingredients":[],"ean":"8436018046181"},{"full_name":"VALMASERA fussili multisabor bio orgánic de producción ecológica bolsa 500 g","name":"fussili multisabor bio orgánic de producción ecológica bolsa 500 g","brand":"VALMASERA ","img":"https://sgfm.elcorteingles.es/SGFM/dctm/MEDIA03/201701/27/00120752300911____1__600x600.jpg","price":"3,05 €","categories":["Supermercado","Dietéticos","Alimentación básica dietética","Pasta, sémola y arroz","VALMASERA fussili multisabor bio orgánic de producción ecológica bolsa 500 g"],"general_information":[],"ingredients":[],"ean":"8436018046235"},{"full_name":"VALMASERA spaguetti multisabor bio orgánic de producción ecológica bolsa 500 g","name":"spaguetti multisabor bio orgánic de producción ecológica bolsa 500 g","brand":"VALMASERA ","img":"https://sgfm.elcorteingles.es/SGFM/dctm/MEDIA03/201701/27/00120752300929____1__600x600.jpg","price":"3,05 €","categories":["Supermercado","Dietéticos","Alimentación básica dietética","Pasta, sémola y arroz","VALMASERA spaguetti multisabor bio orgánic de producción ecológica bolsa 500 g"],"general_information":[],"ingredients":[],"ean":"8436018046259"},{"full_name":"VALMASERA tagliolini  con tomate y albahaca bio orgánic de producción ecológica bolsa 500 g","name":"tagliolini  con tomate y albahaca bio orgánic de producción ecológica bolsa 500 g","brand":"VALMASERA ","img":"https://sgfm.elcorteingles.es/SGFM/dctm/MEDIA03/201701/27/00120752300937____1__600x600.jpg","price":"3,05 €","categories":["Supermercado","Dietéticos","Alimentación básica dietética","Pasta, sémola y arroz","VALMASERA tagliolini  con tomate y albahaca bio orgánic de producción ecológica bolsa 500 g"],"general_information":[],"ingredients":[],"ean":"8436018046266"},{"full_name":"BIOCOP espaguetis ecológicos de trigo integral envase 500 g","name":"espaguetis ecológicos de trigo integral envase 500 g","brand":"BIOCOP ","img":"https://sgfm.elcorteingles.es/SGFM//00/43/2/0120752300432/0120752300432000g01011.jpg","price":"3,15 €","price_unit":"(6,30 € / Kilo)","categories":["Supermercado","Dietéticos","Alimentación básica dietética","Pasta, sémola y arroz","BIOCOP espaguetis ecológicos de trigo integral envase 500 g"],"general_information":["Denominación del alimento: Espaguetis","Nombre del operador: Biocop Productos Biológicos, S.A.","Dirección del operador: C/Puigmal 3 - 08185 Lliçà de Vall (Barcelona)","Cantidad Neta: 500 g"],"ingredients":[" Sémola integral de trigo duro*. *De cultivo biológico. Puede contener trazas de soja y huevo"],"conservation":" Conservese en lugar fresco y seco","ean":"8423903000281"},{"full_name":"BIOCOP Iris macarrones integrales ecológicos envase 500 g","name":"Iris macarrones integrales ecológicos envase 500 g","brand":"BIOCOP ","img":"https://sgfm.elcorteingles.es/SGFM//00/30/9/0120752300309/0120752300309000g01011.jpg","price":"2,04 €","price_unit":"(4,08 € / Kilo)","categories":["Supermercado","Dietéticos","Alimentación básica dietética","Pasta, sémola y arroz","BIOCOP Iris macarrones integrales ecológicos envase 500 g"],"general_information":["Denominación del alimento: Macarrones integrales","Nombre del operador: Biocop Productos Biológicos, S.A.","Dirección del operador: C/Puigmal 3 - 08185 Lliçà de Vall (Barcelona)","Cantidad Neta: 500 g"],"ingredients":[" Sémola integral de trigo duro*, agua.* De agricultura biológica. Contiene gluten."],"conservation":" Conservese en lugar fresco y seco","ean":"8423903041512"},{"full_name":"BIOCOP Iris espirales integrales ecológicas envase 500 g","name":"Iris espirales integrales ecológicas envase 500 g","brand":"BIOCOP ","img":"https://sgfm.elcorteingles.es/SGFM//00/29/1/0120752300291/0120752300291000g01011.jpg","price":"2,04 €","price_unit":"(4,08 € / Kilo)","categories":["Supermercado","Dietéticos","Alimentación básica dietética","Pasta, sémola y arroz","BIOCOP Iris espirales integrales ecológicas envase 500 g"],"general_information":["Denominación del alimento: Espirales integrales","Nombre del operador: Biocop Productos Biológicos, S.A.","Dirección del operador: C/Puigmal 3 - 08185 Lliçà de Vall (Barcelona)","Cantidad Neta: 500 g"],"ingredients":[" Sémola integral de trigo duro*, agua.*De cultivo biológico. Contiene gluten."],"conservation":" Conservese en lugar fresco y seco","ean":"8423903041543"},{"full_name":"BIOCOP arroz redondo integral ecológico envase 1 kg","name":"arroz redondo integral ecológico envase 1 kg","brand":"BIOCOP ","img":"https://sgfm.elcorteingles.es/SGFM/dctm/MEDIA03/201705/10/00120755000062____1__600x600.jpg","price":"4,25 €","price_unit":"(4,25 € / Kilo)","categories":["Supermercado","Dietéticos","Alimentación básica dietética","Pasta, sémola y arroz","BIOCOP arroz redondo integral ecológico envase 1 kg"],"general_information":["Denominación del alimento: Arroz Redondo Integral","Nombre del operador: Biocop Productos Biológicos, S.A.","Dirección del operador: C/Puigmal 3, 08185 Lliçà de Vall, Barcelona.","Cantidad Neta: 1 Kilogramos"],"ingredients":[" Arroz redondo integral* . * De agricultura biológica."],"conservation":" Mantener en lugar fresco y seco","ean":"8423903040881"},{"full_name":"KING SOBA Noodles Culture tallarines de trigo sarraceno ecológicos y sin gluten envase 250 g","name":"Noodles Culture tallarines de trigo sarraceno ecológicos y sin gluten envase 250 g","brand":"KING SOBA ","img":"https://sgfm.elcorteingles.es/SGFM/dctm/MEDIA03/201706/09/00120752301224____1__600x600.jpg","price":"3,49 €","price_unit":"(13,96 € / Kilo)","categories":["Supermercado","Dietéticos","Alimentación básica dietética","Pasta, sémola y arroz","KING SOBA Noodles Culture tallarines de trigo sarraceno ecológicos y sin gluten envase 250 g"],"general_information":["Denominación del alimento: Noodles ecolóligicos 100% Trigo Sarraceno","Nombre del operador: FABULOUS FOODS","Dirección del operador: LONDON N22 6XJ, UK","Cantidad Neta: 250 g"],"ingredients":[" harina de trigo sarraceno*.(*)=De cultivo ecológico."],"conservation":" Mantener en sitio fresco y seco","ean":"0619286608000"},{"full_name":"BIOIDEA espaguetis integrales biológicos envase 500 g","name":"espaguetis integrales biológicos envase 500 g","brand":"BIOIDEA ","img":"https://sgfm.elcorteingles.es/SGFM//00/23/0/0200352300230/0200352300230000g01011.jpg","price":"1,87 €","price_unit":"(3,74 € / Kilo)","categories":["Supermercado","Dietéticos","Alimentación básica dietética","Pasta, sémola y arroz","BIOIDEA espaguetis integrales biológicos envase 500 g"],"general_information":["Denominación del alimento: Espaguetis, pasta alimenticia integral de sémola de trigo duro ecológica","Nombre del operador: Nutrition & Santé Iberia, S.L.","Dirección del operador: c/ Jesús Serra i Santamans, nº 4 - 1ª planta. 08174 Sant Cugat del Vallés - Barcelona","Cantidad Neta: 500 g","Otras menciones obligatorias en la etiqueta: Agricultura UE"],"ingredients":[" Sémola de trigo duro integral*, agua. *Agricultura Ecológica"],"conservation":"Modo de empleo: Cocción 7 minutos","ean":"8015602000039"},{"full_name":"KING SOBA Noodles Culture tallarines de trigo sarraceno y quinoa ecológicos y sin gluten bolsa 250 g","name":"Noodles Culture tallarines de trigo sarraceno y quinoa ecológicos y sin gluten bolsa 250 g","brand":"KING SOBA ","img":"https://sgfm.elcorteingles.es/SGFM/dctm/MEDIA03/201706/09/00120752301240____1__600x600.jpg","price":"4,99 €","price_unit":"(19,96 € / Kilo)","categories":["Supermercado","Dietéticos","Alimentación básica dietética","Pasta, sémola y arroz","KING SOBA Noodles Culture tallarines de trigo sarraceno y quinoa ecológicos y sin gluten bolsa 250 g"],"general_information":["Denominación del alimento: PASTA ALIMENTICIA CON TRIGO SARRACENO Y QUINOA","Nombre del operador: FABULOUS FOODS","Dirección del operador: LONDON N22 6XJ, UK","Cantidad Neta: 250 g"],"ingredients":[" harina de trigo sarraceno*, harina de quinoa* y harina de arroz integral*.(*)=De cultivo ecológico."],"conservation":" Conservar  en lugar fresco y seco.","ean":"0619286609304"},{"full_name":"SPECIAL LINE croquetas de jamón sin gluten 10 unidades estuche 200 g","name":"croquetas de jamón sin gluten 10 unidades estuche 200 g","brand":"SPECIAL LINE ","img":"https://sgfm.elcorteingles.es/SGFM/dctm/MEDIA03/201608/26/00120745700854____1__600x600.jpg","price":"2,16 €","price_unit":"(10,80 € / Kilo)","categories":["Supermercado","Dietéticos","Alimentación básica dietética","Platos preparados / elaborados","SPECIAL LINE croquetas de jamón sin gluten 10 unidades estuche 200 g"],"general_information":["Denominación del alimento: CROQUETAS DE JAMÓN. PLATO PREPARADO CONGELADO.","Nombre del operador: Elaborado para el Grupo El Corte Inglés Hermosilla, 112. 28009 - Madrid - España por CIF: B-83490540","Cantidad Neta: 200 g","Número de raciones por envase: 2"],"ingredients":[" Ingredientes: Agua;  Almidón de maíz; Leche  desnatada en polvo (Leche desnatada, aceite vegetal, azúcar); Jamón curado (7%) ( jamón de cerdo, sal azúcar, conservantes: nitrato de potasio, nitrito sódico y aroma); Pan rallado sin gluten: (Agua, Almidón de maíz, preparado panificable sin gluten: (almidón de maiz, huevo, azúcares, sal y complementos E-341, E-415 y E-300, margarina: (aceites y grasas vegetales (palma, coco, soja, girasol en proporción variable); agua; emulgentes: E471, lecitinas; sal (0,2%); acidulante: ácido cítrico; aromas; conservante: E202; colorante: carotenos ),levadura, propionato cálcico y sal);  huevo líquido (huevo de gallina pasteurizado, sorbato potásico (conservante E-202), ácido cítrico (E-330)) y  sal. Puede contener trazas de frutos de cáscara, sésamo, mostaza y pescado."],"conservation":" Modo de conservación: conservar congelado a -18º\nNO VOLVER A CONGELAR UNA VEZ DESCONGELADO\nUna vez abierto el envase, conservar en refrigeración y consumir antes de 3 días.","ean":"8433329065313"},{"full_name":"SPECIAL LINE pizza de jamón y queso sin gluten estuche 380 g","name":"pizza de jamón y queso sin gluten estuche 380 g","brand":"SPECIAL LINE ","img":"https://sgfm.elcorteingles.es/SGFM/dctm/MEDIA03/201608/26/00120745700839____1__600x600.jpg","price":"3,28 €","price_unit":"(8,63 € / Kilo)","categories":["Supermercado","Dietéticos","Alimentación básica dietética","Platos preparados / elaborados","SPECIAL LINE pizza de jamón y queso sin gluten estuche 380 g"],"general_information":["Denominación del alimento: PIZZA DE FIAMBRE DE JAMON Y QUESO. PLATO PREPARADO CONGELADO.","Nombre del operador: Elaborado para el Grupo El Corte Inglés Hermosilla, 112. 28009 - Madrid - España por CIF: B-83490540","Cantidad Neta: 380 g","Número de raciones por envase: 6"],"ingredients":[" Ingredientes: Preparado panificable  sin gluten (almidón de maíz, huevo, azúcares, estabilizador E- 415, sal, corrector de acidez E-341i, antioxidante E-300), preparado lácteo graso (22%): proteína láctea, grasa vegetal (palma), mozzarella (8%), almidón modificado, sal, emulgentes (E-331, E-339 y E-452), estabilizantes (E-407, E-440 y E-464), corrector de acidez (E-330) y antiaglomerante (almidón de maíz); fiambre de york (20%): (Carne de cerdo (50% carne y magro de cabeza de cerdo), agua, fécula de patata, sal, estabilizantes (E-407, E-451), proteína de cerdo, aroma, antioxidantes (E-331, E-316), proteína de soja, potenciador de sabor (E-621), conservador (E-250), colorante (E-120)); Agua; Tomate triturado: (tomate, cloruro sódico (sal común), ácido cítrico (E-330, regulador de ph)); Margarina  vegetal: (aceites y grasas vegetales (palma, coco, soja, girasol en proporción variable), agua, emulgentes: E-471, lecitinas, sal (0,2%), acidulante E-330, aromas, conservante E-202 y colorante: carotenos); huevo líquido (huevo de gallina pasteurizado, sorbato potásico (conservante E-202), ácido cítrico (E-330);  Levadura fresca; Sal; Orégano y  Conservador: (Propionato cálcico). Puede contener trazas de frutos de cáscara, sésamo, mostaza y pescado."],"conservation":" Modo de conservación: conservar congelado a -18º\nNO VOLVER A CONGELAR UNA VEZ DESCONGELADO\nUna vez abierto el envase, conservar en refrigeración y consumir antes de 3 días.","ean":"8433329065306"},{"full_name":"SORIA NATURAL empanada de brócoli ecológica envase 200 g","name":"empanada de brócoli ecológica envase 200 g","brand":"SORIA NATURAL ","img":"https://sgfm.elcorteingles.es/SGFM//03/83/0/0120771703830/0120771703830000g01011.jpg","price":"3,32 €","price_unit":"(16,60 € / Kilo)","categories":["Supermercado","Dietéticos","Alimentación básica dietética","Platos preparados / elaborados","SORIA NATURAL empanada de brócoli ecológica envase 200 g"],"general_information":["Denominación del alimento: Empanada de brócoli ecológica","País de origen: España","Nombre del operador: Soria Natural S.A.","Dirección del operador: Poligono La Sacea,s/n -42162 Garray (Soria)","Lugar de procedencia del alimento: España","Cantidad Neta: 200 g","Otras menciones obligatorias en la etiqueta: Envasado en atmósfera protectora.No contiene conservantes"],"ingredients":[" Masa: Agua, almidón de tapioca*, harina de arroz* integral, harina de garbanzo* integral, aceite de oliva* virgen, espesante (goma xantana), sal marina.  Relleno: Brócoli* (32%), pimiento* rojo, sofrito de tomate* (tomate* (78,5%), cebolla*, aceite de girasol*, almidón de tapioca*, fructosa*, sal marina, gelificante (carragenano))                        cebolla*, puerro*, aceite de girasol*, ajo*, sal marina.*Procedente de Agricultura Ecológica.Puede contener trazas de soja, sésamo y frutos secos."],"conservation":" Mantener refrigerado a temperatura= 4°C","ean":"8422947550301"},{"full_name":"SORIA NATURAL tortilla de patata sin huevo sin cebolla sin gluten ecológica envase 250 g","name":"tortilla de patata sin huevo sin cebolla sin gluten ecológica envase 250 g","brand":"SORIA NATURAL ","img":"https://sgfm.elcorteingles.es/SGFM//00/46/1/0120770400461/0120770400461000g01011.jpg","price":"2,69 €","price_unit":"(10,76 € / Kilo)","categories":["Supermercado","Dietéticos","Alimentación básica dietética","Platos preparados / elaborados","SORIA NATURAL tortilla de patata sin huevo sin cebolla sin gluten ecológica envase 250 g"],"general_information":["Denominación del alimento: Tortilla de patata sin huevo sin cebolla","País de origen: España","Nombre del operador: Soria Natural S.A.","Dirección del operador: Poligono La Sacea,s/n -42162 Garray (Soria)","Lugar de procedencia del alimento: España","Cantidad Neta: 250 g","Otras menciones obligatorias en la etiqueta: Envasado al vacío.No contiene conservantes"],"ingredients":[" Patatas* (38,75 %), bebida de soja* (agua, habas de soja*(13,6 %), sirope de arroz*, alga Lithothamnium calcareum, sal marina y aroma natural), tofu* (agua, habas de soja* y cloruro de magnesio (nigari)), patatas* fritas (patata*, aceite de oliva* virgen y sal marina), aceite de oliva* virgen, almidón de tapioca*, sal marina, colorante: annato.*Procedente de Agricultura Ecológica.Puede contener trazas de sésamo y frutos secos."],"conservation":" Mantener refrigerado a temperatura = 4°C","ean":"8422947820220"},{"full_name":"SORIA NATURAL tortilla de patata sin huevo sin gluten ecológica envase 250 g","name":"tortilla de patata sin huevo sin gluten ecológica envase 250 g","brand":"SORIA NATURAL ","img":"https://sgfm.elcorteingles.es/SGFM//00/47/9/0120770400479/0120770400479000g01011.jpg","price":"2,69 €","price_unit":"(10,76 € / Kilo)","categories":["Supermercado","Dietéticos","Alimentación básica dietética","Platos preparados / elaborados","SORIA NATURAL tortilla de patata sin huevo sin gluten ecológica envase 250 g"],"general_information":["Denominación del alimento: Tortilla de patata  sin huevo con cebolla","País de origen: España","Nombre del operador: Soria Natural S.A.","Dirección del operador: Poligono La Sacea,s/n -42162 Garray (Soria)","Lugar de procedencia del alimento: España","Cantidad Neta: 250 g","Otras menciones obligatorias en la etiqueta: Envasado al vacío.No contiene conservantes"],"ingredients":[" Patatas* (32%), cebolla* (19,00 %), tofu* natural (agua, habas de soja* y cloruro de magnesio (nigari)), bebida de soja* (agua, habas de soja*, sirope de arroz *, alga Lithothamnium calcareum, sal marina y aroma natural), patatas* fritas (patata*, aceite de oliva* virgen y sal marina), aceite de oliva* virgen, aroma natural de cebolla, almidón de tapioca*, sal marina, concentrado de calabaza* y manzana*.*Procedente de Agricultura Ecológica.Puede contener trazas de sésamo y frutos de cáscara."],"conservation":" Mantener refrigerado a temperatura = 4°C","ean":"8422947820237"},{"full_name":"NATURSOY bio seitán asado con tofu envase 200 g","name":"bio seitán asado con tofu envase 200 g","brand":"NATURSOY ","img":"https://sgfm.elcorteingles.es/SGFM//00/23/8/0120729100238/0120729100238000g01011.jpg","price":"4,49 €","price_unit":"(22,45 € / Kilo)","categories":["Supermercado","Dietéticos","Alimentación básica dietética","Platos preparados / elaborados","NATURSOY bio seitán asado con tofu envase 200 g"],"general_information":["Denominación del alimento: Preparado alimenticio vegetal a base de seitán y tofu","Nombre del operador: Nutrition & Santé Iberia, S.L.","Dirección del operador: c/ Jesús Serra i Santamans, nº 4 - 1ª planta. 08174 Sant Cugat del Vallés - Barcelona","Cantidad Neta: 200 g","Otras menciones obligatorias en la etiqueta: Bio, Agricultura UE/ no UE, Vegano"],"ingredients":[" Seitán* (48%) (agua, gluten de trigo*), tofu* (35%) (agua, soja*, gelificante: nigari), aceite de girasol*, hortalizas en proporción variable (cebolla*, apio*, zanahoria*, puerro*, tomate*), sal marina, mezcla de especias*, sirope de arroz*, mezcla de plantas aromáticas*. *= de agricultura certificada. Puede contener trazas de altramuz."],"conservation":" Conservar entre +2°C Y +6°C","ean":"8428159114683"},{"full_name":"NATURSOY Bio quinoa con verduras y algas envase 300 g","name":"Bio quinoa con verduras y algas envase 300 g","brand":"NATURSOY ","img":"https://sgfm.elcorteingles.es/SGFM/dctm/MEDIA02/CONTENIDOS/201504/17/00120771703863____1__600x600.jpg","price":"5,50 €","price_unit":"(18,33 € / Kilo)","categories":["Supermercado","Dietéticos","Alimentación básica dietética","Platos preparados / elaborados","NATURSOY Bio quinoa con verduras y algas envase 300 g"],"general_information":["Denominación del alimento: Quinoa con verduras y algas.Alimento precocinado","Nombre del operador: Nutrition & Santé Iberia, S.L.","Dirección del operador: c/ Jesús Serra i Santamans, nº 4 - 1ª planta. 08174 Sant Cugat del Vallés - Barcelona","Cantidad Neta: 300 g","Otras menciones obligatorias en la etiqueta: Envasado en atmósfera prootectora,Bio, Agricultura UE/ no UE, Vegano"],"ingredients":[" Agua, quinoa* (38%), zanahoria* (23%), cebolla* (15%), puerro* (8%), guisante* (8%), aceite de oliva virgen*, sal marina, alga nori (0,5%), especias*. *= De cultivo Ecológico certificado. Puede contener trazas de gluten, huevo, cacahuete, soja, leche, frutos de cáscara, apio, mostaza y sésamo."],"conservation":" Conservar entre +2°C Y +4°C","ean":"8428159110227"},{"full_name":"NATUR COMPAGNIE cous cous estilo oriental Bio ecológico vaso 68 g","name":"cous cous estilo oriental Bio ecológico vaso 68 g","brand":"NATUR COMPAGNIE ","img":"https://sgfm.elcorteingles.es/SGFM/dctm/MEDIA03/201702/14/00120752300606____7__600x600.jpg","price":"1,52 €","price_unit":"(22,35 € / Kilo)","categories":["Supermercado","Dietéticos","Alimentación básica dietética","Platos preparados / elaborados","NATUR COMPAGNIE cous cous estilo oriental Bio ecológico vaso 68 g"],"general_information":[],"ingredients":[],"ean":"4048885045484"},{"full_name":"NATUR COMPAGNIE pasta a las setas Bio ecológica vaso 50 g","name":"pasta a las setas Bio ecológica vaso 50 g","brand":"NATUR COMPAGNIE ","img":"https://sgfm.elcorteingles.es/SGFM/dctm/MEDIA03/201702/13/00120752300598____2__600x600.jpg","price":"1,52 €","price_unit":"(30,40 € / Kilo)","categories":["Supermercado","Dietéticos","Alimentación básica dietética","Platos preparados / elaborados","NATUR COMPAGNIE pasta a las setas Bio ecológica vaso 50 g"],"general_information":[],"ingredients":[],"ean":"4048885045477"},{"full_name":"GLUTENFREE croquetas de jamón sin gluten envase 200 g","name":"croquetas de jamón sin gluten envase 200 g","brand":"GLUTENFREE ","img":"https://sgfm.elcorteingles.es/SGFM/00/64/9/0120745700649/0120745700649000g01011.jpg","price":"2,84 €","price_unit":"(14,20 € / Kilo)","categories":["Supermercado","Dietéticos","Alimentación básica dietética","Platos preparados / elaborados","GLUTENFREE croquetas de jamón sin gluten envase 200 g"],"general_information":["Denominación del alimento: CROQUETAS DE JAMÓN SIN GLUTEN","Nombre del operador: Productos Artesanos Dietéticos S.L.","Dirección del operador: Calle Henares 5 Nave 36 Polígono Industrial Las Acacias, 28840 Mejorada del Campo-Madrid-España","Cantidad Neta: 200 g"],"ingredients":[" Agua. Almidón de maíz. Leche desnatada en polvo (Leche desnatada, aceite vegetal, azúcar y vitaminas C, A y D). Jamón curado (7%) ( jamón de cerdo, sal azúcar, conservantes: nitrato de potasio, nitrito sódico y aroma). Pan rallado sin gluten: (Agua, Almidón de maíz, preparado panificable sin gluten: (almidón de maíz, huevo, azúcares, sal y complementos E-341, E-415 y E-300, margarina: (aceites y grasas vegetales (palma, coco, soja, girasol en proporción variable). Agua. emulgentes: E471, lecitinas. Sal (0,2%). Acidulante: ácido cítrico. Aromas. conservante: E202. Colorante: carotenos, levadura, propionato cálcico y sal). Huevo líquido (huevo de gallina pasteurizado, sorbato potásico (conservante E-202), ácido cítrico (E-330) y sal."],"conservation":"Modo de empleo: Freír sin descongelar en abundante aceite muy caliente (190ºC) durante aproximadamente 3 minutos. No introducir demasiadas unidades para evitar que el aceite se enfríe. Retirarlas y depositar en un plato sobre papel de cocina para absorber el aceite sobrante.","ean":"8437005799806"},{"full_name":"GLUTENFREE empanadillas de bonito sin gluten 8 unidades envase 200 g","name":"empanadillas de bonito sin gluten 8 unidades envase 200 g","brand":"GLUTENFREE ","img":"https://sgfm.elcorteingles.es/SGFM/00/60/7/0120745700607/0120745700607000g01011.jpg","price":"5,67 €","price_unit":"(18,90 € / Kilo)","categories":["Supermercado","Dietéticos","Alimentación básica dietética","Platos preparados / elaborados","GLUTENFREE empanadillas de bonito sin gluten 8 unidades envase 200 g"],"general_information":["Denominación del alimento: EMPANADILLAS DE ATÚN SIN GLUTEN","Nombre del operador: Productos Artesanos Dietéticos S.L.","Dirección del operador: Calle Henares 5 Nave 36 Polígono Industrial Las Acacias, 28840 Mejorada del Campo-Madrid-España","Cantidad Neta: 200 g","Zona de pesca: 77 = Pacific, Eastern Central"],"ingredients":[" Preparado panificable sin gluten (Almidón de maíz , huevo, azúcares, estabilizador E- 415, sal, corrector de acidez E-341i, antioxidante E-300). Tomate frito (tomate, espesante: almidón de maíz (E1422). Agua. Atún (11%). Agua. cebolla (cebolla, aceite de oliva, sal, corrector de acidez: E-330). almidón de maíz, pimiento extra (pimiento, agua, sal, acidulante: ácido cítrico). Margarina vegetal: (aceites y grasas vegetales (palma, coco, soja, girasol en proporción variable), agua, emulgentes: E-471, lecitinas, sal (0,2%), acidulante E-330, aromas, conservante E-202 y colorante: carotenos). manteca de cerdo (manteca de cerdo, antioxidantes: E-321 y E-330) y sal."],"conservation":"Modo de empleo: Freír sin descongelar en abundante aceite muy caliente (190ºC) durante aproximadamente 3 minutos. No introducir demasiadas unidades para evitar que el aceite se enfríe. Retirarlas y depositar en un plato sobre papel de cocina para absorber el aceite sobrante.","ean":"8437005799318"},{"full_name":"VIVIBIO seitan ecológico con guisantes unidad 200 g","name":"seitan ecológico con guisantes unidad 200 g","brand":"VIVIBIO ","img":"https://sgfm.elcorteingles.es/SGFM/dctm/MEDIA03/201707/21/00120729100923____1__600x600.jpg","price":"4,99 €","price_unit":"(24,95 € / Kilo)","categories":["Supermercado","Dietéticos","Alimentación básica dietética","Platos preparados / elaborados","VIVIBIO seitan ecológico con guisantes unidad 200 g"],"general_information":["Denominación del alimento: ALIMENTO PRECOCINADO ECOLÓGICO A BASE DE SEITÁN CON GUISANTES","País de origen: Italia","Nombre del operador: La Finestra sul Cielo España, SL","Dirección del operador: Passeig del Riu Besós, 1 - 08160 Montmeló (Barcelona)","Cantidad Neta: 200 g","Otras menciones obligatorias en la etiqueta: Producto ecológico: IT-BIO-009 Agricultura UE/no UE, Vegan"],"ingredients":[" Seitán* (43,5%) [harina de trigo* (87%), agua, salsa de soja shoyu* (agua, soja*(19%), trigo*, sal marina), jengibre*, alga kombu], guisantes* (29%), zanahoria* (22%), cebolla*, aceite de girasol* (8%), almidón de maíz*, perejil*, albahaca*, salvia*, romero*, ajo*, alcaparras*, orégano*, sal marina, salsa de soja shoyu* (agua, soja*(19%), trigo*, sal marina), nuez moscada*, zumo de limón*.   *de agricultura ecológica"],"conservation":" Conservar en frigorífico a temperatura entre 4 y 6ºC. Una vez abierto conservar refrigerado y consumir antes de 3-4 días.","ean":"8436545624784"},{"full_name":"SCHAR fingers de pollo sin gluten envase 375 g","name":"fingers de pollo sin gluten envase 375 g","brand":"SCHAR ","img":"https://sgfm.elcorteingles.es/SGFM/dctm/MEDIA02/CONTENIDOS/201512/07/00120745700755____1__600x600.jpg","price":"6,16 €","price_unit":"(16,43 € / Kilo)","categories":["Supermercado","Dietéticos","Alimentación básica dietética","Platos preparados / elaborados","SCHAR fingers de pollo sin gluten envase 375 g"],"general_information":["Denominación del alimento: tiras de pechuga de pollo (combinado de piezas de carne) empanadas sin gluten","País de origen: Italia","Nombre del operador: Dr. Schär AG","Dirección del operador: Winkelau 9; 39104 Burgstall / Postal Italy","Cantidad Neta: 375 g"],"ingredients":[" combinado depiezas de carne de pollo 50%, pan rallado sin gluten 43%(harina de arroz, harina de maíz, almidón de maíz, fécula de patata, harina degarbanzos, sal, dextrosa, pimienta, salvia, gasificantes: difosfato disódico,carbonato de sodio; espesante: goma xantana), aceite de girasol, agua, sal"],"conservation":" Conservar en lugar frío y seco","ean":"8008698006771"},{"full_name":"SCHAR Panzerottini crepes de jamón y queso sin gluten envase 210 g","name":"Panzerottini crepes de jamón y queso sin gluten envase 210 g","brand":"SCHAR ","img":"https://sgfm.elcorteingles.es/SGFM/dctm/MEDIA02/CONTENIDOS/201511/10/00120745700565____1__600x600.jpg","price":"3,95 €","price_unit":"(18,81 € / Kilo)","categories":["Supermercado","Dietéticos","Alimentación básica dietética","Platos preparados / elaborados","SCHAR Panzerottini crepes de jamón y queso sin gluten envase 210 g"],"general_information":["Denominación del alimento: Bakery Product sin gluten","País de origen: Italia","Nombre del operador: Dr. Schär AG / SPA","Dirección del operador: Winkelau 9 I-39014 Burgstall / Postal","Cantidad Neta: 210 g"],"ingredients":[" INGREDIENTES\nrelleno de jamón yqueso (LECHE) 48% {suero de leche rehidratada, jamón de York 14%(carne de cerdo, agua, sal, especias, maltodextrina, estabilizadores:polifosfatos, carragenina; antioxidante: ascorbato sódico, aromas, conservador:nitrito de sodio), queso Bergkäse (LECHE)5,6%, queso Emmentaler (LECHE) 3,6%,queso mozzarella (LECHE) 3,5%,margarina vegetal [grasa de palma, agua, aceite de colza, sal, emulgente:ésteres de ácido cítrico de mono- y diglicéridos de ácidos grasos, correctoresde acidez: ácido cítrico, citrato de sodio, aroma], sal, pimienta blanca},suero de leche rehidratada, almidónde maíz, agua, HUEVO, harina dearroz, almidón de arroz, harina de maíz, fécula de patata, azúcar, sal, fibrade cicoria, fibra de manzana, jarabe de arroz, aceite de girasol, levadura,espesante: hidroxipropil metil celulosa, goma xantana; acidificante: ácidocítrico, aroma natural\n."],"conservation":"Modo de empleo: No especificado","ean":"8008698006634"},{"full_name":"SCHAR Bontà d'Italia lasaña de carne sin gluten envase 300 g","name":"Bontà d'Italia lasaña de carne sin gluten envase 300 g","brand":"SCHAR ","img":"https://sgfm.elcorteingles.es/SGFM/dctm/MEDIA02/CONTENIDOS/201512/07/00120745700763____1__600x600.jpg","price":"4,00 €","price_unit":"(13,33 € / Kilo)","categories":["Supermercado","Dietéticos","Alimentación básica dietética","Platos preparados / elaborados","SCHAR Bontà d'Italia lasaña de carne sin gluten envase 300 g"],"general_information":["Denominación del alimento: Pasta sin gluten","País de origen: Italia","Nombre del operador: Dr. Schär AG","Dirección del operador: Winkelau 9; 39014 Burgstall / Postal Italy","Cantidad Neta: 300 g"],"ingredients":[" besamel [leche desnatadarehidratada, mantequilla (leche),almidón de maíz, harina de arroz, almidón dearroz, harina de maíz, fibra de manzana, sal, nuez moscada], tomate 19%, carne de buey 8%, almidón de maíz, harinade arroz, huevo, carne y panceta decerdo 5%, clara de huevo,aceite degirasol, queso Grana Padano 1,2% (leche,sal, cuajo, lisozima de huevo), sal,nata (leche), cebolla, tomateconcentrado 0,6%, zanahoria 0,5%, apio, espesante: goma de guar, emulgente: mono- ydiglicéridos de ácidos grasos, ajo, antioxidante: extracto de romero,pimienta"],"conservation":" Conservar en lugar frío y seco","ean":"8008698006757"},{"full_name":"SCHAR Bontá d'Italia tortellini con jamón y nata sin gluten caja 300 g","name":"Bontá d'Italia tortellini con jamón y nata sin gluten caja 300 g","brand":"SCHAR ","img":"https://sgfm.elcorteingles.es/SGFM/dctm/MEDIA02/CONTENIDOS/201512/07/00120745800027____2__600x600.jpg","price":"4,38 €","price_unit":"(14,60 € / Kilo)","categories":["Supermercado","Dietéticos","Alimentación básica dietética","Platos preparados / elaborados","SCHAR Bontá d'Italia tortellini con jamón y nata sin gluten caja 300 g"],"general_information":["Denominación del alimento: Tortellini sin gluten con relleno de carne","Nombre del operador: Dr. Schär AG","Dirección del operador: Winkelau 9 - 39014 Burgstall/Postal","Cantidad Neta: 300 g"],"ingredients":[" pasta al HUEVO 66% (almidón de maíz, HUEVO 30%, harina de arroz, agua, clara de HUEVO 1%, emulgente: mono- y diglicéridos de ácidos grasos, espesante: goma guar), carne de cerdo 17%, pan rallado (harina de arroz, almidón de maíz, harina de SOJA, grasa de palma, HUEVO 2%, jarabe de glucosa, espesante: goma guar, levadura, emulgente: mono- y diglicéridos de ácidos grasos, sal), mortadela de cerdo 3% (carne de cerdo, corteza de cerdo, sal, dextrosa, aromas, especias, antioxidante: ascorbato sódico, conservante: nitrito de sodio),carne de buey 1,5%, queso Grana Padano 1,5% (LECHE, sal, cuajo, lisozima de HUEVO), HUEVO 1,4%, sal, aroma, nuez moscada, canela, antioxidante: extracto de romero"],"conservation":" congelados. A cocinar antes de su consumo.","ean":"8008698006719"},{"full_name":"SCHAR canelones con requesón y espinacas sin gluten caja 300 g","name":"canelones con requesón y espinacas sin gluten caja 300 g","brand":"SCHAR ","img":"https://sgfm.elcorteingles.es/SGFM/dctm/MEDIA03/201603/31/00120745700888____1__600x600.jpg","price":"3,70 €","categories":["Supermercado","Dietéticos","Alimentación básica dietética","Platos preparados / elaborados","SCHAR canelones con requesón y espinacas sin gluten caja 300 g"],"general_information":["Denominación del alimento: Canelones con queso ricota y espinaca sin gluten","Nombre del operador: Dr. Schär AG","Dirección del operador: Winkelau 9 - 39014 Burgstall/Postal","Cantidad Neta: 300 g"],"ingredients":[" salsa blanca [leche desnatada rehidratada, mantequilla (leche), almidón de maíz, harina de arroz, almidón de arroz, harina de maíz, sal, aceite de girasol, fibra de manzana, nuez moscada], queso ricotta 23% (suero de leche, leche, sal, regulador de la acidez: ácido láctico), tomate, espinaca 5%, almidón de maíz, huevos, harina de arroz, queso (leche), clara de huevo, queso Grana Padano (leche, sal, cuajo, lisozima de huevo), fibra vegetal, leche entera en polvo, sal, aceite de girasol, mantequilla (leche), cebolla, azúcar, copos de patata (copos de patata, emulsionante: mono- y diglicéridos de ácidos grasos), espesante: goma guar; aceite de oliva virgen extra, emulsionante: mono- y diglicéridos de ácidos grasos; ajo, nuez moscada"],"conservation":" congelada - cocinar antes de su consumo","ean":"8008698006733"},{"full_name":"SCHAR pasta casera vegetal con pesto sin gluten 1 porción caja 300 g","name":"pasta casera vegetal con pesto sin gluten 1 porción caja 300 g","brand":"SCHAR ","img":"https://sgfm.elcorteingles.es/SGFM/dctm/MEDIA03/201603/31/00120745700896____1__600x600.jpg","price":"3,78 €","categories":["Supermercado","Dietéticos","Alimentación básica dietética","Platos preparados / elaborados","SCHAR pasta casera vegetal con pesto sin gluten 1 porción caja 300 g"],"general_information":["Denominación del alimento: Pasta Caserecce con pesto (38%) sin gluten","Nombre del operador: Dr. Schär AG","Dirección del operador: Winkelau 9 - 39014 Burgstall/Postal","Cantidad Neta: 300 g"],"ingredients":[" pasta sin gluten (harina de maíz, harina de mijo, harina de arroz, jarabe de azúcar de caña), bechamel (agua, leche descremada en polvo, almidón de maíz, harina de arroz, almidón de arroz, harina de maíz, fibra de manzana), aceitede girasol, aceite virgen extra de oliva 5,5%, albahaca 5%, queso Grana Padano 3% (leche, sal, cuajo, lisozima de huevo), queso de oveja Pecorino Romano 2% (leche), piñones 0,5%, sal, ajo, pimienta"],"conservation":" congelada. Cocinar antes de su consumo","ean":"8008698015186"},{"full_name":"SCHAR pizza Margarita sin gluten sin lactosa caja 280 g","name":"pizza Margarita sin gluten sin lactosa caja 280 g","brand":"SCHAR ","img":"https://sgfm.elcorteingles.es/SGFM/dctm/MEDIA03/201603/29/00120745700904____1__600x600.jpg","price":"3,05 €","price_unit":"(10,89 € / Kilo)","categories":["Supermercado","Dietéticos","Alimentación básica dietética","Platos preparados / elaborados","SCHAR pizza Margarita sin gluten sin lactosa caja 280 g"],"general_information":[],"ingredients":[],"ean":"8008698013632"},{"full_name":"SCHAR pizza de salami sin gluten caja 300 g","name":"pizza de salami sin gluten caja 300 g","brand":"SCHAR ","img":"https://sgfm.elcorteingles.es/SGFM/dctm/MEDIA03/201603/29/00120745700912____1__600x600.jpg","price":"4,59 €","price_unit":"(15,30 € / Kilo)","categories":["Supermercado","Dietéticos","Alimentación básica dietética","Platos preparados / elaborados","SCHAR pizza de salami sin gluten caja 300 g"],"general_information":["Denominación del alimento: Pizza Salame sin gluten","Nombre del operador: Dr. Schär AG","Dirección del operador: Winkelau 9 - 39014 Burgstall/Postal","Cantidad Neta: 300 g"],"ingredients":[" agua, queso mozzarella (leche) 23%, salsa de tomate 23%, almidón de maíz, harina de arroz, salami ahumado 9% (carne de cerdo, sal, dextrosa, especias, antioxidante: ascorbato de sodio, extracto de romero, conservador: nitrato de sodio), fécula de patata, almidón de arroz, harina de maíz, jarabe de glucosa, levadura, espesante: hidroxipropilmetilcelulosa, aceite de oliva extra virgen 0,9%, aceite de girasol, sal yodada, fibra de manzana, dextrosa, proteína de soja, orégano, acidulantes: ácido tartárico, ácido cítrico."],"conservation":" congelada. Cocinar antes de su consumo","ean":"8008698006832"},{"full_name":"VIVIBIO paella vegana y ecológica unidad 200 g","name":"paella vegana y ecológica unidad 200 g","brand":"VIVIBIO ","img":"https://sgfm.elcorteingles.es/SGFM/dctm/MEDIA03/201707/21/00120771703970____1__600x600.jpg","price":"4,75 €","price_unit":"(23,75 € / Kilo)","categories":["Supermercado","Dietéticos","Alimentación básica dietética","Platos preparados / elaborados","VIVIBIO paella vegana y ecológica unidad 200 g"],"general_information":["Denominación del alimento: PLATO PREPARADO ECOLÓGICO A BASE DE ARROZ, VERDURAS, SEITAN Y TEMPEH","País de origen: Italia","Nombre del operador: La Finestra sul Cielo España, SL","Dirección del operador: Passeig del Riu Besós, 1 - 08160 Montmeló (Barcelona)","Cantidad Neta: 200 g","Otras menciones obligatorias en la etiqueta: Producto ecológico: IT-BIO-009 Agricultura UE/no UE, Vegan"],"ingredients":[" Arroz integral cocido* (45,1%) (agua, arroz integral*), verduras* (29%) (pimientos* (7,8%), guisantes* (7,8%), cebolla*, puré de tomate* (6,3%)), preparado para caldo vegetal* (sal marina, harina integral de arroz*, zanahoria*, apio*, puerro*, cebolla*, aceite de girasol*, tomate*,  perejil*, hojas de levístico*, macis*, cúrcuma*, hojas de apio*, cebollino*, laurel*),  seitán* (12,8%) [harina de fuerza* (trigo*) (87%), agua, salsa de soja shoyu* (agua, soja* (19%), trigo*, sal marina), jengibre*, alga kombu], tempeh* (5,2%) (soja descascarillada* (61,5%), agua), aceite de girasol*, aceite de oliva virgen extra*, sal marina, cúrcuma* (0,4%), pimienta*, ajo*, salvia*, romero*.  *de agricultura ecológica"],"conservation":" Conservar en frigorífico a temperatura entre 4 y 6ºC. Una vez abierto conservar refrigerado y consumir antes de 3-4 días.","ean":"8436545624876"},{"full_name":"NATURGREEN sal rosa del Himalaya fina envase 1 kg","name":"sal rosa del Himalaya fina envase 1 kg","brand":"NATURGREEN ","img":"https://sgfm.elcorteingles.es/SGFM/dctm/MEDIA03/201711/17/00120711400224____2__600x600.jpg","price":"4,15 €","categories":["Supermercado","Alimentación General","Sal","Sal","NATURGREEN sal rosa del Himalaya fina envase 1 kg"],"general_information":["Denominación del alimento: Sal del Himalaya Fina","Nombre del operador: Laboratorios Almond SL","Dirección del operador: Avda. Cabecicos Blancos, Parcela 18 2.B. Parque empresarial Cabecicos Blancos 30892 - Librilla, Murcia (Spain)","Cantidad Neta: 1000 g"],"ingredients":[" Sal rosa del Himalaya (100%). Este producto se fabrica en una planta donde se manipulan frutos secos, soja y sésamo."],"conservation":" Conservar en lugar fresco y seco.","ean":"8436542192200"},{"full_name":"NATURGREEN sal rosa del Himalaya gruesa envase 500 g","name":"sal rosa del Himalaya gruesa envase 500 g","brand":"NATURGREEN ","img":"https://sgfm.elcorteingles.es/SGFM/dctm/MEDIA03/201711/17/00120711400232____2__600x600.jpg","price":"2,75 €","categories":["Supermercado","Alimentación General","Sal","Sal","NATURGREEN sal rosa del Himalaya gruesa envase 500 g"],"general_information":["Denominación del alimento: Sal del Himalaya Gruesa","Nombre del operador: Laboratorios Almond SL","Dirección del operador: Avda. Cabecicos Blancos, Parcela 18 2.B. Parque empresarial Cabecicos Blancos 30892 - Librilla, Murcia (Spain)","Cantidad Neta: 500 g"],"ingredients":[" Sal rosa del Himalaya (100%). Este producto se fabrica en una planta donde se manipulan frutos secos, soja y sésamo."],"conservation":" Conservar en lugar fresco y seco.","ean":"8436542192156"},{"full_name":"SANTIVERI sal marina con flúor y yodo bolsa 1 kg","name":"sal marina con flúor y yodo bolsa 1 kg","brand":"SANTIVERI ","img":"https://sgfm.elcorteingles.es/SGFM/00/06/7/0120711400067/0120711400067000g01011.jpg","price":"1,10 €","categories":["Supermercado","Dietéticos","Alimentación básica dietética","Sal y especias","SANTIVERI sal marina con flúor y yodo bolsa 1 kg"],"general_information":[],"ingredients":[],"ean":"8412170010673"},{"full_name":"SANTIVERI sal marina fina bolsa 1 kg","name":"sal marina fina bolsa 1 kg","brand":"SANTIVERI ","img":"https://sgfm.elcorteingles.es/SGFM/00/05/9/0120711400059/0120711400059000g01011.jpg","price":"1,10 €","categories":["Supermercado","Dietéticos","Alimentación básica dietética","Sal y especias","SANTIVERI sal marina fina bolsa 1 kg"],"general_information":["Denominación del alimento: SAL MARINA FINA","Nombre del operador: CASA SANTIVERI S.L.","Dirección del operador: ENCUNY 8, 08038 BARCELONA","Cantidad Neta: 1000 g"],"ingredients":[" sal marina"],"ean":"8412170002616"},{"full_name":"SANTIVERI sal marina yodada bolsa 1 kg","name":"sal marina yodada bolsa 1 kg","brand":"SANTIVERI ","img":"https://sgfm.elcorteingles.es/SGFM/00/08/3/0120711400083/0120711400083000g01011.jpg","price":"1,10 €","categories":["Supermercado","Dietéticos","Alimentación básica dietética","Sal y especias","SANTIVERI sal marina yodada bolsa 1 kg"],"general_information":["Denominación del alimento: SAL MARINA YODADA","Nombre del operador: CASA SANTIVERI S.L.","Dirección del operador: ENCUNY 8, 08038 BARCELONA","Cantidad Neta: 1000 g"],"ingredients":[" sal marina, yodo, antiaglomerantes"],"ean":"8412170002630"},{"full_name":"SANTIVERI sal especial para régimen envase 40 g","name":"sal especial para régimen envase 40 g","brand":"SANTIVERI ","img":"https://sgfm.elcorteingles.es/SGFM/00/04/2/0120711400042/0120711400042000g01011.jpg","price":"2,89 €","price_unit":"(72,25 € / Kilo)","categories":["Supermercado","Dietéticos","Alimentación básica dietética","Sal y especias","SANTIVERI sal especial para régimen envase 40 g"],"general_information":[],"ingredients":[],"ean":"8412170002623"},{"full_name":"TELENA pimentón dulce ecológico tarro 60 g","name":"pimentón dulce ecológico tarro 60 g","brand":"TELENA ","img":"https://sgfm.elcorteingles.es/SGFM/dctm/MEDIA03/201702/17/00120752600401____1__600x600.jpg","price":"3,40 €","price_unit":"(56,67 € / Kilo)","categories":["Supermercado","Dietéticos","Alimentación básica dietética","Sal y especias","TELENA pimentón dulce ecológico tarro 60 g"],"general_information":[],"ingredients":[],"ean":"8436566950107"},{"full_name":"EL HORNO DE LEÑA cúrcuma ecológica en polvo tarro 150 g","name":"cúrcuma ecológica en polvo tarro 150 g","brand":"EL HORNO DE LEÑA ","img":"https://sgfm.elcorteingles.es/SGFM/dctm/MEDIA03/201706/07/00120752600484____1__600x600.jpg","price":"4,85 €","price_unit":"(32,33 € / Kilo)","categories":["Supermercado","Dietéticos","Alimentación básica dietética","Sal y especias","EL HORNO DE LEÑA cúrcuma ecológica en polvo tarro 150 g"],"general_information":[],"ingredients":[],"ean":"8421615029248"},{"full_name":"EL HORNO DE LEÑA curry ecológico en polvo tarro 130 g","name":"curry ecológico en polvo tarro 130 g","brand":"EL HORNO DE LEÑA ","img":"https://sgfm.elcorteingles.es/SGFM/dctm/MEDIA03/201706/07/00120752600476____1__600x600.jpg","price":"6,25 €","price_unit":"(48,08 € / Kilo)","categories":["Supermercado","Dietéticos","Alimentación básica dietética","Sal y especias","EL HORNO DE LEÑA curry ecológico en polvo tarro 130 g"],"general_information":[],"ingredients":[],"ean":"8421615029255"},{"full_name":"SAL COSTA bicarbonato para uso doméstico bote 200 g","name":"bicarbonato para uso doméstico bote 200 g","brand":"SAL COSTA ","img":"https://sgfm.elcorteingles.es/SGFM/00/02/6/0120742500026/0120742500026000g01011.jpg","price":"0,73 €","price_unit":"(3,65 € / Kilo)","categories":["Supermercado","Dietéticos","Alimentación básica dietética","Sal y especias","SAL COSTA bicarbonato para uso doméstico bote 200 g"],"general_information":["Denominación del alimento: Bicarbonato 200 g","País de origen: España","Nombre del operador: SAL COSTA S.A.","Dirección del operador: Crta.circunvalación Tramo VI Km 5,5 Puerto Barcelona","Cantidad Neta: 200,0 g"],"ingredients":[" Bicarbonato sódico"],"ean":"8410604111729"},{"full_name":"EL GRANERO INTEGRAL Bio sal marina fina ecológica del Parque Natural del Delta del Ebro bolsa 1 kg","name":"Bio sal marina fina ecológica del Parque Natural del Delta del Ebro bolsa 1 kg","brand":"EL GRANERO INTEGRAL ","img":"https://sgfm.elcorteingles.es/SGFM/dctm/MEDIA03/201705/12/00120711400240____1__600x600.jpg","price":"1,29 €","price_unit":"(1,29 € / Kilo)","categories":["Supermercado","Dietéticos","Alimentación básica dietética","Sal y especias","EL GRANERO INTEGRAL Bio sal marina fina ecológica del Parque Natural del Delta del Ebro bolsa 1 kg"],"general_information":[],"ingredients":[],"ean":"8422584030808"},{"full_name":"EL GRANERO INTEGRAL sal molida cristalina del Himalaya bolsa 1 kg","name":"sal molida cristalina del Himalaya bolsa 1 kg","brand":"EL GRANERO INTEGRAL ","img":"https://sgfm.elcorteingles.es/SGFM/00/11/7/0120711400117/0120711400117000g01011.jpg","price":"7,79 €","categories":["Supermercado","Dietéticos","Alimentación básica dietética","Sal y especias","EL GRANERO INTEGRAL sal molida cristalina del Himalaya bolsa 1 kg"],"general_information":["Denominación del alimento: Sal alimenticia","Nombre del operador: EVICRO","Dirección del operador: C/ PINTOR SERRA SANTA 15 LOCAL 10 , 08860 CASTELLDEFELS","Cantidad Neta: 1000 g"],"ingredients":[" sal cristalina pura del Himalaya: 97 a 98% Cloruro de Sodio y 2 a 3% de sales minerales Potasio, Calcio, Magnesio, Silicio, Hierro, Zinc, Manganeso, Cromo, Cobre, Cobalto, Yodo, Selenio)."],"conservation":" Conservar en lugar seco","ean":"4024075800101"},{"full_name":"A.VOGEL Herbamare Original sazonador con sal marina y plantas aromáticas ecológico envase 250 g","name":"Herbamare Original sazonador con sal marina y plantas aromáticas ecológico envase 250 g","brand":"A.VOGEL ","img":"https://sgfm.elcorteingles.es/SGFM/00/06/9/0120752300069/0120752300069000g01011.jpg","price":"4,59 €","price_unit":"(18,36 € / Kilo)","categories":["Supermercado","Dietéticos","Alimentación básica dietética","Sal y especias","A.VOGEL Herbamare Original sazonador con sal marina y plantas aromáticas ecológico envase 250 g"],"general_information":[],"ingredients":[],"ean":"7610313412259"},{"full_name":"EL CORTE INGLES BIO tomate frito extra ecológico y sin gluten frasco 340 g","name":"tomate frito extra ecológico y sin gluten frasco 340 g","brand":"EL CORTE INGLES BIO ","img":"https://sgfm.elcorteingles.es/SGFM/dctm/MEDIA03/201703/28/00120752600419____1__600x600.jpg","price":"1,95 €","categories":["Supermercado","Dietéticos","Alimentación básica dietética","Salsas","EL CORTE INGLES BIO tomate frito extra ecológico y sin gluten frasco 340 g"],"general_information":["Denominación del alimento: Tomate de agricultura ecológica,  frito.","Nombre del operador: Elaborado para El Corte Inglés por \nConservas Pedro Luis, S.L.\nPoligono industrial El ramal 19\n31580 Lodosa (Navarra)\nEspaña","Lugar de procedencia del alimento: Producto de España","Cantidad Neta: 340 g","Número de raciones por envase: ~ 3"],"ingredients":[" Tomate de agricultura ecológica,  frito.\nIngredientes: Tomate* (160 g por 100 g de producto), aceite de oliva virgen extra*, cebolla*, puerro*, azúcar*, sal, ajo* y corrector de acidez: ácido cítrico.\n*Procedente de agricultura ecológica. Puede contener"],"conservation":" Conservar en lugar fresco y seco. Una vez abierto, guardar en frigorífico y consumir antes de 5 días.","ean":"8433329079792"},{"full_name":"EL CORTE INGLES BIO tomate frito con pimientos del piquillo y aceite de oliva virgen extra ecológico frasco 340 g y sin gluten","name":"tomate frito con pimientos del piquillo y aceite de oliva virgen extra ecológico frasco 340 g","brand":"EL CORTE INGLES BIO ","img":"https://sgfm.elcorteingles.es/SGFM/dctm/MEDIA03/201703/28/00120752600427____1__600x600.jpg","price":"2,35 €","categories":["Supermercado","Dietéticos","Alimentación básica dietética","Salsas","EL CORTE INGLES BIO tomate frito con pimientos del piquillo y aceite de oliva virgen extra ecológico frasco 340 g y sin gluten"],"general_information":["Denominación del alimento: TOMATE FRITO CON PIMIENTOS DEL PIQUILLO","Nombre del operador: Elaborado para El Corte Inglés por \nConservas Pedro Luis, S.L.\nPoligono industrial El ramal 19\n31580 Lodosa (Navarra)\nEspaña","Lugar de procedencia del alimento: Producto de España","Cantidad Neta: 340 g","Número de raciones por envase: ~ 3"],"ingredients":[" Ingredientes: Tomate* , pimiento del piquillo* (6%), aceite de oliva virgen extra* (4,2%), cebolla*, puerro*, sal, azúcar*, ajo* y corrector de acidez: ácido cítrico.\n*Procedente de agricultura ecológica."],"conservation":" Una vez abierto, conservar en el frigorifico y consumir antes de 3 días.","ean":"8433329079808"},{"full_name":"SANTIVERI kétchup sin sal frasco 260 g","name":"kétchup sin sal frasco 260 g","brand":"SANTIVERI ","img":"https://sgfm.elcorteingles.es/SGFM/00/01/8/0120706700018/0120706700018000g01011.jpg","price":"4,09 €","price_unit":"(13,19 € / Kilo)","categories":["Supermercado","Dietéticos","Alimentación básica dietética","Salsas","SANTIVERI kétchup sin sal frasco 260 g"],"general_information":["Denominación del alimento: SALSA KETCHUP SIN SAL","Nombre del operador: CASA SANTIVERI S.L.","Dirección del operador: ENCUNY 8, 08038 BARCELONA","Cantidad Neta: 290 Centímetro cúbico"],"ingredients":[" agua, zumo concentrado de tomate, fructosa (11%), vinagre de manzana (10,5%), almidón de patata, pectina (espesante), aroma"],"ean":"8412170020528"},{"full_name":"SANTIVERI salsa Sahonesa sin huevo tarro 270 g","name":"salsa Sahonesa sin huevo tarro 270 g","brand":"SANTIVERI ","img":"https://sgfm.elcorteingles.es/SGFM/00/02/6/0120706700026/0120706700026000g01011.jpg","price":"3,09 €","price_unit":"(11,44 € / Kilo)","categories":["Supermercado","Dietéticos","Alimentación básica dietética","Salsas","SANTIVERI salsa Sahonesa sin huevo tarro 270 g"],"general_information":["Denominación del alimento: SALSA DE MESA ELBORADA CON ACEITE V","Nombre del operador: CASA SANTIVERI S.L.","Dirección del operador: ENCUNY 8, 08038 BARCELONA","Cantidad Neta: 270 g"],"ingredients":[" agua, aceite de girasol, PROTEÍNA DE SOJA, fructosa, fosfato de dialmidón acetilado (gelificante), zumo de limón, sal, goma xantana (emulgente), MOSTAZA, extractos vegetales, extracto rico en tocoferoles (antioxidante)"],"ean":"8412170009875"},{"full_name":"SANTIVERI Naturalia Tahin crema de sesámo ecológica envase 290 g","name":"Naturalia Tahin crema de sesámo ecológica envase 290 g","brand":"SANTIVERI ","img":"https://sgfm.elcorteingles.es/SGFM//00/05/1/0120716500051/0120716500051000g01011.jpg","price":"6,19 €","price_unit":"(21,34 € / Kilo)","categories":["Supermercado","Dietéticos","Alimentación básica dietética","Salsas","SANTIVERI Naturalia Tahin crema de sesámo ecológica envase 290 g"],"general_information":["Denominación del alimento: CREMA DE SESAMO BIO","Nombre del operador: CASA SANTIVERI S.L.","Dirección del operador: ENCUNY 8, 08038 BARCELONA","Cantidad Neta: 290 g"],"ingredients":[" semillas de sésamo ecológico, sal marina"],"ean":"8412170025318"},{"full_name":"SANTIVERI Naturalia salsa de soja ecológica envase 240 cc","name":"Naturalia salsa de soja ecológica envase 240 cc","brand":"SANTIVERI ","img":"https://sgfm.elcorteingles.es/SGFM/00/10/1/0120752300101/0120752300101000g01011.jpg","price":"4,95 €","price_unit":"(20,62 € / Litro)","categories":["Supermercado","Dietéticos","Alimentación básica dietética","Salsas","SANTIVERI Naturalia salsa de soja ecológica envase 240 cc"],"general_information":["Denominación del alimento: SALSA DE SOJA BIO","Nombre del operador: CASA SANTIVERI S.L.","Dirección del operador: ENCUNY 8, 08038 BARCELONA","Cantidad Neta: 240 Centímetro cúbico"],"ingredients":[" agua, SOJA ECOLÓGICA, TRIGO ECOLÓGICO, sal marina"],"ean":"8412170002661"},{"full_name":"JARDIN BIO' salsa de soja ecológica receta tradicional asiática frasco 125 ml","name":"salsa de soja ecológica receta tradicional asiática frasco 125 ml","brand":"JARDIN BIO' ","img":"https://sgfm.elcorteingles.es/SGFM//00/22/9/0120752600229/0120752600229000g01011.jpg","price":"4,51 €","price_unit":"(3,61 € / Litro)","categories":["Supermercado","Dietéticos","Alimentación básica dietética","Salsas","JARDIN BIO' salsa de soja ecológica receta tradicional asiática frasco 125 ml"],"general_information":[],"ingredients":[],"ean":"3478820030670"},{"full_name":"NATURGREEN tahín tostado puré de sésamo ecológico envase 300 g","name":"tahín tostado puré de sésamo ecológico envase 300 g","brand":"NATURGREEN ","img":"https://sgfm.elcorteingles.es/SGFM/dctm/MEDIA03/201710/17/00120723700066____3__600x600.jpg","price":"4,45 €            ","price_unit":"(14,67 € / Kilo)","categories":["Supermercado","Dietéticos","Alimentación básica dietética","Salsas","NATURGREEN tahín tostado puré de sésamo ecológico envase 300 g"],"general_information":["Denominación del alimento: Puré Sésamo Tostado Tahin Bio","Nombre del operador: Laboratorios Almond SL","Dirección del operador: Avda. Cabecicos Blancos, Parcela 18 2.B. Parque empresarial Cabecicos Blancos 30892 - Librilla, Murcia (Spain)","Cantidad Neta: 300 g","Peso neto escurrido: 300 g","Otras menciones obligatorias en la etiqueta: Ingredientes procedentes de agricultura ecológica"],"ingredients":[" Semillas de sésamo tostadas (100%). Puede contener cacahuete."],"conservation":" El producto debe ser almacenado en su envase original, en un lugar fresco, seco y libre de olores. Una vez abierto conservar en el frigorífico.","ean":"8437011502322"},{"full_name":"ECOMIL Cuisine bechamel de almendras ecológica y sin gluten envase 200 ml","name":"Cuisine bechamel de almendras ecológica y sin gluten envase 200 ml","brand":"ECOMIL ","img":"https://sgfm.elcorteingles.es/SGFM/dctm/MEDIA03/201709/04/00120752600534____1__600x600.jpg","price":"1,80 €","price_unit":"(9 € / Litro)","categories":["Supermercado","Dietéticos","Alimentación básica dietética","Salsas","ECOMIL Cuisine bechamel de almendras ecológica y sin gluten envase 200 ml"],"general_information":[],"ingredients":[],"ean":"8428532192369"},{"full_name":"GRANOVITA tahini crema de sésamo ecológica envase 340 g","name":"tahini crema de sésamo ecológica envase 340 g","brand":"GRANOVITA ","img":"https://sgfm.elcorteingles.es/SGFM/dctm/MEDIA02/CONTENIDOS/201409/03/00120752900298____1__600x600.jpg","price":"8,87 €","price_unit":"(26,09 € / Kilo)","categories":["Supermercado","Dietéticos","Alimentación básica dietética","Salsas","GRANOVITA tahini crema de sésamo ecológica envase 340 g"],"general_information":[" Altamente nutritiva, rica en ácidos grasos insaturados, en proteína de alto valor biológico (similar a la de la soja), lecitina, vitaminas E, B1 y B2, calcio, fósforo, hierro, magnesio, cobre y cromo.","Consejos: Ideal para untar en el pan, galletas, tostadas, etc, en desayuno, merienda o cena. Deliciosa acompañada de mermelada o de miel."],"ingredients":["Ingredientes: Semillas de sésamo de cultivo biológico."],"ean":"8423266500473"},{"full_name":"BIOCOP salsa de soja ecológica frasco 140 ml","name":"salsa de soja ecológica frasco 140 ml","brand":"BIOCOP ","img":"https://sgfm.elcorteingles.es/SGFM//00/19/5/0120752600195/0120752600195000g01011.jpg","price":"3,33 €","price_unit":"(23,79 € / Litro)","categories":["Supermercado","Dietéticos","Alimentación básica dietética","Salsas","BIOCOP salsa de soja ecológica frasco 140 ml"],"general_information":["Denominación del alimento: Salsa de soja Shoyu.","Nombre del operador: Biocop Productos Biológicos, S.A.","Dirección del operador: C/Puigmal 3 - 08185 Lliçà de Vall (Barcelona)","Cantidad Neta: 140 Mililitros"],"ingredients":[" Agua,soja*, trigo integral*, sal marina, aspergillus oryzae(koji).*De cultivo biológico."],"conservation":" Conservar en lugar fresco y seco.","ean":"8423903000526"},{"full_name":"FARABELLA salsa de tomate con albahaca y aceite de oliva virgen extra sin gluten envase 280 g","name":"salsa de tomate con albahaca y aceite de oliva virgen extra sin gluten envase 280 g","brand":"FARABELLA ","img":"https://sgfm.elcorteingles.es/SGFM/dctm/MEDIA03/201607/11/00120745402725____1__600x600.jpg","price":"3,99 €","price_unit":"(14,25 € / Kilo)","categories":["Supermercado","Dietéticos","Alimentación básica dietética","Salsas","FARABELLA salsa de tomate con albahaca y aceite de oliva virgen extra sin gluten envase 280 g"],"general_information":["Denominación del alimento: Salsa con Albahaca Sin Gluten","Nombre del operador: Piafoc, S.L.U.","Dirección del operador: Pol. Ind. de Girona Av. Mas Vilà, 98-100 (17457) Ruidellots de la Selva, Girona, España","Lugar de procedencia del alimento: Italia","Cantidad Neta: 280 g"],"ingredients":[" Tomate, albahaca (2.8%), cebolla, zanahoria, aceite de oliva extra virgen, sal. Contiene sulfitos y puede contener trazas de apio."],"conservation":"Modo de empleo: Listo para comer.","ean":"8032755847014"},{"full_name":"FARABELLA salsa pesto a la genovesa sin gluten envase 130 g","name":"salsa pesto a la genovesa sin gluten envase 130 g","brand":"FARABELLA ","img":"https://sgfm.elcorteingles.es/SGFM/dctm/MEDIA03/201605/20/00120745402931____1__600x600.jpg","price":"3,99 €","categories":["Supermercado","Dietéticos","Alimentación básica dietética","Salsas","FARABELLA salsa pesto a la genovesa sin gluten envase 130 g"],"general_information":[],"ingredients":[],"ean":"8032755847076"},{"full_name":"YNSADIET Hijas del sol Diet salsa de tomate frasco 120 g","name":"Hijas del sol Diet salsa de tomate frasco 120 g","brand":"YNSADIET ","img":"https://sgfm.elcorteingles.es/SGFM/dctm/MEDIA03/201707/20/00120744000538____1__600x600.jpg","price":"2,60 €","price_unit":"(21,67 € / Kilo)","categories":["Supermercado","Dietéticos","Alimentación básica dietética","Salsas","YNSADIET Hijas del sol Diet salsa de tomate frasco 120 g"],"general_information":[],"ingredients":[],"ean":"8412016366360"},{"full_name":"GRANOVITA Mayola Original mayonesa con aceite de lino sin huevo frasco 310 g","name":"Mayola Original mayonesa con aceite de lino sin huevo frasco 310 g","brand":"GRANOVITA ","img":"https://sgfm.elcorteingles.es/SGFM/00/09/1/0120706700091/0120706700091000g01011.jpg","price":"3,49 €","price_unit":"(11,26 € / Kilo)","categories":["Supermercado","Dietéticos","Alimentación básica dietética","Salsas","GRANOVITA Mayola Original mayonesa con aceite de lino sin huevo frasco 310 g"],"general_information":[],"ingredients":[],"ean":"8436024878868"},{"full_name":"AMANDIN bechamel de arroz ecológica sin lactosa envase 200 ml","name":"bechamel de arroz ecológica sin lactosa envase 200 ml","brand":"AMANDIN ","img":"https://sgfm.elcorteingles.es/SGFM/dctm/MEDIA02/CONTENIDOS/201410/31/00120755400015____1__600x600.jpg","price":"1,45 €","price_unit":"(7,25 € / Litro)","categories":["Supermercado","Dietéticos","Alimentación básica dietética","Salsas","AMANDIN bechamel de arroz ecológica sin lactosa envase 200 ml"],"general_information":["Denominación del alimento: Salsa vegetal de arroz tipo bechamel","Nombre del operador: Costa Concentrados Levantinos, S.A.","Dirección del operador: Avenida Antic Regne de València, 29, 46290 Alcàsser (Valencia)","Cantidad Neta: 200 Mililitros"],"ingredients":[" Agua, aceite de girasol*, arroz* (5%), estabilizante: goma garrofín*, cebolla*, emulgente: lecitina de girasol, sal marina y aroma natural*. *Ingredientes ecológicos."],"conservation":" Conservar en lugar fresco y seco. Una vez abierto, puede mantenerse hasta 5 días en el frigorífico (+4ºC).","ean":"8410509000616"},{"full_name":"VALSOIA Condisoia alternativa vegetal a la bechamel envase 200 ml","name":"Condisoia alternativa vegetal a la bechamel envase 200 ml","brand":"VALSOIA ","img":"https://sgfm.elcorteingles.es/SGFM/dctm/MEDIA03/201702/10/00120755200043____1__600x600.jpg","price":"1,17 €","price_unit":"(5,85 € / Litro)","categories":["Supermercado","Dietéticos","Alimentación básica dietética","Salsas","VALSOIA Condisoia alternativa vegetal a la bechamel envase 200 ml"],"general_information":["Denominación del alimento: Condisoia Bechamel-Alternativa vegetal a la bechamel","País de origen: Italia","Nombre del operador: Inasa Import S.L","Dirección del operador: Calle Zurbarán 7. entreplanta 4-28010 Madrid","Lugar de procedencia del alimento: Italia","Cantidad Neta: 200 Mililitros"],"ingredients":[" Extracto de soja (75%) (agua, semillas de soja 8,3%), aceite de girasol, harina de trigo, jarabe de glucosa, almidón de tapioca modificado, sal marina, aromas, emulsionantes: mono- y diglicéridos de los ácidos grasos, aroma natural de nuez moscada, espesante: goma xantana. 100% Vegetal, Naturalmente Sin Lactosa, Sin Grasas Hidrogenadas, Sin OGM"],"conservation":" Conservar a temperatura ambiente; una vez abierto, conservar el producto en el frigorífico (+4°C) y consumirlo dentro de 3 días.","ean":"8006040245205"},{"full_name":"SORIA NATURAL Bio Genmai Miso condimento tradicional japonés de soja y arroz frasco 250 g","name":"Bio Genmai Miso condimento tradicional japonés de soja y arroz frasco 250 g","brand":"SORIA NATURAL ","img":"https://sgfm.elcorteingles.es/SGFM/dctm/MEDIA02/CONTENIDOS/201511/05/00120723000079____1__600x600.jpg","price":"5,03 €","price_unit":"(20,12 € / Kilo)","categories":["Supermercado","Dietéticos","Alimentación básica dietética","Salsas","SORIA NATURAL Bio Genmai Miso condimento tradicional japonés de soja y arroz frasco 250 g"],"general_information":["Denominación del alimento: Genmai Miso ecológico","País de origen: España","Nombre del operador: Soria Natural S.A.","Dirección del operador: Poligono La Sacea,s/n -42162 Garray (Soria)","Lugar de procedencia del alimento: España","Cantidad Neta: 250 g","Otras menciones obligatorias en la etiqueta: No contiene conservantes"],"ingredients":[" Soja*, harina de arroz*, agua, sal marina, koji* (harina de arroz* y Aspergillus oryzae), Saccharomyces cerevisiae, Lactobacillus delbrueckii ssp. bulgaricus, Streptococcus termophilus.*Procedente de Agricultura Ecológica.Puede contener trazas de leche y sus derivados, y de sésamo."],"conservation":" Mantener refrigerado a temperatura =4ºC","ean":"8422947550424"},{"full_name":"SARCHIO salsa de pesto ecólogico sin gluten, sin queso y sin ajo 3 raciones tarro 244 g","name":"salsa de pesto ecólogico sin gluten, sin queso y sin ajo 3 raciones tarro 244 g","brand":"SARCHIO ","img":"https://sgfm.elcorteingles.es/SGFM/dctm/MEDIA03/201703/15/00120752600328____1__600x600.jpg","price":"4,09 €","categories":["Supermercado","Dietéticos","Alimentación básica dietética","Salsas","SARCHIO salsa de pesto ecólogico sin gluten, sin queso y sin ajo 3 raciones tarro 244 g"],"general_information":["Denominación del alimento: Pesto","Nombre del operador: Sarchio Iberia S.L.","Dirección del operador: C/Les Planes, 10-18 Bajos, 08201 Sabadell, Barcelona.","Cantidad Neta: 130 g","Otras menciones obligatorias en la etiqueta: País de origen Italia."],"ingredients":[" Albahaca* (55%), aceite de girasol*, patatas en copos*, aceite de oliva virgen extra*, piñones*, sal marina, zumo de limón*. *Producto ecológico."],"conservation":" Consérvese en lugar fresco y seco. Refrigerar después de abrir y consumir en algunos días.","ean":"8003712004184"},{"full_name":"ALCE NERO pure de tomate ecológico tarro 802 g","name":"pure de tomate ecológico tarro 802 g","brand":"ALCE NERO ","img":"https://sgfm.elcorteingles.es/SGFM/dctm/MEDIA03/201702/28/00120752600286____1__600x600.jpg","price":"2,54 €","categories":["Supermercado","Dietéticos","Alimentación básica dietética","Salsas","ALCE NERO pure de tomate ecológico tarro 802 g"],"general_information":["Denominación del alimento: Passata de tomate ecológica","País de origen: Italia","Nombre del operador: Qbio Productos Orgánicos","Dirección del operador: Passeig del Riu Besós, 1 - 08160 Montmeló (Barcelona)","Cantidad Neta: 500 g","Otras menciones obligatorias en la etiqueta: CA-ORG-006 Agricultura No UE. Procedente de agricultura ecológica. Apto para veganos."],"ingredients":[" Tomate."],"conservation":" Manténgase en el frigorífico una vez abierto y consumir en pocos días.","ean":"8009004800113"},{"full_name":"ALCE NERO salsa de pesto genovés ecológico tarro 267 g","name":"salsa de pesto genovés ecológico tarro 267 g","brand":"ALCE NERO ","img":"https://sgfm.elcorteingles.es/SGFM/dctm/MEDIA03/201702/28/00120752600336____1__600x600.jpg","price":"4,40 €","categories":["Supermercado","Dietéticos","Alimentación básica dietética","Salsas","ALCE NERO salsa de pesto genovés ecológico tarro 267 g"],"general_information":["Denominación del alimento: Salsa pesto genovés con albahaca ecológica","País de origen: Italia","Nombre del operador: Qbio Productos Orgánicos","Dirección del operador: Passeig del Riu Besós, 1 - 08160 Montmeló (Barcelona)","Cantidad Neta: 130 g","Otras menciones obligatorias en la etiqueta: CA-ORG-006 Agricultura No UE. Procedente de agricultura ecológica. Apto para veganos."],"ingredients":[" Albahaca (35,7%), aceite de semillas de girasol, agua, aceite de oliva virgen extra, anacardos, queso parmesano (2,6%) (contiene leche), harina de patata, azúcar de caña, queso de oveja (contiene leche), sal, piñones, ajo, regulador de acidez: ácido láctico."],"conservation":" Conservar en lugar fresco y seco.","ean":"8009004850200"},{"full_name":"VALMASERA tomate frito caserio bio orgánico ecológico bote 300 g","name":"tomate frito caserio bio orgánico ecológico bote 300 g","brand":"VALMASERA ","img":"https://sgfm.elcorteingles.es/SGFM/dctm/MEDIA03/201701/27/00120752600369____1__600x600.jpg","price":"2,30 €","categories":["Supermercado","Dietéticos","Alimentación básica dietética","Salsas","VALMASERA tomate frito caserio bio orgánico ecológico bote 300 g"],"general_information":[],"ingredients":[],"ean":"8436018041247"},{"full_name":"VALMASERA ketchup bio orgánic de agricultura ecológica botella 300 g","name":"ketchup bio orgánic de agricultura ecológica botella 300 g","brand":"VALMASERA ","img":"https://sgfm.elcorteingles.es/SGFM/dctm/MEDIA03/201701/27/00120752600351____1__600x600.jpg","price":"4,13 €","categories":["Supermercado","Dietéticos","Alimentación básica dietética","Salsas","VALMASERA ketchup bio orgánic de agricultura ecológica botella 300 g"],"general_information":[],"ingredients":[],"ean":"8436018041216"},{"full_name":"CASA AMELLA tomate frito ecológico sin gluten bote 320 g","name":"tomate frito ecológico sin gluten bote 320 g","brand":"CASA AMELLA ","img":"https://sgfm.elcorteingles.es/SGFM/dctm/MEDIA03/201703/06/00120752600393____1__600x600.jpg","price":"2,95 €","price_unit":"(9,22 € / Kilo)","categories":["Supermercado","Dietéticos","Alimentación básica dietética","Salsas","CASA AMELLA tomate frito ecológico sin gluten bote 320 g"],"general_information":["Denominación del alimento: Bio Tomate Frito","Nombre del operador: Casa Amella Bio Food, S.L.","Dirección del operador: C/ Paral·lel a  Roureda nº 6, 08133 Castellterçol, Barcelona.","Cantidad Neta: 320 g"],"ingredients":[" *Tomate fresco (97%), *aceite de oliva virgen extra arbequina y sal marina. (*De agricultura ecológica)"],"conservation":" No necesita refrigerado. Conservar refrigerado entre +2 °C y + 4°C una vez abierto.","ean":"8436046346437"},{"full_name":"TOSFRIT Vita kaskis horneados de maíz y quinoa sin gluten bolsa 120 g","name":"Vita kaskis horneados de maíz y quinoa sin gluten bolsa 120 g","brand":"TOSFRIT ","img":"https://sgfm.elcorteingles.es/SGFM/dctm/MEDIA03/201706/27/00120753600533____1__600x600.jpg","price":"1,25 €","categories":["Supermercado","Dietéticos","Alimentación básica dietética","Snacks y aperitivos","TOSFRIT Vita kaskis horneados de maíz y quinoa sin gluten bolsa 120 g"],"general_information":["Denominación del alimento: Aros horneados de maiz y quinoa con aroma natural","Nombre del operador: Tostados y Fritos,S.A.","Dirección del operador: P.Ind. Manzanares Parcelas 45-48 ,13200 Manzanares (C.Real)","Cantidad Neta: 120 g"],"ingredients":[" Harina de maíz (54%), aceite de girasol (19.6%), harina de quínoa (8%),   almidón de patata, almidón de maíz, aroma natural, aroma de humo, sal, azúcar, bicarbonato sódico y ácido cítrico SIN GLUTEN."],"conservation":" Conservar en un lugar fresco y seco","ean":"8422114232061"},{"full_name":"TOSFRIT Vita aros camperos horneados de maíz, garbanzos y arroz sin gluten bolsa 75 g","name":"Vita aros camperos horneados de maíz, garbanzos y arroz sin gluten bolsa 75 g","brand":"TOSFRIT ","img":"https://sgfm.elcorteingles.es/SGFM/dctm/MEDIA03/201706/27/00120753600541____1__600x600.jpg","price":"1,25 €","categories":["Supermercado","Dietéticos","Alimentación básica dietética","Snacks y aperitivos","TOSFRIT Vita aros camperos horneados de maíz, garbanzos y arroz sin gluten bolsa 75 g"],"general_information":["Denominación del alimento: Snack de cereales y legumbres horneado con aroma natural","Nombre del operador: Tostados y Fritos,S.A.","Dirección del operador: P.Ind. Manzanares Parcelas 45-48 ,13200 Manzanares (C.Real)","Cantidad Neta: 75 g"],"ingredients":[" Sémola se maíz, aceite de girasol (15.7%), harina de garbanzos (10%), harina de arroz (2%), aroma natural [queso en polvo (2%), leche, colorante natural (annato)] y sal. SIN GLUTEN."],"conservation":" Conservar en un lugar fresco y seco","ean":"8422114671662"},{"full_name":"TOSFRIT Vita palitos de patata con tomate, zanahoria y espinacas sin gluten bolsa 90 g","name":"Vita palitos de patata con tomate, zanahoria y espinacas sin gluten bolsa 90 g","brand":"TOSFRIT ","img":"https://sgfm.elcorteingles.es/SGFM/dctm/MEDIA03/201706/27/00120753600558____1__600x600.jpg","price":"1,25 €","categories":["Supermercado","Dietéticos","Alimentación básica dietética","Snacks y aperitivos","TOSFRIT Vita palitos de patata con tomate, zanahoria y espinacas sin gluten bolsa 90 g"],"general_information":["Denominación del alimento: Palitos vegetales con aroma natural","Nombre del operador: Tostados y Fritos,S.A.","Dirección del operador: P.Ind. Manzanares Parcelas 45-48 ,13200 Manzanares (C.Real)","Cantidad Neta: 90 g"],"ingredients":[" Fécula de patata (55%), puré de patata (15%), aceite de girasol alto oleico (15.6%), aroma natural, zanahoria (2%), tomate (2%), espinacas (2%), sal, ácido cítrico y oleorresina de pimentón. SIN GLUTEN"],"conservation":" Conservar en un lugar fresco y seco","ean":"8422114251864"},{"full_name":"BIO MONTI patatas fritas ecológicas bolsa 130 g","name":"patatas fritas ecológicas bolsa 130 g","brand":"BIO MONTI ","img":"https://sgfm.elcorteingles.es/SGFM/dctm/MEDIA03/201702/03/00120753600400____1__600x600.jpg","price":"1,85 €","categories":["Supermercado","Dietéticos","Alimentación básica dietética","Snacks y aperitivos","BIO MONTI patatas fritas ecológicas bolsa 130 g"],"general_information":[],"ingredients":[],"ean":"8411428004631"},{"full_name":"SARCHIO snack salado con cereales no frito, ecológico y sin gluten bolsa 59 g","name":"snack salado con cereales no frito, ecológico y sin gluten bolsa 59 g","brand":"SARCHIO ","img":"https://sgfm.elcorteingles.es/SGFM/dctm/MEDIA03/201703/15/00120753600335____1__600x600.jpg","price":"1,89 €","categories":["Supermercado","Dietéticos","Alimentación básica dietética","Snacks y aperitivos","SARCHIO snack salado con cereales no frito, ecológico y sin gluten bolsa 59 g"],"general_information":["Denominación del alimento: Snack salado con cereales","Nombre del operador: Sarchio Iberia S.L.","Dirección del operador: C/Les Planes, 10-18 Bajos, 08201 Sabadell, Barcelona.","Cantidad Neta: 55 g","Otras menciones obligatorias en la etiqueta: País de origen Italia."],"ingredients":[" *Almidón de papas, *harina de maíz (14%), *hojuelas de papas, *harina de amaranto (13%), *aceite de girasol, potenciador del sabor (*maltodextrina, sal marina, *azúcar de caña, *extracto de levadura, *aceite de girasol). *Producto ecológico."],"conservation":" Consérvese en lugar fresco y seco","ean":"8003712008991"},{"full_name":"SARCHIO snack salado con vegetales no frito, ecológico y sin gluten bolsa 59 g","name":"snack salado con vegetales no frito, ecológico y sin gluten bolsa 59 g","brand":"SARCHIO ","img":"https://sgfm.elcorteingles.es/SGFM/dctm/MEDIA03/201703/15/00120753600343____1__600x600.jpg","price":"1,89 €","categories":["Supermercado","Dietéticos","Alimentación básica dietética","Snacks y aperitivos","SARCHIO snack salado con vegetales no frito, ecológico y sin gluten bolsa 59 g"],"general_information":["Denominación del alimento: Snack salado con vegetales","Nombre del operador: Sarchio Iberia S.L.","Dirección del operador: C/Les Planes, 10-18 Bajos, 08201 Sabadell, Barcelona.","Cantidad Neta: 55 g","Otras menciones obligatorias en la etiqueta: País de origen Italia."],"ingredients":[" *Almidón de papas, *harina de maíz, *hojuelas de papas, *aceite de girasol, *verduras deshidratadas en proporción variable 6% (*zanahoria, *remolacha, *espinacas,*brócoli), potenciador del sabor (*maltodextrina, sal marina, *azúcar de caña, *extracto de levadura, *aceite de girasol). *Producto ecológico."],"conservation":" Consérvese en lugar fresco y seco","ean":"8003712008984"},{"full_name":"SANTIVERI Naturalia nachos natural ecológicos envase 125 g","name":"Naturalia nachos natural ecológicos envase 125 g","brand":"SANTIVERI ","img":"https://sgfm.elcorteingles.es/SGFM/02/10/5/0120753802105/0120753802105000g01011.jpg","price":"2,99 €","price_unit":"(23,92 € / Kilo)","categories":["Supermercado","Dietéticos","Alimentación básica dietética","Snacks y aperitivos","SANTIVERI Naturalia nachos natural ecológicos envase 125 g"],"general_information":["Denominación del alimento: NACHOS BIO","Nombre del operador: CASA SANTIVERI S.L.","Dirección del operador: ENCUNY 8, 08038 BARCELONA","Cantidad Neta: 125 g"],"ingredients":[" harina de maíz ecológico (77%), aceite de girasol ecológico, sal marina"],"ean":"8412170023260"},{"full_name":"SANTIVERI Corn Bites mini tortitas de maiz ligeras sin gluten estuche 100 g","name":"Corn Bites mini tortitas de maiz ligeras sin gluten estuche 100 g","brand":"SANTIVERI ","img":"https://sgfm.elcorteingles.es/SGFM/03/81/4/0120744903814/0120744903814000g01011.jpg","price":"1,49 €","price_unit":"(14,90 € / Kilo)","categories":["Supermercado","Dietéticos","Alimentación básica dietética","Snacks y aperitivos","SANTIVERI Corn Bites mini tortitas de maiz ligeras sin gluten estuche 100 g"],"general_information":["Denominación del alimento: TORTITAS MINI DE MAÍZ","Nombre del operador: CASA SANTIVERI S.L.","Dirección del operador: ENCUNY 8, 08038 BARCELONA","Cantidad Neta: 100 g"],"ingredients":[" maíz troceado (97%), sal marina, aceite de oliva virgen extra, lecitina de girasol (emulgente)"],"ean":"8412170029781"},{"full_name":"ALASATURE Bangkok Fire chips de Kale deshidratado ecológico bolsa 30 g","name":"Bangkok Fire chips de Kale deshidratado ecológico bolsa 30 g","brand":"ALASATURE ","img":"https://sgfm.elcorteingles.es/SGFM/dctm/MEDIA03/201702/03/00120753600251____1__600x600.jpg","price":"3,05 €","price_unit":"(101,67 € / Kilo)","categories":["Supermercado","Dietéticos","Alimentación básica dietética","Snacks y aperitivos","ALASATURE Bangkok Fire chips de Kale deshidratado ecológico bolsa 30 g"],"general_information":[],"ingredients":[],"ean":"8437016108277"},{"full_name":"ALASATURE Bombay Style chips de Kale deshidratado ecológico bolsa 30 g","name":"Bombay Style chips de Kale deshidratado ecológico bolsa 30 g","brand":"ALASATURE ","img":"https://sgfm.elcorteingles.es/SGFM/dctm/MEDIA03/201702/03/00120753600244____1__600x600.jpg","price":"3,05 €","price_unit":"(101,67 € / Kilo)","categories":["Supermercado","Dietéticos","Alimentación básica dietética","Snacks y aperitivos","ALASATURE Bombay Style chips de Kale deshidratado ecológico bolsa 30 g"],"general_information":[],"ingredients":[],"ean":"8437016108260"},{"full_name":"ALASATURE Hot & Spicy chips de Kale deshidratado ecológico bolsa 30 g","name":"Hot & Spicy chips de Kale deshidratado ecológico bolsa 30 g","brand":"ALASATURE ","img":"https://sgfm.elcorteingles.es/SGFM/dctm/MEDIA03/201702/03/00120753600236____1__600x600.jpg","price":"3,05 €","price_unit":"(101,67 € / Kilo)","categories":["Supermercado","Dietéticos","Alimentación básica dietética","Snacks y aperitivos","ALASATURE Hot & Spicy chips de Kale deshidratado ecológico bolsa 30 g"],"general_information":[],"ingredients":[],"ean":"8437016108253"},{"full_name":"EAT REAL Bio pajitas veganas con sal marina ecológicas y sin gluten bolsa 100 g con remolacha y cúrcuma","name":"Bio pajitas veganas con sal marina ecológicas y sin gluten bolsa 100 g","brand":"EAT REAL ","img":"https://sgfm.elcorteingles.es/SGFM/dctm/MEDIA03/201711/17/00120752700730____1__600x600.jpg","price":"2,99 €","price_unit":"(29,90 € / Kilo)","categories":["Supermercado","Dietéticos","Alimentación básica dietética","Snacks y aperitivos","EAT REAL Bio pajitas veganas con sal marina ecológicas y sin gluten bolsa 100 g con remolacha y cúrcuma"],"general_information":[],"ingredients":[],"ean":"5026489494746"},{"full_name":"EAT REAL Bio chips de humus con sal marina ecológicas y sin gluten bolsa 100 g sin azúcares añadidos","name":"Bio chips de humus con sal marina ecológicas y sin gluten bolsa 100 g","brand":"EAT REAL ","img":"https://sgfm.elcorteingles.es/SGFM/dctm/MEDIA03/201711/17/00120752700722____1__600x600.jpg","price":"2,99 €","price_unit":"(29,90 € / Kilo)","categories":["Supermercado","Dietéticos","Alimentación básica dietética","Snacks y aperitivos","EAT REAL Bio chips de humus con sal marina ecológicas y sin gluten bolsa 100 g sin azúcares añadidos"],"general_information":[],"ingredients":[],"ean":"5026489494708"},{"full_name":"EAT REAL Bio chips de lenteja con sal marina ecológicas y sin gluten bolsa 100 g sin azúcares añadidos","name":"Bio chips de lenteja con sal marina ecológicas y sin gluten bolsa 100 g","brand":"EAT REAL ","img":"https://sgfm.elcorteingles.es/SGFM/dctm/MEDIA03/201711/17/00120752700714____1__600x600.jpg","price":"2,99 €","price_unit":"(29,90 € / Kilo)","categories":["Supermercado","Dietéticos","Alimentación básica dietética","Snacks y aperitivos","EAT REAL Bio chips de lenteja con sal marina ecológicas y sin gluten bolsa 100 g sin azúcares añadidos"],"general_information":[],"ingredients":[],"ean":"5026489494722"},{"full_name":"SPECIAL LINE Bio postre de avena sabor chocolate bajo en grasa sin lactosa ecológico 2x125g envase 250 g","name":"Bio postre de avena sabor chocolate bajo en grasa sin lactosa ecológico 2x125g envase 250 g","brand":"SPECIAL LINE ","img":"https://sgfm.elcorteingles.es/SGFM/dctm/MEDIA03/201602/18/00120752000651____1__600x600.jpg","price":"1,79 €","price_unit":"(89,50 € / Kilo)","categories":["Supermercado","Dietéticos","Alimentación básica dietética","Yogures y postres","SPECIAL LINE Bio postre de avena sabor chocolate bajo en grasa sin lactosa ecológico 2x125g envase 250 g"],"general_information":["Denominación del alimento: Postre de avena sabor chocolate ecolólogico","Nombre del operador: Elaborado para el Grupo El Corte Inglés \nHermosilla, 112 ? 28009 Madrid \nEspaña por NIF: B-30.456.271.","Cantidad Neta: 250 g","Número de raciones por envase: 2"],"ingredients":[" Ingredientes: Agua, azúcar moreno de caña*, avena* (5%), cacao parcialmente desgrasado* (1,8%), pasta de cacao*(1,1%), aceite de girasol prensado en frío*, maltodextrina de tapioca, almidón de tapioca*, inulina* (fibra alimentaria de agave*), espesante: harina de semilla de algarroba* y aroma natural de cacao*.\n* Ingredientes procedentes de Agricultura ecológica"],"conservation":" Se puede mantener a temperatura ambiente.","ean":"8433329037594"},{"full_name":"SPECIAL LINE Bio postre de arroz sabor chocolate sin lactosa bajo en grasa ecológico 2x125g envase 250 g","name":"Bio postre de arroz sabor chocolate sin lactosa bajo en grasa ecológico 2x125g envase 250 g","brand":"SPECIAL LINE ","img":"https://sgfm.elcorteingles.es/SGFM/dctm/MEDIA03/201602/18/00120752000669____1__600x600.jpg","price":"1,79 €","price_unit":"(7,16 € / Kilo)","categories":["Supermercado","Dietéticos","Alimentación básica dietética","Yogures y postres","SPECIAL LINE Bio postre de arroz sabor chocolate sin lactosa bajo en grasa ecológico 2x125g envase 250 g"],"general_information":["Denominación del alimento: Postre de arroz sabor chocolate ecolólogico","Nombre del operador: Elaborado para el Grupo El Corte Inglés \nHermosilla, 112 ? 28009 Madrid \nEspaña por NIF: B-30.456.271.","Cantidad Neta: 250 g","Número de raciones por envase: 2"],"ingredients":[" Ingredientes: agua, azúcar moreno de caña*, arroz* (4%), maltodextrina de arroz*, cacao parcialmente desgrasado* (1,8%), pasta de cacao*(1,1%), aceite de girasol prensado en frío*, almidón de tapioca*, espesante: harina de semilla de algarroba*. \n* Ingredientes procedentes de Agricultura ecológica"],"conservation":" Se puede mantener a temperatura ambiente.","ean":"8433329037587"},{"full_name":"GERBLE compota de manzana sin azúcares añadidos pack 4 unidades x 100 g","name":"compota de manzana sin azúcares añadidos pack 4 unidades x  100 g","brand":"GERBLE ","img":"https://sgfm.elcorteingles.es/SGFM/00/06/3/0200308600063/0200308600063000g01011.jpg","price":"3,29 €","price_unit":"(32,90 € / Kilo)","categories":["Supermercado","Dietéticos","Alimentación básica dietética","Yogures y postres","GERBLE compota de manzana sin azúcares añadidos pack 4 unidades x 100 g"],"general_information":["Denominación del alimento: Postre de manzana sin azúcares añadidos","Nombre del operador: Nutrition & Santé Iberia, S.L.","Dirección del operador: c/ Jesús Serra i Santamans, nº 4 - 1ª planta. 08174 Sant Cugat del Vallés - Barcelona","Cantidad Neta: 400 g","Número de raciones por envase: 4","Otras menciones obligatorias en la etiqueta: Contiene azúcares naturalmente presentes"],"ingredients":[" Puré de manazana (100%), antioxidante: ácido ascórbico"],"conservation":" Conservar en lugar fresco y seco.","ean":"8424259823807"},{"full_name":"SANTIVERI Natura flan con fructosa con caramelo líquido sin azúcar paquete 128 g","name":"Natura flan con fructosa con caramelo líquido sin azúcar paquete 128 g","brand":"SANTIVERI ","img":"https://sgfm.elcorteingles.es/SGFM/dctm/MEDIA02/CONTENIDOS/201411/14/00120758100083____1__600x600.jpg","price":"3,49 €","price_unit":"(27,27 € / Kilo)","categories":["Supermercado","Dietéticos","Alimentación básica dietética","Yogures y postres","SANTIVERI Natura flan con fructosa con caramelo líquido sin azúcar paquete 128 g"],"general_information":["Denominación del alimento: PREPARADO DESHIDRATADO PARA FLAN CO","Nombre del operador: CASA SANTIVERI S.L.","Dirección del operador: ENCUNY 8, 08038 BARCELONA","Cantidad Neta: 128 g"],"ingredients":[" fructosa (94%), carragenato (espesante), goma de garrofín (espesante), GLUTEN DE TRIGO, aroma"],"ean":"8412170006119"},{"full_name":"FRIAS Burgalia tofu fresco de soja pack 2 x 125 g envase 250 g","name":"Burgalia tofu fresco de soja pack 2 x 125 g envase 250 g","brand":"FRIAS ","img":"https://sgfm.elcorteingles.es/SGFM/dctm/MEDIA02/CONTENIDOS/201503/05/00120729100162____1__600x600.jpg","price":"2,25 €","price_unit":"(9 € / Kilo)","categories":["Supermercado","Dietéticos","Alimentación básica dietética","Yogures y postres de soja","FRIAS Burgalia tofu fresco de soja pack 2 x 125 g envase 250 g"],"general_information":["Denominación del alimento: Tofu elaborado a partir de habas de soja","Nombre del operador: FRÍAS NUTRICIÓN","Dirección del operador: Pol. Ind. Villalonquéjar, C/Montes de Oca 24, 09001 Burgos. ESPAÑA","Cantidad Neta: 250,0 g","Número de raciones por envase: 2","Otras menciones obligatorias en la etiqueta: SIN GLUTEN"],"ingredients":[" Agua, habas de soja (37%), coagulante (cloruro magnésico de origen marino)."],"conservation":" Conservar en frío (2ºC a 8ºC). Una vez abierto el envase consumir preferentemente antes de tres días.","ean":"8410789140019"},{"full_name":"PROVAMEL Bio postre de soja ecológico sabor natural 4x125g envase 500 g","name":"Bio postre de soja ecológico sabor natural 4x125g envase 500 g","brand":"PROVAMEL ","img":"https://sgfm.elcorteingles.es/SGFM/dctm/MEDIA03/201602/24/00120752100220____1__600x600.jpg","price":"3,58 €","price_unit":"(28,64 € / Kilo)","categories":["Supermercado","Dietéticos","Alimentación básica dietética","Yogures y postres de soja","PROVAMEL Bio postre de soja ecológico sabor natural 4x125g envase 500 g"],"general_information":["Denominación del alimento: PREPARADO VEGETAL DE SOJA NATURAL B","Nombre del operador: CASA SANTIVERI S.L.","Dirección del operador: ENCUNY 8, 08038 BARCELONA","Cantidad Neta: 500 g"],"ingredients":[" agua, HABAS DE SOJA ECOLÓGICA (7,9%), pectina (estabilizador), almidón de maíz ecológico, ácido cítrico (corrector de acidez), sal marina, streptococcus thermophilus, lactobacillus bulgaricus"],"ean":"5411188080732"},{"full_name":"PROVAMEL Bio postre de soja ecológico sabor arándanos 4x125g envase 500 g","name":"Bio postre de soja ecológico sabor arándanos 4x125g envase 500 g","brand":"PROVAMEL ","img":"https://sgfm.elcorteingles.es/SGFM/dctm/MEDIA03/201702/03/00120752100261____1__600x600.jpg","price":"4,35 €","price_unit":"(8,70 € / Kilo)","categories":["Supermercado","Dietéticos","Alimentación básica dietética","Yogures y postres de soja","PROVAMEL Bio postre de soja ecológico sabor arándanos 4x125g envase 500 g"],"general_information":["Denominación del alimento: PREPARADO VEGETAL DE SOJA ARANDANO","Nombre del operador: CASA SANTIVERI S.L.","Dirección del operador: ENCUNY 8, 08038 BARCELONA","Cantidad Neta: 500 g"],"ingredients":[" agua, azúcar de caña integral ecológico, HABAS DE SOJA ECOLÓGICA (7,2%), arándano o mirtilo ecológico (6,3%), pectina (estabilizador), zumo concentrado de limón ecológico, aroma natural, almidón de tapioca ecológico, sal marina, ácido cítrico (corrector de acidez), streptococcus thermophilus, lactobacillus bulgaricus"],"ean":"5411188100201"},{"full_name":"PROVAMEL Bio postre de soja ecológico sabor frambuesa y vainilla 4x125g envase 500 g","name":"Bio postre de soja ecológico sabor frambuesa y vainilla 4x125g envase 500 g","brand":"PROVAMEL ","img":"https://sgfm.elcorteingles.es/SGFM//00/23/8/0120752100238/0120752100238000g01011.jpg","price":"4,35 €","price_unit":"(8,70 € / Kilo)","categories":["Supermercado","Dietéticos","Alimentación básica dietética","Yogures y postres de soja","PROVAMEL Bio postre de soja ecológico sabor frambuesa y vainilla 4x125g envase 500 g"],"general_information":["Denominación del alimento: PREPARADO VEGETAL DE SOJA FRESCO FR","Nombre del operador: CASA SANTIVERI S.L.","Dirección del operador: ENCUNY 8, 08038 BARCELONA","Cantidad Neta: 500 g"],"ingredients":[" agua, azúcar de caña integral ecológico, frambuesas ecológicas (7,7%), HABAS DE SOJA ECOLÓGICA (7,3%), zumo concentrado de frambuesa ecológica (5,3%), pectina (estabilizador), zumo de remolacha ecológica, sal marina, ácido cítrico (corrector de acidez), zumo concentrado de limón ecológico, extracto de vainilla (,02%), streptococcus thermophilus, lactobacillus bulgaricus"],"ean":"5411188097358"},{"full_name":"PROVAMEL Bio postre de soja ecológico sabor coco con chocolate pack 4x125g estuche 500 g","name":"Bio postre de soja ecológico sabor coco con chocolate pack 4x125g estuche 500 g","brand":"PROVAMEL ","img":"https://sgfm.elcorteingles.es/SGFM/dctm/MEDIA02/CONTENIDOS/201505/26/00120752000578____1__600x600.jpg","price":"3,69 €","price_unit":"(7,38 € / Kilo)","categories":["Supermercado","Dietéticos","Alimentación básica dietética","Yogures y postres de soja","PROVAMEL Bio postre de soja ecológico sabor coco con chocolate pack 4x125g estuche 500 g"],"general_information":["Denominación del alimento: POSTRE DE SOJA SABOR COCO Y CHOCOLA","Nombre del operador: CASA SANTIVERI S.L.","Dirección del operador: ENCUNY 8, 08038 BARCELONA","Cantidad Neta: 500 g"],"ingredients":[" agua, azúcar de caña integral ecológico, agua de coco ecológico (7%), HABAS DE SOJA ECOLÓGICA (6%), cacao desgrasado ecológico (1,1%), almidón de maíz, ALMIDÓN DE TRIGO, almidón de tapioca ecológico, pectina (espesante), sal marina, aroma natural"],"ean":"5411188119623"},{"full_name":"PROVAMEL Bio postre de soja ecológico sabor melocotón y mango 4x125g envase 500 g","name":"Bio postre de soja ecológico sabor melocotón y mango 4x125g envase 500 g","brand":"PROVAMEL ","img":"https://sgfm.elcorteingles.es/SGFM/dctm/MEDIA03/201702/03/00120752100253____1__600x600.jpg","price":"4,35 €","price_unit":"(8,70 € / Kilo)","categories":["Supermercado","Dietéticos","Alimentación básica dietética","Yogures y postres de soja","PROVAMEL Bio postre de soja ecológico sabor melocotón y mango 4x125g envase 500 g"],"general_information":["Denominación del alimento: PREPARADO VEGETAL DE SOHA MELOCOTN","Nombre del operador: CASA SANTIVERI S.L.","Dirección del operador: ENCUNY 8, 08038 BARCELONA","Cantidad Neta: 500 g"],"ingredients":[" agua, azúcar de caña integral ecológico, HABAS DE SOJA ECOLÓGICA (7,2%), melocotón ecológico (5,8%), mango ecológico (,9%), pectina (estabilizador), zumo de limón ecológico, aroma natural, sal marina, ácido cítrico (corrector de acidez), streptococcus thermophilus, lactobacillus bulgaricus"],"ean":"5411188080749"},{"full_name":"PROVAMEL Bio postre de soja  ecológico sabor aronia y fruta de la pasión pack 4x125 envase 500 g","name":"Bio postre de soja  ecológico sabor aronia y fruta de la pasión pack 4x125 envase 500 g","brand":"PROVAMEL ","img":"https://sgfm.elcorteingles.es/SGFM/dctm/MEDIA02/CONTENIDOS/201411/06/00120752100378____1__600x600.jpg","price":"4,35 €","price_unit":"(8,70 € / Kilo)","categories":["Supermercado","Dietéticos","Alimentación básica dietética","Yogures y postres de soja","PROVAMEL Bio postre de soja  ecológico sabor aronia y fruta de la pasión pack 4x125 envase 500 g"],"general_information":["Denominación del alimento: PREPARADO VEGERAL DE SOJA FRESCO AR","Nombre del operador: CASA SANTIVERI S.L.","Dirección del operador: ENCUNY 8, 08038 BARCELONA","Cantidad Neta: 500 g"],"ingredients":[" agua, azúcar de caña integral ecológico, HABAS DE SOJA ECOLÓGICA (7,5%), fruta de la pasión/granadilla ecológica (6,7%), zumo de aronia ecológica (5,8%), pectina (estabilizador), almidón de tapioca ecológico, sal marina, ácido cítrico (corrector de acidez), concentrado de zanahoria morada ecológica, zumo concentrado de manzana ecológica, zumo concentrado de grosella negra ecológica, streptococcus thermophilus, lactobacillus bulgaricus"],"ean":"5411188114314"},{"full_name":"PROVAMEL Bio postre de soja ecológico sabor caramelo pack 4x125 envase 500 g","name":"Bio postre de soja ecológico sabor caramelo pack 4x125 envase 500 g","brand":"PROVAMEL ","img":"https://sgfm.elcorteingles.es/SGFM//00/50/3/0120752000503/0120752000503000g01011.jpg","price":"3,69 €","price_unit":"(7,38 € / Kilo)","categories":["Supermercado","Dietéticos","Alimentación básica dietética","Yogures y postres de soja","PROVAMEL Bio postre de soja ecológico sabor caramelo pack 4x125 envase 500 g"],"general_information":["Denominación del alimento: POSTRE DE SOJA SABOR CARAMELO","Nombre del operador: CASA SANTIVERI S.L.","Dirección del operador: ENCUNY 8, 08038 BARCELONA","Cantidad Neta: 500 g"],"ingredients":[" agua, azúcar de caña integral ecológico, HABAS DE SOJA ECOLÓGICA (6%), almidón de maíz, salsa de caramelo ecológico (2,1%), almidón de tapioca ecológico, aroma natural, azúcar de caña caramelizado ecológico, sal marina"],"ean":"5411188091431"},{"full_name":"PROVAMEL Bio postre de soja ecológico sabor chocolate sin lactosa 4x125g envase 500 g","name":"Bio postre de soja ecológico sabor chocolate sin lactosa 4x125g envase 500 g","brand":"PROVAMEL ","img":"https://sgfm.elcorteingles.es/SGFM/dctm/MEDIA02/CONTENIDOS/201411/14/00120758100349____1__600x600.jpg","price":"3,59 €","price_unit":"(7,18 € / Kilo)","categories":["Supermercado","Dietéticos","Alimentación básica dietética","Yogures y postres de soja","PROVAMEL Bio postre de soja ecológico sabor chocolate sin lactosa 4x125g envase 500 g"],"general_information":["Denominación del alimento: POSTRE DE SOJA SABOR CHOCOLATE","Nombre del operador: CASA SANTIVERI S.L.","Dirección del operador: ENCUNY 8, 08038 BARCELONA","Cantidad Neta: 500 g"],"ingredients":[" agua, azúcar de caña integral ecológico, HABAS DE SOJA ECOLÓGICA (4,6%), cacao desgrasado ecológico (3,3%), almidón de maíz ecológico, almidón de tapioca ecológico, ALMIDÓN DE TRIGO ECOLÓGICO, sal marina"],"ean":"5411188080190"},{"full_name":"PROVAMEL Bio postre de soja ecológico sabor cappuccino pack 4 envase 125 g","name":"Bio postre de soja ecológico sabor cappuccino pack 4 envase 125 g","brand":"PROVAMEL ","img":"https://sgfm.elcorteingles.es/SGFM//00/52/9/0120752000529/0120752000529000g01011.jpg","price":"3,89 €","price_unit":"(7,78 € / Kilo)","categories":["Supermercado","Dietéticos","Alimentación básica dietética","Yogures y postres de soja","PROVAMEL Bio postre de soja ecológico sabor cappuccino pack 4 envase 125 g"],"general_information":["Denominación del alimento: SOYA DESSERT CAPUCCINO BIO P*4","Nombre del operador: CASA SANTIVERI S.L.","Dirección del operador: ENCUNY 8, 08038 BARCELONA","Cantidad Neta: 500 g"],"ingredients":[" agua, azúcar de caña integral ecológico, HABAS DE SOJA ECOLÓGICA (6%), ALMIDÓN DE TRIGO, maltodextrina de maíz, extracto café (,7%), carragenato (espesante), extracto de vainilla, sal marina"],"ean":"0000054051270"},{"full_name":"PROVAMEL Bio postre de soja  ecológico sabor vainilla sin lactosa 4x125g envase 500 g","name":"Bio postre de soja  ecológico sabor vainilla sin lactosa 4x125g envase 500 g","brand":"PROVAMEL ","img":"https://sgfm.elcorteingles.es/SGFM/dctm/MEDIA02/CONTENIDOS/201411/14/00120758100356____1__600x600.jpg","price":"3,59 €","price_unit":"(7,18 € / Kilo)","categories":["Supermercado","Dietéticos","Alimentación básica dietética","Yogures y postres de soja","PROVAMEL Bio postre de soja  ecológico sabor vainilla sin lactosa 4x125g envase 500 g"],"general_information":["Denominación del alimento: POSTRE DE SOJA SABOR VAINILLA","Nombre del operador: CASA SANTIVERI S.L.","Dirección del operador: ENCUNY 8, 08038 BARCELONA","Cantidad Neta: 500 g"],"ingredients":[" agua, azúcar de caña integral ecológico, HABAS DE SOJA ECOLÓGICA (6%), ALMIDÓN DE TRIGO, maltodextrina de maíz, carragenato (espesante), extracto de vainilla (,2%), sal marina"],"ean":"5411188080183"},{"full_name":"PROVAMEL Bio postre de soja ecológico sabor natural envase 500 g","name":"Bio postre de soja ecológico sabor natural envase 500 g","brand":"PROVAMEL ","img":"https://sgfm.elcorteingles.es/SGFM/dctm/MEDIA03/201702/03/00120752100212____2__600x600.jpg","price":"3,25 €","price_unit":"(6,50 € / Kilo)","categories":["Supermercado","Dietéticos","Alimentación básica dietética","Yogures y postres de soja","PROVAMEL Bio postre de soja ecológico sabor natural envase 500 g"],"general_information":["Denominación del alimento: PREPARADO VEGETAL DE SOJA NATURAL B","Nombre del operador: CASA SANTIVERI S.L.","Dirección del operador: ENCUNY 8, 08038 BARCELONA","Cantidad Neta: 500 g"],"ingredients":[" agua, HABAS DE SOJA ECOLÓGICA (7,9%), pectina (estabilizador), almidón de maíz ecológico, ácido cítrico (corrector de acidez), sal marina, streptococcus thermophilus, lactobacillus bulgaricus"],"ean":"5411188080282"},{"full_name":"PROVAMEL Bio postre de soja ecológico sabor naranja y rooibos envase 500 g","name":"Bio postre de soja ecológico sabor naranja y rooibos envase 500 g","brand":"PROVAMEL ","img":"https://sgfm.elcorteingles.es/SGFM/00/02/2/0120752100022/0120752100022000g01011.jpg","price":"4,07 €","price_unit":"(8,14 € / Kilo)","categories":["Supermercado","Dietéticos","Alimentación básica dietética","Yogures y postres de soja","PROVAMEL Bio postre de soja ecológico sabor naranja y rooibos envase 500 g"],"general_information":["Denominación del alimento: PREPARADO VEGETAL DE SOJA NARANJA Y","Nombre del operador: CASA SANTIVERI S.L.","Dirección del operador: ENCUNY 8, 08038 BARCELONA","Cantidad Neta: 500 g"],"ingredients":[" agua, zumo concentrado de naranja ecológica (10,7%), azúcar de caña integral ecológico, HABAS DE SOJA ECOLÓGICA (7,2%), naranja ecológica (2,4%), pectina (estabilizador), extracto de rooibo ecológico (,1%), zumo concentrado de manzana ecológica, zumo concentrado de calabaza ecológica, ácido cítrico (corrector de acidez), sal marina, zumo concentrado de zanahoria ecológica, salsa de caramelo ecológico, aceite de naranja ecológica, almidón de tapioca ecológico, streptococcus thermophilus, lactobacillus bulgaricus"],"ean":"5411188111030"},{"full_name":"PROVAMEL Bio postre de soja ecológico sabor vainilla envase 500 g","name":"Bio postre de soja ecológico sabor vainilla envase 500 g","brand":"PROVAMEL ","img":"https://sgfm.elcorteingles.es/SGFM/dctm/MEDIA03/201702/03/00120752100246____1__600x600.jpg","price":"3,91 €","price_unit":"(7,82 € / Kilo)","categories":["Supermercado","Dietéticos","Alimentación básica dietética","Yogures y postres de soja","PROVAMEL Bio postre de soja ecológico sabor vainilla envase 500 g"],"general_information":["Denominación del alimento: PREPARADO VEGETAL DE SOJA VAINILLA","Nombre del operador: CASA SANTIVERI S.L.","Dirección del operador: ENCUNY 8, 08038 BARCELONA","Cantidad Neta: 500 g"],"ingredients":[" agua, azúcar de caña integral ecológico, HABAS DE SOJA ECOLÓGICA (7,2%), pectina (estabilizador), sal marina, ácido cítrico (corrector de acidez), vainilla, zumo concentrado de limón ecológico, cúrcuma, streptococcus thermophilus, lactobacillus bulgaricus"],"ean":"5411188093510"},{"full_name":"PROVAMEL Bio postre de soja ecológico sabor coco zero azúcares bote 532 g","name":"Bio postre de soja ecológico sabor coco zero azúcares bote 532 g","brand":"PROVAMEL ","img":"https://sgfm.elcorteingles.es/SGFM/dctm/MEDIA03/201702/03/00120771703889____1__600x600.jpg","price":"3,98 €","price_unit":"(7,48 € / Kilo)","categories":["Supermercado","Dietéticos","Alimentación básica dietética","Yogures y postres de soja","PROVAMEL Bio postre de soja ecológico sabor coco zero azúcares bote 532 g"],"general_information":["Denominación del alimento: PREPARADO VEGETAL DE SOJA COCO BIO","Nombre del operador: CASA SANTIVERI S.L.","Dirección del operador: ENCUNY 8, 08038 BARCELONA","Cantidad Neta: 500 g"],"ingredients":[" agua, HABAS DE SOJA ECOLÓGICA (7,8%), agua de coco ecológico (4,5%), pectina (estabilizador), almidón de maíz, aroma natural, sal marina, ácido cítrico (corrector de acidez), ácido málico (corrector de acidez), streptococcus thermophilus, lactobacillus bulgaricus"],"ean":"5411188119340"},{"full_name":"PROVAMEL Bio postre de soja ecológico sabor fresa envase 500 g","name":"Bio postre de soja ecológico sabor fresa envase 500 g","brand":"PROVAMEL ","img":"https://sgfm.elcorteingles.es/SGFM/dctm/MEDIA03/201702/03/00120771702469____1__600x600.jpg","price":"3,89 €","price_unit":"(7,78 € / Kilo)","categories":["Supermercado","Dietéticos","Alimentación básica dietética","Yogures y postres de soja","PROVAMEL Bio postre de soja ecológico sabor fresa envase 500 g"],"general_information":["Denominación del alimento: PREPARADO VEGETAL DE SOJA FRESA BIO","Nombre del operador: CASA SANTIVERI S.L.","Dirección del operador: ENCUNY 8, 08038 BARCELONA","Cantidad Neta: 500 g"],"ingredients":[" agua, azúcar de caña integral ecológico, HABAS DE SOJA ECOLÓGICA (7,2%), fresas ecológicas (3,8%), zumo concentrado de fresa ecológica (2,9%), pectina (estabilizador), zumo concentrado de zanahoria ecológica, zumo concentrado de manzana ecológica, zumo concentrado de grosella negra ecológica, zumo concentrado de remolacha roja ecológica, ácido cítrico (corrector de acidez), aroma natural, sal marina, lactobacillus bulgaricus, streptococcus thermophilus"],"ean":"5411188091325"},{"full_name":"PROVAMEL Bio postre de soja ecológico sabor lima, limón y melisa envase 500 g","name":"Bio postre de soja ecológico sabor lima, limón y melisa envase 500 g","brand":"PROVAMEL ","img":"https://sgfm.elcorteingles.es/SGFM/dctm/MEDIA03/201702/03/00120771702089____1__600x600.jpg","price":"4,07 €","price_unit":"(8,14 € / Kilo)","categories":["Supermercado","Dietéticos","Alimentación básica dietética","Yogures y postres de soja","PROVAMEL Bio postre de soja ecológico sabor lima, limón y melisa envase 500 g"],"general_information":["Denominación del alimento: PREPARADO VEGETAL DE SOJA LIMA Y ME","Nombre del operador: CASA SANTIVERI S.L.","Dirección del operador: ENCUNY 8, 08038 BARCELONA","Cantidad Neta: 500 g"],"ingredients":[" agua, azúcar de caña integral ecológico, HABAS DE SOJA ECOLÓGICA (7%), zumo de lima ecológica (1%), pectina (estabilizador), almidón de maíz, sal marina, ácido cítrico (corrector de acidez), aceite de limón ecológico, extracto de melisa ecológica (,02%), lactobacillus bulgaricus, streptococcus thermophilus"],"ean":"5411188105268"}]