[{"full_name":"PAZO DE USIA aguardiente de orujo botella 70 cl","name":"aguardiente de orujo botella 70 cl","brand":"PAZO DE USIA ","img":"https://sgfm.elcorteingles.es/SGFM/01/45/3/0118727201453/0118727201453000g01011.jpg","price":"8,46 €","price_unit":"(12,09 € / Litro)","categories":["Supermercado","Bebidas","Licores y Alcoholes","Anis licores y cremas","Aguardiente y orujo","PAZO DE USIA aguardiente de orujo botella 70 cl"],"general_information":["Denominación del alimento: AGUARDIENTE DE ORUJO","Nombre del operador: Embotellado para \nel Grupo El Corte Inglés\nHermosilla 112 - Madrid\nR.E.1154-OU\nEspaña","Lugar de procedencia del alimento: PRODUCTO DE ESPAÑA"],"ingredients":[],"ean":"8433329025256"},{"full_name":"COTERON aguardiente de orujo botella 70 cl","name":"aguardiente de orujo botella 70 cl","brand":"COTERON ","img":"https://sgfm.elcorteingles.es/SGFM/00/17/3/0200627200173/0200627200173000g01011.jpg","price":"13,25 €","categories":["Supermercado","Bebidas","Licores y Alcoholes","Anis licores y cremas","Aguardiente y orujo","COTERON aguardiente de orujo botella 70 cl"],"general_information":["Denominación del alimento: Aguardiente de Orujo","Nombre del operador: Comercial Rafael Lopez Alonso, S.L.","Dirección del operador: Nueva Montana, Santander, 39011, Cantabria","Cantidad Neta: 70,0 Centilitros","Porcentaje de alcohol: 50,0%"],"ingredients":[" Aguardiente de Orujo (50% Vol.)"],"ean":"8423312000056"},{"full_name":"EL COTERÓN orujo a la miel botella 70 cl","name":"orujo a la miel botella 70 cl","brand":"EL COTERÓN ","img":"https://sgfm.elcorteingles.es/SGFM/00/19/9/0200627200199/0200627200199000g01011.jpg","price":"12,93 €","categories":["Supermercado","Bebidas","Licores y Alcoholes","Anis licores y cremas","Aguardiente y orujo","EL COTERÓN orujo a la miel botella 70 cl"],"general_information":["Denominación del alimento: Licor de Orujo con Miel","Nombre del operador: Comercial Rafael Lopez Alonso, S.L.","Dirección del operador: Nueva Montana, Santander, 39011, Cantabria","Cantidad Neta: 70,0 Centilitros","Porcentaje de alcohol: 30,0%"],"ingredients":[" Aguardiente de Orujo y miel (30% vol.)"],"ean":"8423312000148"},{"full_name":"SIERRA DEL OSO aguardiente de orujo botella 70 cl","name":"aguardiente de orujo botella 70 cl","brand":"SIERRA DEL OSO ","img":"https://sgfm.elcorteingles.es/SGFM/dctm/MEDIA03/201606/30/00118727201636____1__600x600.jpg","price":"14,58 €            ","price_unit":"(19,50 € / Litro)","categories":["Supermercado","Bebidas","Licores y Alcoholes","Anis licores y cremas","Aguardiente y orujo","SIERRA DEL OSO aguardiente de orujo botella 70 cl"],"general_information":["Denominación del alimento: Aguardiente de Orujo","Nombre del operador: Orujo de Potes S.L.","Dirección del operador: c/ Riega de la Iglesia, 39585 ojedo, C. de liesbana, Cantabría, España","Cantidad Neta: 70 Centilitros","Porcentaje de alcohol: 47%"],"ingredients":[],"ean":"8437001523016"},{"full_name":"SIERRA DEL OSO licor té del puerto con orujo botella 70 cl","name":"licor té del puerto con orujo botella 70 cl","brand":"SIERRA DEL OSO ","img":"https://sgfm.elcorteingles.es/SGFM/dctm/MEDIA02/CONTENIDOS/201601/08/00118722801653____1__600x600.jpg","price":"14,79 €","categories":["Supermercado","Bebidas","Licores y Alcoholes","Anis licores y cremas","Aguardiente y orujo","SIERRA DEL OSO licor té del puerto con orujo botella 70 cl"],"general_information":["Cantidad Neta: 70 cl"],"ingredients":[],"ean":"8437001523993"},{"full_name":"EL AFILADOR aguardiente de orujo tradicional botella 70 cl","name":"aguardiente de orujo tradicional botella 70 cl","brand":"EL AFILADOR ","img":"https://sgfm.elcorteingles.es/SGFM/dctm/MEDIA03/201710/18/00118727200851____1__600x600.jpg","price":"9,81 €","price_unit":"(14,01 € / Litro)","categories":["Supermercado","Bebidas","Licores y Alcoholes","Anis licores y cremas","Aguardiente y orujo","EL AFILADOR aguardiente de orujo tradicional botella 70 cl"],"general_information":["Denominación del alimento: Orujo","País de origen: España","Nombre del operador: Zamora Distribuciones de Bebidas S.L.U.","Dirección del operador: C/ Silicio s/n-Pgno Ind. Los Camachos. 30369 Cartagena","Cantidad Neta: 70 Centilitros","Porcentaje de alcohol: 40%"],"ingredients":[" Aguardiente de Orujo y agua"],"ean":"8410978015005"},{"full_name":"LOS PRIETOS aguardiente botella 1 l","name":"aguardiente botella 1 l","brand":"LOS PRIETOS ","img":"https://sgfm.elcorteingles.es/SGFM/00/11/7/0118727200117/0118727200117000g01011.jpg","price":"9,86 €","price_unit":"(9,86 € / Litro)","categories":["Supermercado","Bebidas","Licores y Alcoholes","Anis licores y cremas","Aguardiente y orujo","LOS PRIETOS aguardiente botella 1 l"],"general_information":["Denominación del alimento: Aguardiente","País de origen: España","Nombre del operador: Los Prietos C.B.","Dirección del operador: Crta. León, s/n - 24230 Valdevimbre (León)","Cantidad Neta: 1 Litros","Porcentaje de alcohol: 40%","Otras menciones obligatorias en la etiqueta: Destilado de orujos de uva /  R.S.30.002790/LE"],"ingredients":[" Aguardiente"],"ean":"8420637000112"},{"full_name":"FERNET BRANCA aguardiente botella 70 cl","name":"aguardiente botella 70 cl","brand":"FERNET BRANCA ","img":"https://sgfm.elcorteingles.es/SGFM/00/14/1/0118727200141/0118727200141000g01011.jpg","price":"14,87 €","price_unit":"(21,24 € / Litro)","categories":["Supermercado","Bebidas","Licores y Alcoholes","Anis licores y cremas","Aguardiente y orujo","FERNET BRANCA aguardiente botella 70 cl"],"general_information":["Cantidad Neta: 70 cl"],"ingredients":[],"ean":"8004400001027"},{"full_name":"MAR DE FRADES orujo de Albariño de Galicia botella 70 cl","name":"orujo de Albariño de Galicia botella 70 cl","brand":"MAR DE FRADES ","img":"https://sgfm.elcorteingles.es/SGFM/01/37/0/0118727201370/0118727201370000g01011.jpg","price":"16,53 €","price_unit":"(23,61 € / Litro)","categories":["Supermercado","Bebidas","Licores y Alcoholes","Anis licores y cremas","Aguardiente y orujo","MAR DE FRADES orujo de Albariño de Galicia botella 70 cl"],"general_information":["Denominación del alimento: Orujo","País de origen: España","Nombre del operador: Zamora Distribuciones de Bebidas S.L.U.","Dirección del operador: C/ Silicio s/n-Pgno Ind. Los Camachos. 30369 Cartagena","Cantidad Neta: 70 Centilitros","Porcentaje de alcohol: 40%","Tipo de uva: Albariño","Notas de cata Color blanco brillante, aromas frescos a pieles de frutas maduras y sustancias aromáticas volátiles, ligero rosario en copa, lleno en boca. Untuoso, con marcada sensación de calidez, que le confiere amplitud y personalidad."],"ingredients":[" Aguardiente blanco estable"],"conservation":" Temperatura constante, no superior a 15ºC.","ean":"8436024581027"},{"full_name":"RUAVIEJA aguardiente de orujo de Galicia botella 70 cl","name":"aguardiente de orujo de Galicia botella 70 cl","brand":"RUAVIEJA ","img":"https://sgfm.elcorteingles.es/SGFM/dctm/MEDIA03/201609/20/00118727200331____1__600x600.jpg","price":"12,93 €","price_unit":"(18,47 € / Litro)","categories":["Supermercado","Bebidas","Licores y Alcoholes","Anis licores y cremas","Aguardiente y orujo","RUAVIEJA aguardiente de orujo de Galicia botella 70 cl"],"general_information":["Denominación del alimento: Aguardiente De Orujo","País de origen: España","Nombre del operador: Pernod Ricard España","Dirección del operador: Avda. José Ortega y Gasset, 201 ? 5ª Planta   29006 MALAGA","Cantidad Neta: 70 Centilitros","Porcentaje de alcohol: 42%","Otras menciones obligatorias en la etiqueta: No contiene ninguna de las sustancias o productos que causan alergias o intolerancias recogidos en el anexo II del Reglamento 1169/2011. Nuestros productos están etiquetados de acuerdo a las reglas legales y de mercado sobre etiquetado de bebidas espirituosas","Notas de cata Se diferencia de otros por su intenso\naroma, su color cristalino y su sabor ligeramente dulce ."],"ingredients":[],"conservation":" Conservar alejada de luces intensas y en lugares con temperatura fresca y constante, en posición vertical.","ean":"8412006101155"},{"full_name":"ABADIA DA COVA orujo de Galicia botella 70 cl","name":"orujo de Galicia botella 70 cl","brand":"ABADIA DA COVA ","img":"https://sgfm.elcorteingles.es/SGFM/00/28/1/0118727200281/0118727200281000g01011.jpg","price":"16,39 €","price_unit":"(23,41 € / Litro)","categories":["Supermercado","Bebidas","Licores y Alcoholes","Anis licores y cremas","Aguardiente y orujo","ABADIA DA COVA orujo de Galicia botella 70 cl"],"general_information":["Denominación del alimento: Orujo de Galicia","Nombre del operador: Adegas Moure","Dirección del operador: Av. Buenos Aires, 12 - 27540 Escairón (Lugo)","Lugar de procedencia del alimento: D.O. Galicia","Cantidad Neta: 700,0 Mililitros","Porcentaje de alcohol: 45,0%"],"ingredients":[],"ean":"8422251520007"},{"full_name":"SIERRA DEL OSO licor de orujo a la miel botella 70 cl","name":"licor de orujo a la miel botella 70 cl","brand":"SIERRA DEL OSO ","img":"https://sgfm.elcorteingles.es/SGFM/00/67/0/0200622800670/0200622800670000g01011.jpg","price":"14,84 €","price_unit":"(21,20 € / Litro)","categories":["Supermercado","Bebidas","Licores y Alcoholes","Anis licores y cremas","Aguardiente y orujo","SIERRA DEL OSO licor de orujo a la miel botella 70 cl"],"general_information":["Cantidad Neta: 70 cl"],"ingredients":[],"ean":"8423312000131"},{"full_name":"LOS PICOS licor de orujo a la miel botella 70 cl","name":"licor de orujo a la miel botella 70 cl","brand":"LOS PICOS ","img":"https://sgfm.elcorteingles.es/SGFM/dctm/MEDIA02/CONTENIDOS/201601/25/00118727201073____1__600x600.jpg","price":"14,00 €","price_unit":"(20 € / Litro)","categories":["Supermercado","Bebidas","Licores y Alcoholes","Anis licores y cremas","Aguardiente y orujo","LOS PICOS licor de orujo a la miel botella 70 cl"],"general_information":["Denominación del alimento: Licor de miel","Nombre del operador: Orujo de Liébana S.A","Dirección del operador: Calle Concha Espina, 8E bajo (39012 - Santander, Cantabria)","Lugar de procedencia del alimento: Cantabria","Cantidad Neta: 0.7 Litros","Porcentaje de alcohol: 30%"],"ingredients":[" Licor de miel y azúcar"],"ean":"8426105000059"},{"full_name":"1615 pisco puro quebranta botella 70 cl","name":"pisco puro quebranta botella 70 cl","brand":"1615 ","img":"https://sgfm.elcorteingles.es/SGFM/dctm/MEDIA02/CONTENIDOS/201408/28/00118727201727____1__600x600.jpg","price":"21,34 €            ","price_unit":"(28,50 € / Litro)","categories":["Supermercado","Bebidas","Licores y Alcoholes","Anis licores y cremas","Aguardiente y orujo","1615 pisco puro quebranta botella 70 cl"],"general_information":["Cantidad Neta: 70 cl"],"ingredients":[],"ean":"7752309000030"},{"full_name":"1615 pisco puro acholado botella 70 cl","name":"pisco puro acholado botella 70 cl","brand":"1615 ","img":"https://sgfm.elcorteingles.es/SGFM/dctm/MEDIA03/201608/29/00118727201818____1__600x600.jpg","price":"24,60 €            ","price_unit":"(28,50 € / Litro)","categories":["Supermercado","Bebidas","Licores y Alcoholes","Anis licores y cremas","Aguardiente y orujo","1615 pisco puro acholado botella 70 cl"],"general_information":["Cantidad Neta: 70 cl"],"ingredients":[],"ean":"7752309000078"},{"full_name":"ALQUITARA DEL OBISPO aguardiente de manzana botella 50 cl","name":"aguardiente de manzana botella 50 cl","brand":"ALQUITARA DEL OBISPO ","img":"https://sgfm.elcorteingles.es/SGFM/dctm/MEDIA02/CONTENIDOS/201509/10/00118727200661____1__600x600.jpg","price":"22,00 €","price_unit":"(44 € / Litro)","categories":["Supermercado","Bebidas","Licores y Alcoholes","Anis licores y cremas","Aguardiente y orujo","ALQUITARA DEL OBISPO aguardiente de manzana botella 50 cl"],"general_information":["Cantidad Neta: 50 cl"],"ingredients":[],"ean":"8437005466005"},{"full_name":"PIAVE Grappa aguardiente Coure botella 70 cl","name":"Grappa aguardiente Coure botella 70 cl","brand":"PIAVE ","img":"https://sgfm.elcorteingles.es/SGFM/dctm/MEDIA02/CONTENIDOS/201507/23/00118727201768____1__600x600.jpg","price":"20,88 €","price_unit":"(29,83 € / Litro)","categories":["Supermercado","Bebidas","Licores y Alcoholes","Anis licores y cremas","Aguardiente y orujo","PIAVE Grappa aguardiente Coure botella 70 cl"],"general_information":["Cantidad Neta: 70 cl"],"ingredients":[],"ean":"8001530001187"},{"full_name":"PIRASSUNUNGA 51 cachaça de Brasil botella 70 cl","name":"51 cachaça de Brasil botella 70 cl","brand":"PIRASSUNUNGA ","img":"https://sgfm.elcorteingles.es/SGFM/01/46/1/0118727201461/0118727201461000g01011.jpg","price":"10,46 €","price_unit":"(14,94 € / Litro)","categories":["Supermercado","Bebidas","Licores y Alcoholes","Anis licores y cremas","Aguardiente y orujo","PIRASSUNUNGA 51 cachaça de Brasil botella 70 cl"],"general_information":["Denominación del alimento: Aguardiente de Caña de azúcar","Nombre del operador: Marie Brizard Wine & Spirits España, S.A.","Dirección del operador: C/ Capitán Haya, 56 ? Bajo. 28020  Madrid","Cantidad Neta: 70 Centilitros","Porcentaje de alcohol: 40%"],"ingredients":[" Destilado de caña de azúcar, azúcar de caña, agua"],"conservation":" Conservar en un lugar fresco y seco. Evitar la exposición directa del sol.","ean":"7896002100441"},{"full_name":"ANTIOQUEÑO aguardiente blanco sin azúcar botella 70 cl","name":"aguardiente blanco sin azúcar botella 70 cl","brand":"ANTIOQUEÑO ","img":"https://sgfm.elcorteingles.es/SGFM/dctm/MEDIA02/CONTENIDOS/201410/08/00118727201743____1__600x600.jpg","price":"11,48 €","price_unit":"(16,40 € / Litro)","categories":["Supermercado","Bebidas","Licores y Alcoholes","Anis licores y cremas","Aguardiente y orujo","ANTIOQUEÑO aguardiente blanco sin azúcar botella 70 cl"],"general_information":["Denominación del alimento: Aguardiente Antioqueño","País de origen: Colombia","Nombre del operador: GRUPO UNIVERSAL BEVERAGE S.A.","Dirección del operador: Juan de Áustria 49 - 08005 Barcelona (España)","Lugar de procedencia del alimento: Colombia","Cantidad Neta: 700,0 g","Porcentaje de alcohol: 29,0%","Otras menciones obligatorias en la etiqueta: Aguardiente antioqueño. SIN AZÚCAR AÑADIDO. Producto de Colombia para exportación. PROHÍBASE EL EXPENDIO DE BEBIDAS EMBRIAGANTES A MENORES DE EDAD. EL EXCESO DE ALCOHOL ES PERJUDICIAL PARA LA SALUD. BEBIDA ESPIRITUOSA ANISADA. SIN AZÚCAR AÑADIDO."],"ingredients":[" Destilado de caña de azúcar, agua purificada y escencias naturales de anis (sin azúcar añadido)."],"ean":"7702049001194"},{"full_name":"CARIOCA aguardiente blanco botella 70 cl","name":"aguardiente blanco botella 70 cl","brand":"CARIOCA ","img":"https://sgfm.elcorteingles.es/SGFM//01/70/1/0118727201701/0118727201701000g01011.jpg","price":"8,75 €","price_unit":"(12,50 € / Litro)","categories":["Supermercado","Bebidas","Licores y Alcoholes","Anis licores y cremas","Aguardiente y orujo","CARIOCA aguardiente blanco botella 70 cl"],"general_information":["Cantidad Neta: 70 cl"],"ingredients":[],"ean":"8428622000499"},{"full_name":"MONSERRAT licor de ratafia botella 70 cl","name":"licor de ratafia botella 70 cl","brand":"MONSERRAT ","img":"https://sgfm.elcorteingles.es/SGFM/dctm/MEDIA03/201610/07/00118722801745____1__600x600.jpg","price":"14,17 €","price_unit":"(20,24 € / Litro)","categories":["Supermercado","Bebidas","Licores y Alcoholes","Anis licores y cremas","Aguardiente y orujo","MONSERRAT licor de ratafia botella 70 cl"],"general_information":["Denominación del alimento: Bebida Espirituosa. Licor","País de origen: España","Nombre del operador: Bodegas Osborne, S.A.U.","Dirección del operador: C/Fernan Caballero, 7 - 11500 El Puerto de Santa María (Cádiz)","Cantidad Neta: 70 Centilitros","Porcentaje de alcohol: 26%","Otras menciones obligatorias en la etiqueta: Licor Ratafia de Montserrat","Notas de cata Por la maceración hidroalcohólica de nueces verdes y plantas aromáticas envejecidas de foma natural en barricas de roble, nace este licor dulce, de sabor muy característico, legado de las centenarias masías catalanas.","Gastronomía-Platos recomendados Ideal para acompañar postres y dulces."],"ingredients":[],"ean":"8412830070153"},{"full_name":"YPIOCA cachaça plata aguardiente de caña de Brasil botella 1 l","name":"cachaça plata aguardiente de caña de Brasil botella 1 l","brand":"YPIOCA ","img":"https://sgfm.elcorteingles.es/SGFM/01/48/7/0118727201487/0118727201487000g01011.jpg","price":"16,85 €","categories":["Supermercado","Bebidas","Licores y Alcoholes","Anis licores y cremas","Aguardiente y orujo","YPIOCA cachaça plata aguardiente de caña de Brasil botella 1 l"],"general_information":["Cantidad Neta: 1 l"],"ingredients":[],"ean":"7896383700049"},{"full_name":"BLANCO DEL VALLE aguardiente blanco sin azúcar botella 70 cl","name":"aguardiente blanco sin azúcar botella 70 cl","brand":"BLANCO DEL VALLE ","img":"https://sgfm.elcorteingles.es/SGFM/dctm/MEDIA02/CONTENIDOS/201505/05/00118727201750____1__600x600.jpg","price":"10,87 €","price_unit":"(15,53 € / Litro)","categories":["Supermercado","Bebidas","Licores y Alcoholes","Anis licores y cremas","Aguardiente y orujo","BLANCO DEL VALLE aguardiente blanco sin azúcar botella 70 cl"],"general_information":["Cantidad Neta: 70 cl"],"ingredients":[],"ean":"7702055001065"},{"full_name":"DEMONIO DE LOS ANDES pisco acholado aguardiente Tacama botella 70 cl","name":"pisco acholado aguardiente Tacama botella 70 cl","brand":"DEMONIO DE LOS ANDES ","img":"https://sgfm.elcorteingles.es/SGFM/dctm/MEDIA02/CONTENIDOS/201406/17/00118727201719____1__600x600.jpg","price":"22,41 €","categories":["Supermercado","Bebidas","Licores y Alcoholes","Anis licores y cremas","Aguardiente y orujo","DEMONIO DE LOS ANDES pisco acholado aguardiente Tacama botella 70 cl"],"general_information":["Cantidad Neta: 70 cl"],"ingredients":[],"ean":"7750359000062"},{"full_name":"ANTIOQUEÑO aguardiente blanco botella 70 cl","name":"aguardiente blanco botella 70 cl","brand":"ANTIOQUEÑO ","img":"https://sgfm.elcorteingles.es/SGFM/dctm/MEDIA02/CONTENIDOS/201410/08/00118727201735____1__600x600.jpg","price":"10,55 €","price_unit":"(15,07 € / Litro)","categories":["Supermercado","Bebidas","Licores y Alcoholes","Anis licores y cremas","Aguardiente y orujo","ANTIOQUEÑO aguardiente blanco botella 70 cl"],"general_information":["Denominación del alimento: Aguardiente Antioqueño","País de origen: Colombia","Nombre del operador: GRUPO UNIVERSAL BEVERAGE S.A.","Dirección del operador: C/ Joan de Austria Nº 49, L1","Lugar de procedencia del alimento: Colombia","Cantidad Neta: 700 g","Porcentaje de alcohol: 29.0%","Otras menciones obligatorias en la etiqueta: Aguardiente antioqueño. Bebida espirituosa anisada. PRODUCTO DE COLOMBIA PARA EXPORTACIÓN."],"ingredients":[" Destilado de caña de azúcar, agua purificada y escencias naturales de anis."],"ean":"7702049000364"},{"full_name":"L'AYERAN orujo a la miel botella 75 cl","name":"orujo a la miel botella 75 cl","brand":"L'AYERAN ","img":"https://sgfm.elcorteingles.es/SGFM/dctm/MEDIA02/CONTENIDOS/201507/30/00200627200330____1__600x600.jpg","price":"15,88 €","price_unit":"(21,17 € / Litro)","categories":["Supermercado","Bebidas","Licores y Alcoholes","Anis licores y cremas","Aguardiente y orujo","L'AYERAN orujo a la miel botella 75 cl"],"general_information":["Denominación del alimento: Licor  Miel","Nombre del operador: Distribuciones Sabores Alleranos, S.L.","Dirección del operador: Carretera General nº1, 33685 Aller, Asturias.","Cantidad Neta: 700 Mililitros"],"ingredients":[" Miel de castaño, miel de brezo y aguardiente de orujo."],"conservation":" Consérvese en lugar fresco y seco.","ean":"8437000536055"},{"full_name":"BARDINET aguardiente Kirsch botella 70 cl","name":"aguardiente Kirsch botella 70 cl","brand":"BARDINET ","img":"https://sgfm.elcorteingles.es/SGFM/00/23/2/0118727200232/0118727200232000g01011.jpg","price":"9,87 €","price_unit":"(14,10 € / Litro)","categories":["Supermercado","Bebidas","Licores y Alcoholes","Anis licores y cremas","Aguardiente y orujo","BARDINET aguardiente Kirsch botella 70 cl"],"general_information":["Cantidad Neta: 70 cl"],"ingredients":[],"ean":"8410490070506"},{"full_name":"MASCARO Marc aguardiente de orujo botella 70 cl","name":"Marc aguardiente de orujo botella 70 cl","brand":"MASCARO ","img":"https://sgfm.elcorteingles.es/SGFM/dctm/MEDIA03/201710/26/00118727202014____1__600x600.jpg","price":"22,35 €","categories":["Supermercado","Bebidas","Licores y Alcoholes","Anis licores y cremas","Aguardiente y orujo","MASCARO Marc aguardiente de orujo botella 70 cl"],"general_information":["Denominación del alimento: Orujo","País de origen: España","Nombre del operador: Cavas Mascaro S.A.U.","Dirección del operador: C/ Casal, 9 - 08720 Vilafranca del Penedés","Cantidad Neta: 70 Centilitros","Porcentaje de alcohol: 42%"],"ingredients":[],"ean":"8423426000072"},{"full_name":"TERRANIA licor de ratafia botella 70 cl","name":"licor de ratafia botella 70 cl","brand":"TERRANIA ","img":"https://sgfm.elcorteingles.es/SGFM/dctm/MEDIA02/CONTENIDOS/201503/27/00118722801554____1__600x600.jpg","price":"19,70 €","price_unit":"(28,14 € / Litro)","categories":["Supermercado","Bebidas","Licores y Alcoholes","Anis licores y cremas","Aguardiente y orujo","TERRANIA licor de ratafia botella 70 cl"],"general_information":["Cantidad Neta: 70 cl"],"ingredients":[],"ean":"8429144666668"},{"full_name":"PICOS DE CABARIEZO aguardiente de orujo de Liébana botella 70 cl","name":"aguardiente de orujo de Liébana botella 70 cl","brand":"PICOS DE CABARIEZO ","img":"https://sgfm.elcorteingles.es/SGFM/dctm/MEDIA02/CONTENIDOS/201411/21/00200627200900____1__600x600.jpg","price":"17,26 €","price_unit":"(24,66 € / Litro)","categories":["Supermercado","Bebidas","Licores y Alcoholes","Anis licores y cremas","Aguardiente y orujo","PICOS DE CABARIEZO aguardiente de orujo de Liébana botella 70 cl"],"general_information":["Cantidad Neta: 70 cl"],"ingredients":[],"ean":"8437008503301"},{"full_name":"NONINO aguardiente grappa friulana botella 70 cl","name":"aguardiente grappa friulana botella 70 cl","brand":"NONINO ","img":"https://sgfm.elcorteingles.es/SGFM/dctm/MEDIA03/201706/13/00118727201875____1__600x600.jpg","price":"31,64 €","price_unit":"(45,20 € / Litro)","categories":["Supermercado","Bebidas","Licores y Alcoholes","Anis licores y cremas","Aguardiente y orujo","NONINO aguardiente grappa friulana botella 70 cl"],"general_information":["Cantidad Neta: 70 cl"],"ingredients":[],"ean":"8002092000069"},{"full_name":"MARIE BRIZARD anís dulce botella 1 l","name":"anís dulce botella 1 l","brand":"MARIE BRIZARD ","img":"https://sgfm.elcorteingles.es/SGFM/dctm/MEDIA03/201701/16/00118775400056____1__600x600.jpg","price":"8,40 €            ","categories":["Supermercado","Bebidas","Licores y Alcoholes","Anis licores y cremas","Anís","MARIE BRIZARD anís dulce botella 1 l"],"general_information":["Denominación del alimento: Bebida espirituosa Anisada- Anisette","Nombre del operador: Marie Brizard Wine & Spirits España, S.A.","Dirección del operador: C/ Capitán Haya, 56 ? Bajo. 28020  Madrid","Cantidad Neta: 100 Centilitros","Porcentaje de alcohol: 25%"],"ingredients":[" Azúcar, agua, alcohol, extracto natural de anís verde, extractos naturales de plantas y cítricos."],"conservation":" Conservar en un lugar fresco y seco. Evitar la exposición directa del sol.","ean":"8410643001234"},{"full_name":"CASTELLANA anis dulce botella 70 cl","name":"anis dulce botella 70 cl","brand":"CASTELLANA ","img":"https://sgfm.elcorteingles.es/SGFM/dctm/MEDIA02/CONTENIDOS/201504/10/00118775400460____1__600x600.jpg","price":"7,25 €","price_unit":"(10,36 € / Litro)","categories":["Supermercado","Bebidas","Licores y Alcoholes","Anis licores y cremas","Anís","CASTELLANA anis dulce botella 70 cl"],"general_information":["Denominación del alimento: Anis","Nombre del operador: Maxxium España, S.L","Dirección del operador: C/ Mahonia, 2 - 28043 Madrid","Cantidad Neta: 70 Centilitros","Porcentaje de alcohol: 35%"],"ingredients":[],"ean":"8411144100303"},{"full_name":"ANIS DEL MONO anís dulce botella 70 cl","name":"anís dulce botella 70 cl","brand":"ANIS DEL MONO ","img":"https://sgfm.elcorteingles.es/SGFM/00/35/3/0118775400353/0118775400353000g01011.jpg","price":"8,09 €            ","price_unit":"(10,93 € / Litro)","categories":["Supermercado","Bebidas","Licores y Alcoholes","Anis licores y cremas","Anís","ANIS DEL MONO anís dulce botella 70 cl"],"general_information":["Denominación del alimento: Anis Dulce","País de origen: España","Nombre del operador: Osborne Distribuidora, S.A.","Dirección del operador: C/E. Maristany, 115 - Badalona -España","Cantidad Neta: 70 Centilitros","Porcentaje de alcohol: 35%"],"ingredients":[],"ean":"8410337219082"},{"full_name":"ANIS DEL MONO anís dulce botella 1 l","name":"anís dulce botella 1 l","brand":"ANIS DEL MONO ","img":"https://sgfm.elcorteingles.es/SGFM/dctm/MEDIA03/201703/09/00118775400494____1__600x600.jpg","price":"10,64 €            ","categories":["Supermercado","Bebidas","Licores y Alcoholes","Anis licores y cremas","Anís","ANIS DEL MONO anís dulce botella 1 l"],"general_information":["Cantidad Neta: 1 l"],"ingredients":[],"ean":"8410337222020"},{"full_name":"LA ASTURIANA anís dulce botella 1 l","name":"anís dulce botella 1 l","brand":"LA ASTURIANA ","img":"https://sgfm.elcorteingles.es/SGFM/00/07/2/0118775400072/0118775400072000g01011.jpg","price":"9,69 €","price_unit":"(9,69 € / Litro)","categories":["Supermercado","Bebidas","Licores y Alcoholes","Anis licores y cremas","Anís","LA ASTURIANA anís dulce botella 1 l"],"general_information":["Denominación del alimento: Licor de anís","Nombre del operador: Hjos de Francisco Serrano, S.A","Dirección del operador: C/Valencia, 56 -45800 Quintanar de la Orden (Toledo)","Cantidad Neta: 1,0 Litros","Porcentaje de alcohol: 36,5%"],"ingredients":[],"ean":"8411172100016"},{"full_name":"CLAVEL anís dulce de cazalla botella 1 l","name":"anís dulce de cazalla botella 1 l","brand":"CLAVEL ","img":"https://sgfm.elcorteingles.es/SGFM/00/11/4/0118775400114/0118775400114000g01011.jpg","price":"12,31 €","price_unit":"(12,31 € / Litro)","categories":["Supermercado","Bebidas","Licores y Alcoholes","Anis licores y cremas","Anís","CLAVEL anís dulce de cazalla botella 1 l"],"general_information":["Denominación del alimento: Anis Dulce","Nombre del operador: Alquitaras de Cazalla SL","Dirección del operador: C/San Benito 8, 41370 Cazalla de la Sierra (Sevilla)","Cantidad Neta: 1 Litros","Porcentaje de alcohol: 35%"],"ingredients":[" Alcohol de melaza 100% destilado con anis en grano (Matalahúga), agua descalcificada y azúcar líquida."],"ean":"8412715122205"},{"full_name":"MOLINARI Sambuca anís extra botella 70 cl","name":"Sambuca anís extra botella 70 cl","brand":"MOLINARI ","img":"https://sgfm.elcorteingles.es/SGFM/dctm/MEDIA02/CONTENIDOS/201505/26/00118775400452____1__600x600.jpg","price":"15,72 €","price_unit":"(22,46 € / Litro)","categories":["Supermercado","Bebidas","Licores y Alcoholes","Anis licores y cremas","Anís","MOLINARI Sambuca anís extra botella 70 cl"],"general_information":["Denominación del alimento: Licor","Nombre del operador: Spirit and Brands S.L.","Dirección del operador: Paseo de Gracia, 103  4º planta - 08008 Barcelona","Cantidad Neta: 70 Centilitros","Porcentaje de alcohol: 40%"],"ingredients":[],"ean":"8002095100001"},{"full_name":"LAS CADENAS anís dulce botella 1 l","name":"anís dulce botella 1 l","brand":"LAS CADENAS ","img":"https://sgfm.elcorteingles.es/SGFM/00/21/3/0118775400213/0118775400213000g01011.jpg","price":"16,54 €","price_unit":"(16,54 € / Litro)","categories":["Supermercado","Bebidas","Licores y Alcoholes","Anis licores y cremas","Anís","LAS CADENAS anís dulce botella 1 l"],"general_information":["Denominación del alimento: Anís","Nombre del operador: Hijos de Pablo Esparza,Bod.Navarras","Dirección del operador: Avenida Serapio Huici, 1. Villava - Navarra","Cantidad Neta: 1 Litros","Porcentaje de alcohol: 36%","Otras menciones obligatorias en la etiqueta: De finísimo paladar"],"ingredients":[],"ean":"8411183187204"},{"full_name":"ZURITO PEPE LUIS VAZQUEZ anís dulce botella 1 l","name":"anís dulce botella 1 l","brand":"ZURITO PEPE LUIS VAZQUEZ ","img":"https://sgfm.elcorteingles.es/SGFM/00/39/5/0118775400395/0118775400395000g01011.jpg","price":"6,29 €","price_unit":"(6,29 € / Litro)","categories":["Supermercado","Bebidas","Licores y Alcoholes","Anis licores y cremas","Anís","ZURITO PEPE LUIS VAZQUEZ anís dulce botella 1 l"],"general_information":["Denominación del alimento: ANIS DULCE DESTILADO","Nombre del operador: Embotellado para el Grupo El Corte Inglés\nHermosilla 112 - 28009 Madrid - España por \nBODEGAS Y DESTILERIAS DEL SUR S.A.\nR.E.161/CO","Lugar de procedencia del alimento: PRODUCTO DE ESPAÑA"],"ingredients":[],"ean":"8433329025805"},{"full_name":"ZURITO PEPE LUIS VAZQUEZ anís seco botella 1 l","name":"anís seco botella 1 l","brand":"ZURITO PEPE LUIS VAZQUEZ ","img":"https://sgfm.elcorteingles.es/SGFM/00/40/3/0118775400403/0118775400403000g01011.jpg","price":"7,82 €","price_unit":"(7,82 € / Litro)","categories":["Supermercado","Bebidas","Licores y Alcoholes","Anis licores y cremas","Anís","ZURITO PEPE LUIS VAZQUEZ anís seco botella 1 l"],"general_information":["Denominación del alimento: ANIS SECO DESTILADO","Nombre del operador: Embotellado para el Grupo El Corte Inglés\nHermosilla 112 - 28009 Madrid - España por \nBODEGAS Y DESTILERIAS DEL SUR S.A.\nR.E.161/CO","Lugar de procedencia del alimento: PRODUCTO DE ESPAÑA"],"ingredients":[],"ean":"8433329025799"},{"full_name":"CHINCHON anís dulce botella 70 cl","name":"anís dulce botella 70 cl","brand":"CHINCHON ","img":"https://sgfm.elcorteingles.es/SGFM/dctm/MEDIA02/CONTENIDOS/201510/20/00118775400478____1__600x600.jpg","price":"7,69 €","price_unit":"(10,99 € / Litro)","categories":["Supermercado","Bebidas","Licores y Alcoholes","Anis licores y cremas","Anís","CHINCHON anís dulce botella 70 cl"],"general_information":["Cantidad Neta: 70 cl"],"ingredients":[],"ean":"8410023036245"},{"full_name":"CHINCHON anís seco botella 70 cl","name":"anís seco botella 70 cl","brand":"CHINCHON ","img":"https://sgfm.elcorteingles.es/SGFM/dctm/MEDIA02/CONTENIDOS/201510/20/00118775400486____1__600x600.jpg","price":"9,96 €","price_unit":"(14,23 € / Litro)","categories":["Supermercado","Bebidas","Licores y Alcoholes","Anis licores y cremas","Anís","CHINCHON anís seco botella 70 cl"],"general_information":["Denominación del alimento: Anís Chinchón Seco","Nombre del operador: GONZÁLEZ BYASS S.A.","Dirección del operador: Manuel Mª González 12, 11403 JEREZ DE LA FRONTERA","Lugar de procedencia del alimento: D.O. Chinchón","Cantidad Neta: 70 Centilitros","Porcentaje de alcohol: 43%"],"ingredients":[],"ean":"8410023172301"},{"full_name":"TENIS anis seco botella 1 l","name":"anis seco botella 1 l","brand":"TENIS ","img":"https://sgfm.elcorteingles.es/SGFM/00/43/7/0118775400437/0118775400437000g01011.jpg","price":"11,91 €","price_unit":"(11,91 € / Litro)","categories":["Supermercado","Bebidas","Licores y Alcoholes","Anis licores y cremas","Anís","TENIS anis seco botella 1 l"],"general_information":["Denominación del alimento: Anís Tenis seco","Nombre del operador: Limiñana y Botellas, S.L.","Dirección del operador: C/ San Vicente Ferrer, 3 - 03670 Monforte del Cid (Alicante) - España.","Lugar de procedencia del alimento: Bebidas espirituosas tradicionales de Alicante. Denominacción de origen Anis Paloma de Monforte del Cid","Cantidad Neta: 1 Litros","Porcentaje de alcohol: 48%","Otras menciones obligatorias en la etiqueta: Destilado."],"ingredients":[" Anís."],"conservation":"Modo de empleo: Gracias al gran perfeccionamiento alcanzado en su elaboración, lo recomendamos para tomarlo con agua o solo. El Anís Tenis mezclando una parte de anis y agua al gusto es aperitivo y resulta una bebida refrescante de agradable paladar.","ean":"8410548000011"},{"full_name":"MOZART licor de chocolate cream blanco botella 70 cl","name":"licor de chocolate cream blanco botella 70 cl","brand":"MOZART ","img":"https://sgfm.elcorteingles.es/SGFM/dctm/MEDIA03/201702/27/00118722700889____1__600x600.jpg","price":"18,10 €","price_unit":"(25,86 € / Litro)","categories":["Supermercado","Bebidas","Licores y Alcoholes","Anis licores y cremas","Licor de café y chocolate","MOZART licor de chocolate cream blanco botella 70 cl"],"general_information":["Denominación del alimento: Licor crema chocolate","Nombre del operador: Maxxium España, S.L","Dirección del operador: C/ Mahonia, 2 - 28043 Madrid","Cantidad Neta: 70 Centilitros","Porcentaje de alcohol: 15%"],"ingredients":[" Contiene leche y derivados lácteos ( incluida lactosa)"],"ean":"9013100053068"},{"full_name":"MOZART licor de chocolate Cream Gold botella 70 cl","name":"licor de chocolate Cream Gold botella 70 cl","brand":"MOZART ","img":"https://sgfm.elcorteingles.es/SGFM/00/84/6/0118722800846/0118722800846000g01011.jpg","price":"17,67 €","price_unit":"(25,24 € / Litro)","categories":["Supermercado","Bebidas","Licores y Alcoholes","Anis licores y cremas","Licor de café y chocolate","MOZART licor de chocolate Cream Gold botella 70 cl"],"general_information":["Denominación del alimento: Licor crema chocolate","Nombre del operador: Maxxium España, S.L","Dirección del operador: C/ Mahonia, 2 - 28043 Madrid","Cantidad Neta: 70 Centilitros","Porcentaje de alcohol: 15%"],"ingredients":[" Contiene leche y derivados lácteos ( incluida lactosa)"],"ean":"9013100060981"},{"full_name":"PAZO DE USIA licor de café botella 70 cl","name":"licor de café botella 70 cl","brand":"PAZO DE USIA ","img":"https://sgfm.elcorteingles.es/SGFM/01/12/5/0118722801125/0118722801125000g01011.jpg","price":"7,55 €","price_unit":"(10,79 € / Litro)","categories":["Supermercado","Bebidas","Licores y Alcoholes","Anis licores y cremas","Licor de café y chocolate","PAZO DE USIA licor de café botella 70 cl"],"general_information":["Denominación del alimento: LICOR DE CAFÉ","Nombre del operador: Embotellado para \nel Grupo El Corte Inglés\nHermosilla 112 - Madrid\nR.E.1154-OU\nEspaña","Lugar de procedencia del alimento: PRODUCTO DE ESPAÑA"],"ingredients":[],"ean":"8433329025232"},{"full_name":"MARTIN CODAX licor de café botella 70 cl","name":"licor de café botella 70 cl","brand":"MARTIN CODAX ","img":"https://sgfm.elcorteingles.es/SGFM/00/82/3/0118723600823/0118723600823000g01011.jpg","price":"18,17 €","price_unit":"(25,96 € / Litro)","categories":["Supermercado","Bebidas","Licores y Alcoholes","Anis licores y cremas","Licor de café y chocolate","MARTIN CODAX licor de café botella 70 cl"],"general_information":["Denominación del alimento: Orujo","Nombre del operador: Bodegas Martin Codax SAU","Dirección del operador: Burgáns, 91, 36633 Vilariño, Cambados, Pontevedra.","Lugar de procedencia del alimento: Denominacion de origen Orujo de Galicia","Cantidad Neta: 70 Centilitros","Porcentaje de alcohol: 30%","Otras menciones obligatorias en la etiqueta: Bebida espirituosa, precinto de impuestos especiales.","Notas de cata Atractivo color marrón chocolate, de tonalidad oscura pero brillante. Gran intensidad aromática, persistencia de aromas de café recién tostado. En boca resulta agradable, suave, goloso, excelente equilibrio y persistencia."],"ingredients":[" Orujo de Galicia, Alcohol etílico de origen agrícola, Café, Azúcar, Caramelo de sacarosa Tipo Az-15,"],"conservation":" No someter a cambios bruscos de temperatura (12-18°C) y humedad (60-75%)","ean":"8414825337388"},{"full_name":"RUAVIEJA licor de café botella 70 cl","name":"licor de café botella 70 cl","brand":"RUAVIEJA ","img":"https://sgfm.elcorteingles.es/SGFM/dctm/MEDIA03/201604/05/00118722700939____2__600x600.jpg","price":"10,01 €","price_unit":"(14,30 € / Litro)","categories":["Supermercado","Bebidas","Licores y Alcoholes","Anis licores y cremas","Licor de café y chocolate","RUAVIEJA licor de café botella 70 cl"],"general_information":["Denominación del alimento: Licor","País de origen: España","Nombre del operador: Pernod Ricard España","Dirección del operador: Avda. José Ortega y Gasset, 201 ? 5ª Planta   29006 MALAGA","Cantidad Neta: 70 Centilitros","Porcentaje de alcohol: 26%","Otras menciones obligatorias en la etiqueta: No contiene ninguna de las sustancias o productos que causan alergias o intolerancias recogidos en el anexo II del Reglamento 1169/2011. Nuestros productos están etiquetados de acuerdo a las reglas legales y de mercado sobre etiquetado de bebidas espirituosas","Notas de cata Licor elaborado con una selección de cafés de primera\ncalidad siguiendo métodos tradicionales y usando como\nbase el aguardiente Ruavieja"],"ingredients":[],"conservation":" Conservar alejada de luces intensas y en lugares con temperatura fresca y constante, en posición vertical.","ean":"8412006105009"},{"full_name":"KAHLUA licor de café botella 70 cl","name":"licor de café botella 70 cl","brand":"KAHLUA ","img":"https://sgfm.elcorteingles.es/SGFM/00/69/7/0118722800697/0118722800697000g01011.jpg","price":"18,10 €","price_unit":"(25,86 € / Litro)","categories":["Supermercado","Bebidas","Licores y Alcoholes","Anis licores y cremas","Licor de café y chocolate","KAHLUA licor de café botella 70 cl"],"general_information":["Denominación del alimento: Licor","País de origen: México","Nombre del operador: Pernod Ricard España","Dirección del operador: Avda. José Ortega y Gasset, 201 ? 5ª Planta   29006 MALAGA","Cantidad Neta: 70 Centilitros","Porcentaje de alcohol: 20%","Otras menciones obligatorias en la etiqueta: No contiene ninguna de las sustancias o productos que causan alergias o intolerancias recogidos en el anexo II del Reglamento 1169/2011. Nuestros productos están etiquetados de acuerdo a las reglas legales y de mercado sobre etiquetado de bebidas espirituosas"],"ingredients":[],"conservation":" Conservar alejada de luces intensas y en lugares con temperatura fresca y constante, en posición vertical.","ean":"7610594454399"},{"full_name":"TIA MARIA licor de café botella 70 cl","name":"licor de café botella 70 cl","brand":"TIA MARIA ","img":"https://sgfm.elcorteingles.es/SGFM/dctm/MEDIA02/CONTENIDOS/201410/14/00118722800705____1__600x600.jpg","price":"15,24 €            ","price_unit":"(18,56 € / Litro)","categories":["Supermercado","Bebidas","Licores y Alcoholes","Anis licores y cremas","Licor de café y chocolate","TIA MARIA licor de café botella 70 cl"],"general_information":["Cantidad Neta: 70 cl"],"ingredients":[],"ean":"8001110184422"},{"full_name":"ILLY Illyquore licor de café botella 70 cl","name":"Illyquore licor de café botella 70 cl","brand":"ILLY ","img":"https://sgfm.elcorteingles.es/SGFM/dctm/MEDIA03/201701/16/00118722801794____1__600x600.jpg","price":"14,64 €","price_unit":"(20,91 € / Litro)","categories":["Supermercado","Bebidas","Licores y Alcoholes","Anis licores y cremas","Licor de café y chocolate","ILLY Illyquore licor de café botella 70 cl"],"general_information":["Denominación del alimento: Licor","Nombre del operador: Campari España S.L","Dirección del operador: c/ Marina 16-18, CP 08005 Barcelona","Cantidad Neta: 70 Centilitros","Porcentaje de alcohol: 28.0%"],"ingredients":[],"ean":"8000040020008"},{"full_name":"ABADIA DA COVA crema de licor de café botella 75 cl","name":"crema de licor de café botella 75 cl","brand":"ABADIA DA COVA ","img":"https://sgfm.elcorteingles.es/SGFM/01/04/4/0118722701044/0118722701044000g01011.jpg","price":"11,62 €","categories":["Supermercado","Bebidas","Licores y Alcoholes","Anis licores y cremas","Licor de café y chocolate","ABADIA DA COVA crema de licor de café botella 75 cl"],"general_information":["Denominación del alimento: Crema de licor de café","Nombre del operador: Adegas Moure","Dirección del operador: Av. Buenos Aires, 12 - 27540 Escairón (Lugo)","Lugar de procedencia del alimento: D.O. Galicia","Cantidad Neta: 700,0 Mililitros","Porcentaje de alcohol: 15,0%","Otras menciones obligatorias en la etiqueta: No combinar con bebidas ácidas o cítricas."],"ingredients":[" Contiene derivados lácteos."],"conservation":"Modo de empleo: Sírvase bien frío o con hielo.","ean":"8422251733001"},{"full_name":"ABADIA DA COVA licor de café botella 70 cl","name":"licor de café botella 70 cl","brand":"ABADIA DA COVA ","img":"https://sgfm.elcorteingles.es/SGFM/00/80/4/0118722800804/0118722800804000g01011.jpg","price":"8,57 €","price_unit":"(12,24 € / Litro)","categories":["Supermercado","Bebidas","Licores y Alcoholes","Anis licores y cremas","Licor de café y chocolate","ABADIA DA COVA licor de café botella 70 cl"],"general_information":["Denominación del alimento: Licor de café de Galicia","Nombre del operador: Adegas Moure","Dirección del operador: Av. Buenos Aires, 12 - 27540 Escairón (Lugo)","Lugar de procedencia del alimento: D.O. Galicia","Cantidad Neta: 700,0 Mililitros","Porcentaje de alcohol: 31,0%"],"ingredients":[],"ean":"8422251800000"},{"full_name":"OLMECA licor con tequila sabor chocolate botella 70 cl","name":"licor con tequila sabor chocolate botella 70 cl","brand":"OLMECA ","img":"https://sgfm.elcorteingles.es/SGFM/dctm/MEDIA03/201710/20/00118722801588____2__600x600.jpg","price":"11,24 €","price_unit":"(16,06 € / Litro)","categories":["Supermercado","Bebidas","Licores y Alcoholes","Anis licores y cremas","Licor de café y chocolate","OLMECA licor con tequila sabor chocolate botella 70 cl"],"general_information":["Denominación del alimento: Tequila","País de origen: México","Nombre del operador: Pernod Ricard España","Dirección del operador: Avda. José Ortega y Gasset, 201 ? 5ª Planta   29006 MALAGA","Cantidad Neta: 70 Centilitros","Porcentaje de alcohol: 38%","Otras menciones obligatorias en la etiqueta: No contiene ninguna de las sustancias o productos que causan alergias o intolerancias recogidos en el anexo II del Reglamento 1169/2011. Nuestros productos están etiquetados de acuerdo a las reglas legales y de mercado sobre etiquetado de bebidas espirituosas","Notas de cata Color café oscuro, con aroma y sabor característico a chocolate, avellana tostada, vainilla y\nnotas de tequila. El producto puede tomarse frio, a temperatura ambiente, solo o combinado."],"ingredients":[],"conservation":" Conservar alejada de luces intensas y en lugares con temperatura fresca y constante, en posición vertical.","ean":"0080432107126"},{"full_name":"SHERIDAN'S crema de licor de café botella 70 cl","name":"crema de licor de café botella 70 cl","brand":"SHERIDAN'S ","img":"https://sgfm.elcorteingles.es/SGFM/00/80/6/0118722700806/0118722700806000g01011.jpg","price":"14,69 €            ","price_unit":"(18,56 € / Litro)","categories":["Supermercado","Bebidas","Licores y Alcoholes","Anis licores y cremas","Licor de café y chocolate","SHERIDAN'S crema de licor de café botella 70 cl"],"general_information":["Denominación del alimento: Licor","Nombre del operador: Diageo España S.A.","Dirección del operador: Av de la Victoria 32 - 28023 Madrid","Cantidad Neta: 70 Centilitros","Porcentaje de alcohol: 15.5%"],"ingredients":[" leche"],"conservation":" Para conservarlo mejor manténgalo entre 0° y 25°","ean":"5011013500680"},{"full_name":"AGUADOMIÑO licor de café botella 70 cl","name":"licor de café botella 70 cl","brand":"AGUADOMIÑO ","img":"https://sgfm.elcorteingles.es/SGFM/dctm/MEDIA03/201701/10/00118722801018____2__600x600.jpg","price":"24,00 €","price_unit":"(34,29 € / Litro)","categories":["Supermercado","Bebidas","Licores y Alcoholes","Anis licores y cremas","Licor de café y chocolate","AGUADOMIÑO licor de café botella 70 cl"],"general_information":["Denominación del alimento: Licor Café","Nombre del operador: Londinel S.L","Dirección del operador: Parcela nº1, P. Act. 2A, p. Emp. Pereiro de Aguiar, 32710 - Pereiro de Aguiar - (Ourense) España","Cantidad Neta: 70 Centilitros","Porcentaje de alcohol: 30%"],"ingredients":[],"ean":"8436027831129"},{"full_name":"PANIZO licores surtidos  Estuche 4 variedades botellas 5 cl","name":"licores surtidos  Estuche 4 variedades botellas 5 cl","brand":"PANIZO ","img":"https://sgfm.elcorteingles.es/SGFM/dctm/MEDIA03/201703/13/00118722701051____1__600x600.jpg","price":"3,72 €            ","price_unit":"(16,75 € / Litro)","categories":["Supermercado","Bebidas","Licores y Alcoholes","Anis licores y cremas","Licor de café y chocolate","PANIZO licores surtidos  Estuche 4 variedades botellas 5 cl"],"general_information":["Cantidad Neta: 5 cl"],"ingredients":[],"ean":"8422711152342"},{"full_name":"BAGOA DOCE licor de café y frutos secos botella 70 cl","name":"licor de café y frutos secos botella 70 cl","brand":"BAGOA DOCE ","img":"https://sgfm.elcorteingles.es/SGFM/dctm/MEDIA02/CONTENIDOS/201505/21/00200622801421____1__600x600.jpg","price":"24,95 €","price_unit":"(35,64 € / Litro)","categories":["Supermercado","Bebidas","Licores y Alcoholes","Anis licores y cremas","Licor de café y chocolate","BAGOA DOCE licor de café y frutos secos botella 70 cl"],"general_information":["Cantidad Neta: 70 cl"],"ingredients":[],"ean":"8414606570126"},{"full_name":"QUEVAL licor de café botella 70 cl","name":"licor de café botella 70 cl","brand":"QUEVAL ","img":"https://sgfm.elcorteingles.es/SGFM/dctm/MEDIA02/CONTENIDOS/201510/09/00118728605736____1__600x600.jpg","price":"14,76 €","price_unit":"(21,09 € / Litro)","categories":["Supermercado","Bebidas","Licores y Alcoholes","Anis licores y cremas","Licor de café y chocolate","QUEVAL licor de café botella 70 cl"],"general_information":["Cantidad Neta: 70 cl"],"ingredients":[],"ean":"0742832473163"},{"full_name":"HIJOS DE RIVERA licor de café gallego botella 70 cl","name":"licor de café gallego botella 70 cl","brand":"HIJOS DE RIVERA ","img":"https://sgfm.elcorteingles.es/SGFM/dctm/MEDIA03/201703/09/00118722801562____1__600x600.jpg","price":"13,06 €","price_unit":"(18,66 € / Litro)","categories":["Supermercado","Bebidas","Licores y Alcoholes","Anis licores y cremas","Licor de café y chocolate","HIJOS DE RIVERA licor de café gallego botella 70 cl"],"general_information":["Denominación del alimento: Licor café","País de origen: España","Nombre del operador: CUSTOMDRINKS","Dirección del operador: Pol. Ind. Os acivros Parcela C1 27500 Chantada","Cantidad Neta: 70 Centilitros","Porcentaje de alcohol: 30.0%"],"ingredients":[" Aguardiente de Oujo, azúcar y café."],"conservation":" La temperatura óptima de consumo es 8-10ºC","ean":"8412598990014"},{"full_name":"PAZO DE USIA licor de crema de orujo botella 70 cl","name":"licor de crema de orujo botella 70 cl","brand":"PAZO DE USIA ","img":"https://sgfm.elcorteingles.es/SGFM/01/35/8/0118722701358/0118722701358000g01011.jpg","price":"6,62 €","price_unit":"(9,46 € / Litro)","categories":["Supermercado","Bebidas","Licores y Alcoholes","Anis licores y cremas","Licor de crema","PAZO DE USIA licor de crema de orujo botella 70 cl"],"general_information":["Denominación del alimento: CREMA DE LICOR","Nombre del operador: Embotellado para \nel Grupo El Corte Inglés\nHermosilla 112 - Madrid\nR.E.1154-OU\nEspaña","Lugar de procedencia del alimento: PRODUCTO DE ESPAÑA"],"ingredients":[],"ean":"8433329025249"},{"full_name":"BEAT'S licor crema de whisky botella 70 cl","name":"licor crema de whisky botella 70 cl","brand":"BEAT'S ","img":"https://sgfm.elcorteingles.es/SGFM/00/01/2/0118722700012/0118722700012000g01011.jpg","price":"5,24 €","price_unit":"(7,49 € / Litro)","categories":["Supermercado","Bebidas","Licores y Alcoholes","Anis licores y cremas","Licor de crema","BEAT'S licor crema de whisky botella 70 cl"],"general_information":["Denominación del alimento: LICOR \nCREMA","Nombre del operador: Embotellado para \nel Grupo El Corte Inglés\nHermosilla 112 - Madrid\npor R.E. 1829-T2\nEspaña","Lugar de procedencia del alimento: PRODUCTO DE ESPAÑA"],"ingredients":[" Contiene leche y sus derivados"],"conservation":" Una vez abierto, conservar en el frigorifico","ean":"8433329029469"},{"full_name":"ZEN COLLECTION licor de crema de chocolate y cerezas botella 50 cl","name":"licor de crema de chocolate y cerezas botella 50 cl","brand":"ZEN COLLECTION ","img":"https://sgfm.elcorteingles.es/SGFM/01/43/2/0118722701432/0118722701432000g01011.jpg","price":"17,96 €","price_unit":"(35,92 € / Litro)","categories":["Supermercado","Bebidas","Licores y Alcoholes","Anis licores y cremas","Licor de crema","ZEN COLLECTION licor de crema de chocolate y cerezas botella 50 cl"],"general_information":["Cantidad Neta: 50 cl"],"ingredients":[],"ean":"8437003493300"},{"full_name":"BAILEYS licor irlandés de crema original Irish Cream botella 1 l","name":"licor irlandés de crema original Irish Cream botella 1 l","brand":"BAILEYS ","img":"https://sgfm.elcorteingles.es/SGFM/dctm/MEDIA03/201611/08/00118722701002____2__600x600.jpg","price":"16,39 €            ","price_unit":"(14,99 € / Litro)","categories":["Supermercado","Bebidas","Licores y Alcoholes","Anis licores y cremas","Licor de crema","BAILEYS licor irlandés de crema original Irish Cream botella 1 l"],"general_information":["Denominación del alimento: Licor","Nombre del operador: Diageo España S.A.","Dirección del operador: Av de la Victoria 32 - 28023 Madrid","Cantidad Neta: 100 Centilitros","Porcentaje de alcohol: 17%","Otras menciones obligatorias en la etiqueta: Evite mezclar con cítricos y bebidas ácidas","Notas de cata Textura aterciopelada: una combinación perfecta de suave nata y delicioso whisky. Disfrútelo solo, con hielo o en su café preferido."],"ingredients":[" leche"],"conservation":" Para conservarlo mejor manténgalo entre 0° y 25°","ean":"5011013100118"},{"full_name":"BAILEYS licor irlandés crema original Irish Cream botella 70 cl","name":"licor irlandés crema original Irish Cream botella 70 cl","brand":"BAILEYS ","img":"https://sgfm.elcorteingles.es/SGFM/00/79/8/0118722700798/0118722700798000g01011.jpg","price":"11,55 €            ","price_unit":"(14,71 € / Litro)","categories":["Supermercado","Bebidas","Licores y Alcoholes","Anis licores y cremas","Licor de crema","BAILEYS licor irlandés crema original Irish Cream botella 70 cl"],"general_information":["Denominación del alimento: Licor","Nombre del operador: Diageo España S.A.","Dirección del operador: Av de la Victoria 32 - 28023 Madrid","Cantidad Neta: 70 Centilitros","Porcentaje de alcohol: 17%","Otras menciones obligatorias en la etiqueta: Evite mezclar con cítricos y bebidas ácidas","Notas de cata Textura aterciopelada: una combinación perfecta de suave nata y delicioso whisky. Disfrútelo solo, con hielo o en su café preferido."],"ingredients":[" leche"],"conservation":" Para conservarlo mejor manténgalo entre 0° y 25°","ean":"5011013100156"},{"full_name":"BAILEYS licor irlandés de crema Caramel Flavour botella 70 cl","name":"licor irlandés de crema Caramel Flavour botella 70 cl","brand":"BAILEYS ","img":"https://sgfm.elcorteingles.es/SGFM/dctm/MEDIA02/CONTENIDOS/201512/01/00118722700970____1__600x600.jpg","price":"12,17 €","price_unit":"(17,39 € / Litro)","categories":["Supermercado","Bebidas","Licores y Alcoholes","Anis licores y cremas","Licor de crema","BAILEYS licor irlandés de crema Caramel Flavour botella 70 cl"],"general_information":["Denominación del alimento: Licor","Nombre del operador: Diageo España S.A.","Dirección del operador: Av de la Victoria 32 - 28023 Madrid","Cantidad Neta: 70 Centilitros","Porcentaje de alcohol: 17%","Otras menciones obligatorias en la etiqueta: Evite mezclar con cítricos y bebidas ácidas","Notas de cata El inconfundible sabor de Baileys Original Irish Cream con un voluptuoso toque de caramelo.\nTextura suave y sedosa, con un final cremoso. \nDisfruta solo sobre hielo o añádelo a tu café"],"ingredients":[" leche"],"conservation":" Para conservarlo mejor manténgalo entre 0° y 25°","ean":"5011013504152"},{"full_name":"BAILEYS licor irlandés de crema Orange Truffle Flavour botella 70 cl","name":"licor irlandés de crema Orange Truffle Flavour botella 70 cl","brand":"BAILEYS ","img":"https://sgfm.elcorteingles.es/SGFM/dctm/MEDIA02/CONTENIDOS/201512/10/00118722703214____1__600x600.jpg","price":"12,02 €","categories":["Supermercado","Bebidas","Licores y Alcoholes","Anis licores y cremas","Licor de crema","BAILEYS licor irlandés de crema Orange Truffle Flavour botella 70 cl"],"general_information":["Denominación del alimento: Licor","Nombre del operador: Diageo España S.A.","Dirección del operador: Av de la Victoria 32 - 28023 Madrid","Cantidad Neta: 70 Centilitros","Porcentaje de alcohol: 17%","Otras menciones obligatorias en la etiqueta: Evite mezclar con cítricos y bebidas ácidas","Notas de cata Si desea degustar el verdadero sabor del lujo, pruebe Baileys Orange Truffle y disfrute de la mezcla de sabores de la nata, la naranja y la trufa. Añada ralladura de naranja antes de servir el combinado para darle un toque ácido y maximizar el sabor a naranja. El sabor de Baileys Orange Truffle se crea con nata irlandesa, whisky irlandés y el mejor de los espíritus."],"ingredients":[" leche"],"conservation":" Para conservarlo mejor manténgalo entre 0° y 25°","ean":"5011013928316"},{"full_name":"BAILEYS licor irlandés de crema Coffee Flavour botella 70 cl","name":"licor irlandés de crema Coffee Flavour botella 70 cl","brand":"BAILEYS ","img":"https://sgfm.elcorteingles.es/SGFM/dctm/MEDIA02/CONTENIDOS/201512/01/00118722701192_ZZ_1__600x600.jpg","price":"12,02 €","price_unit":"(17,17 € / Litro)","categories":["Supermercado","Bebidas","Licores y Alcoholes","Anis licores y cremas","Licor de crema","BAILEYS licor irlandés de crema Coffee Flavour botella 70 cl"],"general_information":["Denominación del alimento: Licor","Nombre del operador: Diageo España S.A.","Dirección del operador: Av de la Victoria 32 - 28023 Madrid","Cantidad Neta: 70 Centilitros","Porcentaje de alcohol: 17%","Otras menciones obligatorias en la etiqueta: Evite mezclar con cítricos y bebidas ácidas","Notas de cata Elaborado a partir de una mezcla de nata irlandesa, whisky irlandés y el mejor de los espíritus.                                                           \nUna mezcla de café tostado y Baileys, perfecta para disfrutar sola, en cócteles o en postres.\nDisfrútelo con hielo, con helado o en postres como el tiramisú."],"ingredients":[" leche"],"conservation":" Para conservarlo mejor manténgalo entre 0° y 25°","ean":"5011013509645"},{"full_name":"BAILEYS licor irlandés de crema Chocolat Luxe botella 50 cl","name":"licor irlandés de crema Chocolat Luxe botella 50 cl","brand":"BAILEYS ","img":"https://sgfm.elcorteingles.es/SGFM/dctm/MEDIA03/201611/08/00118722701416____1__600x600.jpg","price":"16,99 €            ","price_unit":"(25,98 € / Litro)","categories":["Supermercado","Bebidas","Licores y Alcoholes","Anis licores y cremas","Licor de crema","BAILEYS licor irlandés de crema Chocolat Luxe botella 50 cl"],"general_information":["Denominación del alimento: Licor","Nombre del operador: Diageo España S.A.","Dirección del operador: Av de la Victoria 32 - 28023 Madrid","Cantidad Neta: 50 Centilitros","Porcentaje de alcohol: 15.7%","Otras menciones obligatorias en la etiqueta: Evite mezclar con cítricos y bebidas ácidas","Notas de cata Baileys Chocolat Luxe es chocolate líquido. Un lujoso capricho de cacao amargo con el delicioso toque de caramelo del Baileys original.\nSírvalo con hielo y una frambuesa fresca para obtener una presentación Rococco."],"ingredients":[" leche"],"conservation":" Para conservarlo mejor manténgalo entre 0° y 25°","ean":"5011013999064"},{"full_name":"PANIZO licor de crema de arroz botella 70 cl","name":"licor de crema de arroz botella 70 cl","brand":"PANIZO ","img":"https://sgfm.elcorteingles.es/SGFM/dctm/MEDIA03/201712/20/00118722703537____1__600x600.jpg","price":"6,95 €","categories":["Supermercado","Bebidas","Licores y Alcoholes","Anis licores y cremas","Licor de crema","PANIZO licor de crema de arroz botella 70 cl"],"general_information":["Cantidad Neta: 70 cl"],"ingredients":[],"ean":"8422711407503"},{"full_name":"MELODY licor de crema catalana botella 70 cl","name":"licor de crema catalana botella 70 cl","brand":"MELODY ","img":"https://sgfm.elcorteingles.es/SGFM/00/86/3/0118722700863/0118722700863000g01011.jpg","price":"7,64 €","price_unit":"(10,91 € / Litro)","categories":["Supermercado","Bebidas","Licores y Alcoholes","Anis licores y cremas","Licor de crema","MELODY licor de crema catalana botella 70 cl"],"general_information":["Cantidad Neta: 70 cl"],"ingredients":[],"ean":"8410837822201"},{"full_name":"ALITIA licor de crema de orujo botella 70 cl","name":"licor de crema de orujo botella 70 cl","brand":"ALITIA ","img":"https://sgfm.elcorteingles.es/SGFM/01/18/3/0200622701183/0200622701183000g01011.jpg","price":"8,01 €","price_unit":"(11,44 € / Litro)","categories":["Supermercado","Bebidas","Licores y Alcoholes","Anis licores y cremas","Licor de crema","ALITIA licor de crema de orujo botella 70 cl"],"general_information":["Denominación del alimento: Crema de licor","Nombre del operador: OVENTOSELA S.L.","Dirección del operador: San Clodio- Leiro-Orense-España","Cantidad Neta: 70,0 Centilitros","Porcentaje de alcohol: 15,0%"],"ingredients":[],"ean":"8414736000364"},{"full_name":"EL AFILADOR licor de crema de orujo botella 70 cl","name":"licor de crema de orujo botella 70 cl","brand":"EL AFILADOR ","img":"https://sgfm.elcorteingles.es/SGFM/dctm/MEDIA03/201710/18/00118722700947____1__600x600.jpg","price":"9,22 €","price_unit":"(13,17 € / Litro)","categories":["Supermercado","Bebidas","Licores y Alcoholes","Anis licores y cremas","Licor de crema","EL AFILADOR licor de crema de orujo botella 70 cl"],"general_information":["Denominación del alimento: Orujo","País de origen: España","Nombre del operador: Zamora Distribuciones de Bebidas S.L.U.","Dirección del operador: C/ Silicio s/n-Pgno Ind. Los Camachos. 30369 Cartagena","Cantidad Neta: 70 Centilitros","Porcentaje de alcohol: 16%"],"ingredients":[" Base láctea, Aguardiente de Orujo, Alcohol Neutro Agua y Caramelo"],"ean":"8410978041004"},{"full_name":"CREMA DE LOS PICOS licor de crema al orujo de Liébana botella 70 cl","name":"licor de crema al orujo de Liébana botella 70 cl","brand":"CREMA DE LOS PICOS ","img":"https://sgfm.elcorteingles.es/SGFM/00/81/4/0118722700814/0118722700814000g01011.jpg","price":"12,49 €","price_unit":"(17,84 € / Litro)","categories":["Supermercado","Bebidas","Licores y Alcoholes","Anis licores y cremas","Licor de crema","CREMA DE LOS PICOS licor de crema al orujo de Liébana botella 70 cl"],"general_information":["Denominación del alimento: Crema de orujo","Nombre del operador: Orujo de Liébana S.A","Dirección del operador: Calle Concha Espina, 8E bajo (39012 - Santander, Cantabria)","Lugar de procedencia del alimento: Cantabria","Cantidad Neta: 0.7 Litros","Porcentaje de alcohol: 17%"],"ingredients":[" Crema de orujo y azúcar"],"conservation":"Modo de empleo: servir frío","ean":"8426105100056"},{"full_name":"AMARULA licor de crema de fruta botella 70 cl","name":"licor de crema de fruta botella 70 cl","brand":"AMARULA ","img":"https://sgfm.elcorteingles.es/SGFM/dctm/MEDIA03/201711/24/00118722700830____1__600x600.jpg","price":"11,93 €            ","price_unit":"(15,70 € / Litro)","categories":["Supermercado","Bebidas","Licores y Alcoholes","Anis licores y cremas","Licor de crema","AMARULA licor de crema de fruta botella 70 cl"],"general_information":["Denominación del alimento: Licor","Nombre del operador: Comercial Masoliver S.A.U.","Dirección del operador: Calle Puntia. 18 - 17857 Begudà (Girona) España","Lugar de procedencia del alimento: 710 - Sudáfrica","Cantidad Neta: 700 Mililitros","Porcentaje de alcohol: 17%"],"ingredients":[" Contiene leche"],"ean":"6001495062577"},{"full_name":"SIERRA DEL OSO crema de orujo de Liébana botella 70 cl","name":"crema de orujo de Liébana botella 70 cl","brand":"SIERRA DEL OSO ","img":"https://sgfm.elcorteingles.es/SGFM/01/36/6/0118722701366/0118722701366000g01011.jpg","price":"13,65 €","price_unit":"(19,50 € / Litro)","categories":["Supermercado","Bebidas","Licores y Alcoholes","Anis licores y cremas","Licor de crema","SIERRA DEL OSO crema de orujo de Liébana botella 70 cl"],"general_information":["Denominación del alimento: Crema de Orujo de Liébana","Nombre del operador: Orujo de Potes S.L.","Dirección del operador: c/ Riega de la Iglesia, 39585 ojedo, C. de liesbana, Cantabría, España","Cantidad Neta: 70 Centilitros","Porcentaje de alcohol: 15%"],"ingredients":[],"ean":"8437001523023"},{"full_name":"SIERRA DEL OSO crema de orujo añejo botella 50 cl","name":"crema de orujo añejo botella 50 cl","brand":"SIERRA DEL OSO ","img":"https://sgfm.elcorteingles.es/SGFM/dctm/MEDIA03/201604/26/00118722703263____1__600x600.jpg","price":"18,57 €","categories":["Supermercado","Bebidas","Licores y Alcoholes","Anis licores y cremas","Licor de crema","SIERRA DEL OSO crema de orujo añejo botella 50 cl"],"general_information":["Denominación del alimento: Crema de orujo añejo","Nombre del operador: Orujo de Potes S.L.","Dirección del operador: c/ Riega de la Iglesia, 39585 ojedo, C. de liesbana, Cantabría, España","Cantidad Neta: 50 Centilitros","Porcentaje de alcohol: 15%"],"ingredients":[],"ean":"8437001523221"},{"full_name":"AGUADOMIÑO licor de crema arroz con leche botella 70 cl","name":"licor de crema arroz con leche botella 70 cl","brand":"AGUADOMIÑO ","img":"https://sgfm.elcorteingles.es/SGFM/dctm/MEDIA02/CONTENIDOS/201407/22/00118722703131____1__600x600.jpg","price":"21,00 €","categories":["Supermercado","Bebidas","Licores y Alcoholes","Anis licores y cremas","Licor de crema","AGUADOMIÑO licor de crema arroz con leche botella 70 cl"],"general_information":["Denominación del alimento: Crema de Arroz con Leche","Nombre del operador: Londinel S.L","Dirección del operador: Parcela nº1, P. Act. 2A, p. Emp. Pereiro de Aguiar, 32710 - Pereiro de Aguiar - (Ourense) España","Cantidad Neta: 70 Centilitros","Porcentaje de alcohol: 15%"],"ingredients":[" Contiene derivados lácteos."],"ean":"8436027831464"},{"full_name":"BARCELO licor de crema de ron añejo dominicano botella 70 cl","name":"licor de crema de ron añejo dominicano botella 70 cl","brand":"BARCELO ","img":"https://sgfm.elcorteingles.es/SGFM/dctm/MEDIA02/CONTENIDOS/201503/13/00118722700962000_1__600x600.jpg","price":"10,49 €            ","price_unit":"(14,70 € / Litro)","categories":["Supermercado","Bebidas","Licores y Alcoholes","Anis licores y cremas","Licor de crema","BARCELO licor de crema de ron añejo dominicano botella 70 cl"],"general_information":["Denominación del alimento: Crema de Ron","País de origen: República Dominicana","Nombre del operador: Import. Export. Varma S.A.","Dirección del operador: C/ La granja, 15 - Pol. Industrial Alcobendas. 28108 Alcobendas (Madrid) - España","Cantidad Neta: 700 Mililitros","Porcentaje de alcohol: 17%"],"ingredients":[" Ron Dominicano, destilado y preparados aromáticos, base de crema de leche, azucar, colorantes E-150, E-102, E-110 y agua tratada"],"ean":"8414322139119"},{"full_name":"EL COTERÓN crema original de orujo de Liébana botella 70 cl","name":"crema original de orujo de Liébana botella 70 cl","brand":"EL COTERÓN ","img":"https://sgfm.elcorteingles.es/SGFM/00/16/5/0200627200165/0200627200165000g01011.jpg","price":"11,98 €","categories":["Supermercado","Bebidas","Licores y Alcoholes","Anis licores y cremas","Licor de crema","EL COTERÓN crema original de orujo de Liébana botella 70 cl"],"general_information":["Denominación del alimento: Crema Original al Orujo de Liebana","Nombre del operador: Comercial Rafael Lopez Alonso, S.L.","Dirección del operador: Nueva Montana, Santander, 39011, Cantabria","Cantidad Neta: 70,0 Centilitros","Porcentaje de alcohol: 15,0%"],"ingredients":[" Aguardiente de Orujo, crema de leche y caramelo (15% Vol.)."],"ean":"8423312003705"},{"full_name":"TRESSIN licor de crema de bellota botella 70 cl","name":"licor de crema de bellota botella 70 cl","brand":"TRESSIN ","img":"https://sgfm.elcorteingles.es/SGFM/dctm/MEDIA03/201606/29/00118722703271____2__600x600.jpg","price":"9,32 €","categories":["Supermercado","Bebidas","Licores y Alcoholes","Anis licores y cremas","Licor de crema","TRESSIN licor de crema de bellota botella 70 cl"],"general_information":["Cantidad Neta: 70 cl"],"ingredients":[],"ean":"8414855000504"},{"full_name":"TRESSIN licor de crema de bellota botella 10 cl","name":"licor de crema de bellota botella 10 cl","brand":"TRESSIN ","img":"https://sgfm.elcorteingles.es/SGFM/dctm/MEDIA03/201606/29/00118722703289____1__600x600.jpg","price":"2,78 €","categories":["Supermercado","Bebidas","Licores y Alcoholes","Anis licores y cremas","Licor de crema","TRESSIN licor de crema de bellota botella 10 cl"],"general_information":["Cantidad Neta: 10 cl"],"ingredients":[],"ean":"8414855500790"},{"full_name":"A CEPA licor de crema de orujo botella 70 cl","name":"licor de crema de orujo botella 70 cl","brand":"A CEPA ","img":"https://sgfm.elcorteingles.es/SGFM/00/95/4/0118722700954/0118722700954000g01011.jpg","price":"8,49 €","price_unit":"(12,13 € / Litro)","categories":["Supermercado","Bebidas","Licores y Alcoholes","Anis licores y cremas","Licor de crema","A CEPA licor de crema de orujo botella 70 cl"],"general_information":["Denominación del alimento: Crema de licor","Nombre del operador: Adegas Moure","Dirección del operador: Av. Buenos Aires, 12 - 27540 Escairón (Lugo)","Lugar de procedencia del alimento: D.O. Galicia","Cantidad Neta: 700,0 Mililitros","Porcentaje de alcohol: 15,0%","Otras menciones obligatorias en la etiqueta: No combinar con bebidas ácidas o cítricas."],"ingredients":[" Contiene derivados lácteos."],"conservation":"Modo de empleo: Sírvase bien frío o con hielo.","ean":"8422251732004"},{"full_name":"1010 PREMIUM DRINKS licor de crema gin tonic botella 70 cl","name":"licor de crema gin tonic botella 70 cl","brand":"1010 PREMIUM DRINKS ","img":"https://sgfm.elcorteingles.es/SGFM/dctm/MEDIA02/CONTENIDOS/201511/19/00118722703180____1__600x600.jpg","price":"11,60 €","categories":["Supermercado","Bebidas","Licores y Alcoholes","Anis licores y cremas","Licor de crema","1010 PREMIUM DRINKS licor de crema gin tonic botella 70 cl"],"general_information":["Denominación del alimento: Licor de Crema de Gin-Tonic","Nombre del operador: 1012 Premium Drinks, S.L.U.","Dirección del operador: Brusi, 7, 08006 Barcelona","Cantidad Neta: 700 Mililitros","Porcentaje de alcohol: 16.5%"],"ingredients":[" Base láctea, ginebra, azúcar de caña, tónica, conservantes E202 y E211. Contiene derivados lácteos"],"conservation":" Consérvese en lugar fresco y seco","ean":"8437014192155"},{"full_name":"1010 PREMIUM DRINKS licor de crema de turrón botella 70 cl","name":"licor de crema de turrón botella 70 cl","brand":"1010 PREMIUM DRINKS ","img":"https://sgfm.elcorteingles.es/SGFM/dctm/MEDIA02/CONTENIDOS/201511/19/00118722703198____1__600x600.jpg","price":"11,60 €","categories":["Supermercado","Bebidas","Licores y Alcoholes","Anis licores y cremas","Licor de crema","1010 PREMIUM DRINKS licor de crema de turrón botella 70 cl"],"general_information":["Denominación del alimento: Licor de Crema de Turrón","Nombre del operador: 1014 Premium Drinks, S.L.U.","Dirección del operador: Brusi, 7, 08006 Barcelona","Cantidad Neta: 700 Mililitros","Porcentaje de alcohol: 14.5%"],"ingredients":[" Base láctea, ron de 3 años, azúcar de caña, turrón, conservantes E202 y E211. Contiene derivados lácteos"],"conservation":" Consérvese en lugar fresco y seco","ean":"8437014192117"},{"full_name":"1010 PREMIUM DRINKS licor de crema chocolate botella 70 cl","name":"licor de crema chocolate botella 70 cl","brand":"1010 PREMIUM DRINKS ","img":"https://sgfm.elcorteingles.es/SGFM/dctm/MEDIA03/201604/12/00118722703248____1__600x600.jpg","price":"11,60 €","categories":["Supermercado","Bebidas","Licores y Alcoholes","Anis licores y cremas","Licor de crema","1010 PREMIUM DRINKS licor de crema chocolate botella 70 cl"],"general_information":["Denominación del alimento: Licor de Crema de Chocolate","Nombre del operador: 1013 Premium Drinks, S.L.U.","Dirección del operador: Brusi, 7, 08006 Barcelona","Cantidad Neta: 700 Mililitros","Porcentaje de alcohol: 15.6%"],"ingredients":[" Base láctea, ron de 3 años, azúcar de caña, cacao, conservantes E202 y E211. Contiene derivados lácteos"],"conservation":" Consérvese en lugar fresco y seco","ean":"8437014192094"},{"full_name":"LIAL licor de crema de piononos botella 70 cl","name":"licor de crema de piononos botella 70 cl","brand":"LIAL ","img":"https://sgfm.elcorteingles.es/SGFM/01/12/7/0118722701127/0118722701127000g01011.jpg","price":"10,24 €","price_unit":"(14,63 € / Litro)","categories":["Supermercado","Bebidas","Licores y Alcoholes","Anis licores y cremas","Licor de crema","LIAL licor de crema de piononos botella 70 cl"],"general_information":["Denominación del alimento: Licor crema de pionono","País de origen: España","Nombre del operador: Industrias Espadafor S.A.","Dirección del operador: Avda. de Andalucía s/n - 18015- Granada","Cantidad Neta: 70,0 Centilitros","Porcentaje de alcohol: 15,0%","Otras menciones obligatorias en la etiqueta: Contiene derivados lácteos. No combinar con bebidas cítricas.  Lote y consumir preferentemente...: Ver parte superior de la botella"],"ingredients":[],"conservation":" Conservar en sitio fresco y fuera del alcance de la luz solar","ean":"8428259000770"},{"full_name":"RUAVIEJA licor de crema de orujo botella 70 cl","name":"licor de crema de orujo botella 70 cl","brand":"RUAVIEJA ","img":"https://sgfm.elcorteingles.es/SGFM/dctm/MEDIA02/CONTENIDOS/201511/03/00118722700244____1__600x600.jpg","price":"11,22 €            ","price_unit":"(14,64 € / Litro)","categories":["Supermercado","Bebidas","Licores y Alcoholes","Anis licores y cremas","Licor de crema","RUAVIEJA licor de crema de orujo botella 70 cl"],"general_information":["Cantidad Neta: 70 cl","Notas de cata Untuosa, equilibrada y persistente. Se aprecia la mezcla de los extractos de café y cacao con el aguardiente confiriéndole un carácter propio."],"ingredients":[],"ean":"8410045103918"},{"full_name":"ILLA DE BUDA licor de crema de arroz botella 70 cl","name":"licor de crema de arroz botella 70 cl","brand":"ILLA DE BUDA ","img":"https://sgfm.elcorteingles.es/SGFM/dctm/MEDIA03/201707/08/00118722703354____1__600x600.jpg","price":"12,95 €","categories":["Supermercado","Bebidas","Licores y Alcoholes","Anis licores y cremas","Licor de crema","ILLA DE BUDA licor de crema de arroz botella 70 cl"],"general_information":["Cantidad Neta: 70 cl"],"ingredients":[],"ean":"8437016561089"},{"full_name":"PANIZO crema de orujo botella 70 cl","name":"crema de orujo botella 70 cl","brand":"PANIZO ","img":"https://sgfm.elcorteingles.es/SGFM/01/06/9/0118722701069/0118722701069000g01011.jpg","price":"7,16 €","price_unit":"(10,23 € / Litro)","categories":["Supermercado","Bebidas","Licores y Alcoholes","Anis licores y cremas","Licor de crema","PANIZO crema de orujo botella 70 cl"],"general_information":["Denominación del alimento: Licor De Crema","Nombre del operador: Orujos Panizo, S.L.","Dirección del operador: Real, 89 -  49332 Camarzana De Tera (Zamora)","Cantidad Neta: 70,0 Centilitros","Porcentaje de alcohol: 17,0%"],"ingredients":[" Contiene derivados lácteos."],"ean":"8422711151048"},{"full_name":"GRAN DUQUE DE ALBA licor de crema botella 70 cl","name":"licor de crema botella 70 cl","brand":"GRAN DUQUE DE ALBA ","img":"https://sgfm.elcorteingles.es/SGFM/00/84/8/0118722700848/0118722700848000g01011.jpg","price":"11,13 €            ","price_unit":"(15,57 € / Litro)","categories":["Supermercado","Bebidas","Licores y Alcoholes","Anis licores y cremas","Licor de crema","GRAN DUQUE DE ALBA licor de crema botella 70 cl"],"general_information":["Denominación del alimento: Crema de Brandy","Nombre del operador: Bodegas Williams & Humbert, S.A.U.","Dirección del operador: Ctra. Nal. IV-Km.641, 11408 Jerez de la Frontera (Spain)","Cantidad Neta: 70,0 Centilitros","Porcentaje de alcohol: 17,0%"],"ingredients":[" Contiene leche y derivados lacteos"],"conservation":" Conservar en lugar fresco, seco y alejado de la luz solar. Se recomienda que una vez abierto se conserve en refrigeración.","ean":"8410028533701"},{"full_name":"EL PETONET licor de crema de arroz botella 75 cl","name":"licor de crema de arroz botella 75 cl","brand":"EL PETONET ","img":"https://sgfm.elcorteingles.es/SGFM/dctm/MEDIA03/201708/04/00118722703388____1__600x600.jpg","price":"14,95 €","categories":["Supermercado","Bebidas","Licores y Alcoholes","Anis licores y cremas","Licor de crema","EL PETONET licor de crema de arroz botella 75 cl"],"general_information":["Cantidad Neta: 75 cl"],"ingredients":[],"ean":"8424231114350"},{"full_name":"PICOS DE CABARIEZO crema de orujo botella 70 cl","name":"crema de orujo botella 70 cl","brand":"PICOS DE CABARIEZO ","img":"https://sgfm.elcorteingles.es/SGFM/01/14/2/0200622701142/0200622701142000g01011.jpg","price":"16,98 €","price_unit":"(24,26 € / Litro)","categories":["Supermercado","Bebidas","Licores y Alcoholes","Anis licores y cremas","Licor de crema","PICOS DE CABARIEZO crema de orujo botella 70 cl"],"general_information":["Cantidad Neta: 70 cl"],"ingredients":[],"ean":"8437008503318"},{"full_name":"DEL MONO licor de crema de anis botella 75 cl","name":"licor de crema de anis botella 75 cl","brand":"DEL MONO ","img":"https://sgfm.elcorteingles.es/SGFM/dctm/MEDIA03/201706/29/00118722703347____1__600x600.jpg","price":"9,10 €","categories":["Supermercado","Bebidas","Licores y Alcoholes","Anis licores y cremas","Licor de crema","DEL MONO licor de crema de anis botella 75 cl"],"general_information":["Denominación del alimento: Crema Licor","País de origen: España","Nombre del operador: Osborne Distribuidora, S.A.","Dirección del operador: C/E. Maristany, 115 - Badalona","Cantidad Neta: 70 Centilitros","Porcentaje de alcohol: 17%","Otras menciones obligatorias en la etiqueta: Contiene leche y sus derivados (incluida la lactosa). Bebida espirituosa obtenida a través de la mezcla de crema de leche y Anis del mono. No mezclar con bebidas cítricas."],"ingredients":[" Contiene leche, y sus derivados lácteos (incluida la lactosa)"],"conservation":" Como norma general, en lugares bien ventilados y alejados de fuentes de calor. Una vez abierto consumir en los próximos 6 meses","ean":"8410337224086"},{"full_name":"LA PRAVIANA licor de crema botella 70 cl","name":"licor de crema botella 70 cl","brand":"LA PRAVIANA ","img":"https://sgfm.elcorteingles.es/SGFM/01/47/2/0200622701472/0200622701472000g01011.jpg","price":"6,95 €","price_unit":"(9,93 € / Litro)","categories":["Supermercado","Bebidas","Licores y Alcoholes","Anis licores y cremas","Licor de crema","LA PRAVIANA licor de crema botella 70 cl"],"general_information":["Denominación del alimento: Licor de crema","Nombre del operador: Grupo La Estrella 6000 Distribucion SL","Dirección del operador: C/ Bazan 72, 33211 Gijón, Asturias","Cantidad Neta: 0.7 Litros","Porcentaje de alcohol: 15%"],"ingredients":[],"ean":"8413534002006"},{"full_name":"PERELLON licor de crema de almendra mallorquina botella 70 cl","name":"licor de crema de almendra mallorquina botella 70 cl","brand":"PERELLON ","img":"https://sgfm.elcorteingles.es/SGFM/dctm/MEDIA02/CONTENIDOS/201503/24/00118722800853____1__600x600.jpg","price":"13,53 €","price_unit":"(19,33 € / Litro)","categories":["Supermercado","Bebidas","Licores y Alcoholes","Anis licores y cremas","Licor de crema","PERELLON licor de crema de almendra mallorquina botella 70 cl"],"general_information":["Denominación del alimento: Licor de almendra","Nombre del operador: Dos Perellons S.A","Dirección del operador: Pasaje Particular 3 -5 07009 Palma (Baleares) España","Lugar de procedencia del alimento: D.O Mallorca","Cantidad Neta: 70,0 Centilitros","Porcentaje de alcohol: 17,0%"],"ingredients":[],"ean":"8412942350549"},{"full_name":"CARIOCA licor de crema botella 70 cl","name":"licor de crema botella 70 cl","brand":"CARIOCA ","img":"https://sgfm.elcorteingles.es/SGFM//02/17/4/0118722702174/0118722702174000g01011.jpg","price":"7,36 €","price_unit":"(10,51 € / Litro)","categories":["Supermercado","Bebidas","Licores y Alcoholes","Anis licores y cremas","Licor de crema","CARIOCA licor de crema botella 70 cl"],"general_information":["Cantidad Neta: 70 cl"],"ingredients":[],"ean":"8428622000444"},{"full_name":"CARIOCA licor de crema chocolate botella 70 cl","name":"licor de crema chocolate botella 70 cl","brand":"CARIOCA ","img":"https://sgfm.elcorteingles.es/SGFM//02/18/2/0118722702182/0118722702182000g01011.jpg","price":"11,53 €","price_unit":"(16,47 € / Litro)","categories":["Supermercado","Bebidas","Licores y Alcoholes","Anis licores y cremas","Licor de crema","CARIOCA licor de crema chocolate botella 70 cl"],"general_information":["Cantidad Neta: 70 cl"],"ingredients":[],"ean":"8428622000574"},{"full_name":"CARIOCA Original licor de crema botella 70 cl","name":"Original licor de crema botella 70 cl","brand":"CARIOCA ","img":"https://sgfm.elcorteingles.es/SGFM//03/12/3/0118722703123/0118722703123000g01011.jpg","price":"9,48 €","price_unit":"(13,54 € / Litro)","categories":["Supermercado","Bebidas","Licores y Alcoholes","Anis licores y cremas","Licor de crema","CARIOCA Original licor de crema botella 70 cl"],"general_information":["Cantidad Neta: 70 cl"],"ingredients":[],"ean":"8428622000567"},{"full_name":"TRIUNFO licor de crema de anís botella 70 cl","name":"licor de crema de anís botella 70 cl","brand":"TRIUNFO ","img":"https://sgfm.elcorteingles.es/SGFM/dctm/MEDIA02/CONTENIDOS/201509/10/00118722703164____1__600x600.jpg","price":"10,85 €","price_unit":"(15,50 € / Litro)","categories":["Supermercado","Bebidas","Licores y Alcoholes","Anis licores y cremas","Licor de crema","TRIUNFO licor de crema de anís botella 70 cl"],"general_information":["Cantidad Neta: 70 cl"],"ingredients":[],"ean":"8437004142108"},{"full_name":"PAZO DE USIA licor de hierbas botella 70 cl","name":"licor de hierbas botella 70 cl","brand":"PAZO DE USIA ","img":"https://sgfm.elcorteingles.es/SGFM/01/04/1/0118721901041/0118721901041000g01011.jpg","price":"7,65 €","price_unit":"(10,93 € / Litro)","categories":["Supermercado","Bebidas","Licores y Alcoholes","Anis licores y cremas","Licor de hierbas","PAZO DE USIA licor de hierbas botella 70 cl"],"general_information":["Denominación del alimento: LICOR DE HIERBAS","Nombre del operador: Embotellado para \nel Grupo El Corte Inglés\nHermosilla 112 - Madrid\nR.E.1154-OU\nEspaña","Lugar de procedencia del alimento: PRODUCTO DE ESPAÑA"],"ingredients":[],"ean":"8433329025225"},{"full_name":"PANIZO licor de hierbas botella 70 cl","name":"licor de hierbas botella 70 cl","brand":"PANIZO ","img":"https://sgfm.elcorteingles.es/SGFM/00/95/1/0118721900951/0118721900951000g01011.jpg","price":"6,20 €            ","price_unit":"(8,50 € / Litro)","categories":["Supermercado","Bebidas","Licores y Alcoholes","Anis licores y cremas","Licor de hierbas","PANIZO licor de hierbas botella 70 cl"],"general_information":["Denominación del alimento: Licor De Hierbas","Nombre del operador: Orujos Panizo, S.L.","Dirección del operador: Real, 89 -  49332 Camarzana De Tera (Zamora)","Cantidad Neta: 70,0 Centilitros","Porcentaje de alcohol: 30,0%"],"ingredients":[],"ean":"8422711152120"},{"full_name":"MAR DE FRADES licor de hierbas botella 70 cl","name":"licor de hierbas botella 70 cl","brand":"MAR DE FRADES ","img":"https://sgfm.elcorteingles.es/SGFM/00/69/6/0118721900696/0118721900696000g01011.jpg","price":"16,53 €","price_unit":"(23,61 € / Litro)","categories":["Supermercado","Bebidas","Licores y Alcoholes","Anis licores y cremas","Licor de hierbas","MAR DE FRADES licor de hierbas botella 70 cl"],"general_information":["Denominación del alimento: Orujo","País de origen: España","Nombre del operador: Zamora Distribuciones de Bebidas S.L.U.","Dirección del operador: C/ Silicio s/n-Pgno Ind. Los Camachos. 30369 Cartagena","Cantidad Neta: 70 Centilitros","Porcentaje de alcohol: 30%","Notas de cata Atractivo color amarillo verdoso muy intenso, brillante a la vista, limpio y muy herbáceo en la nariz, donde despliega notas anisadas con recuerdos de tomillo, té y manzanilla, que le aportan complejidad y gran amplitud aromática. En boca muestra un moderado dulzor, equilibrado por su fresca acidez, con toques de hierbas y finas notas balsámicas."],"ingredients":[" Aguardiente blanco, azúcar blanco, mezcla 12 tipos hierbas aromáticas"],"conservation":" Temperatura constante, no superior a 15ºC.","ean":"8436024581034"},{"full_name":"JAGERMEISTER licor de hierbas botella 70 cl","name":"licor de hierbas botella 70 cl","brand":"JAGERMEISTER ","img":"https://sgfm.elcorteingles.es/SGFM/dctm/MEDIA03/201712/04/00118721900811____6__600x600.jpg","price":"12,93 €            ","price_unit":"(18,14 € / Litro)","categories":["Supermercado","Bebidas","Licores y Alcoholes","Anis licores y cremas","Licor de hierbas","JAGERMEISTER licor de hierbas botella 70 cl"],"general_information":["Denominación del alimento: Licor","Nombre del operador: Spirit and Brands S.L.","Dirección del operador: Paseo de Gracia, 103  4º planta - 08008 Barcelona","Lugar de procedencia del alimento: Elaborado en Alemania por: Mast-Jägermeister SE, Jägermeisterstrasse 7-15, 38296 Wolfenbüttel","Cantidad Neta: 70 Centilitros","Porcentaje de alcohol: 35%"],"ingredients":[],"conservation":"Modo de empleo: Servir muy frío, del congelador.","ean":"4067700015082"},{"full_name":"JAGERMEISTERS hierbas petaca 35 cl","name":"hierbas petaca 35 cl","brand":"JAGERMEISTERS ","img":"https://sgfm.elcorteingles.es/SGFM/dctm/MEDIA03/201704/12/00118721900852____1__600x600.jpg","price":"8,89 €","categories":["Supermercado","Bebidas","Licores y Alcoholes","Anis licores y cremas","Licor de hierbas","JAGERMEISTERS hierbas petaca 35 cl"],"general_information":["Cantidad Neta: 35 cl"],"ingredients":[],"ean":"4067700015099"},{"full_name":"MARTIN CODAX aguardiente de hierbas de Galicia botella 70 cl","name":"aguardiente de hierbas de Galicia botella 70 cl","brand":"MARTIN CODAX ","img":"https://sgfm.elcorteingles.es/SGFM/00/68/8/0118721900688/0118721900688000g01011.jpg","price":"15,36 €","price_unit":"(21,94 € / Litro)","categories":["Supermercado","Bebidas","Licores y Alcoholes","Anis licores y cremas","Licor de hierbas","MARTIN CODAX aguardiente de hierbas de Galicia botella 70 cl"],"general_information":["Denominación del alimento: Orujo","Nombre del operador: Bodegas Martin Codax SAU","Dirección del operador: Burgáns, 91, 36633 Vilariño, Cambados, Pontevedra.","Lugar de procedencia del alimento: Denominacion de origen Orujo de Galicia","Cantidad Neta: 70 Centilitros","Porcentaje de alcohol: 35%","Otras menciones obligatorias en la etiqueta: Bebida espirituosa, precinto de impuestos especiales."],"ingredients":[" Aguardiente de orujo, Alcohol etílico de origen agrícola, , Hierbas Aromáticas, Azúcar, Colorante Alimentario, Caramelo de Sacarosa tipo AZ-15,"],"conservation":" No someter a cambios bruscos de temperatura (12-18°C) y humedad (60-75%)","ean":"8414825336664"},{"full_name":"MAR DE FRADES licor de orujo tostado de hierbas y frutas botella 70 cl","name":"licor de orujo tostado de hierbas y frutas botella 70 cl","brand":"MAR DE FRADES ","img":"https://sgfm.elcorteingles.es/SGFM/01/36/2/0118727201362/0118727201362000g01011.jpg","price":"24,75 €","price_unit":"(35,36 € / Litro)","categories":["Supermercado","Bebidas","Licores y Alcoholes","Anis licores y cremas","Licor de hierbas","MAR DE FRADES licor de orujo tostado de hierbas y frutas botella 70 cl"],"general_information":["Denominación del alimento: Orujo","País de origen: España","Nombre del operador: Zamora Distribuciones de Bebidas S.L.U.","Dirección del operador: C/ Silicio s/n-Pgno Ind. Los Camachos. 30369 Cartagena","Cantidad Neta: 70 Centilitros","Porcentaje de alcohol: 35%","Notas de cata Color ámbar cobrizo con destellos anaranjados en el ribete, en nariz despliega aromas a frutas maduras en almíbar, hierbas balsámicas y hojas de canela. Untuoso en la entrada de boca, goloso, alcohol bien integrado con las frutas y final especiado. El complemento perfecto de una buena mesa."],"ingredients":[" Aguardiente blanco, azúcar blanco, azúcar blanco tostado y mezcla 12 tipos hierbas aromáticas"],"conservation":" Temperatura constante, no superior a 15ºC.","ean":"8436024581010"},{"full_name":"LIMSA licor de hierbas dulces botella 70 cl","name":"licor de hierbas dulces botella 70 cl","brand":"LIMSA ","img":"https://sgfm.elcorteingles.es/SGFM/00/78/7/0118721900787/0118721900787000g01011.jpg","price":"7,65 €","price_unit":"(10,93 € / Litro)","categories":["Supermercado","Bebidas","Licores y Alcoholes","Anis licores y cremas","Licor de hierbas","LIMSA licor de hierbas dulces botella 70 cl"],"general_information":["Denominación del alimento: Licor de hierbas dulces","Nombre del operador: Licoristas Reunidos Mallorquines S.L.","Dirección del operador: Licorers, 12 - 07141 Marratxi","Cantidad Neta: 70 Centilitros","Porcentaje de alcohol: 25%"],"ingredients":[" Agua, Alcohol, Azúcar, Hierbas silvestres, caramelo, Esencias naturales"],"ean":"8412397001904"},{"full_name":"LIMSA licor de hierbas secas botella 70 cl","name":"licor de hierbas secas botella 70 cl","brand":"LIMSA ","img":"https://sgfm.elcorteingles.es/SGFM/00/79/5/0118721900795/0118721900795000g01011.jpg","price":"8,90 €","price_unit":"(12,71 € / Litro)","categories":["Supermercado","Bebidas","Licores y Alcoholes","Anis licores y cremas","Licor de hierbas","LIMSA licor de hierbas secas botella 70 cl"],"general_information":["Denominación del alimento: Licor de hierbas secas","Nombre del operador: Licoristas Reunidos Mallorquines S.L.","Dirección del operador: Licorers, 12 - 07141 Marratxi","Cantidad Neta: 70 Centilitros","Porcentaje de alcohol: 38%"],"ingredients":[" Agua, Alcohol, Azúcar, Hierbas silvestres, caramelo, Esencias naturales"],"ean":"8412397001881"},{"full_name":"LIMSA licor de hierbas semisecas botella 70 cl","name":"licor de hierbas semisecas botella 70 cl","brand":"LIMSA ","img":"https://sgfm.elcorteingles.es/SGFM/00/80/3/0118721900803/0118721900803000g01011.jpg","price":"7,23 €","price_unit":"(10,33 € / Litro)","categories":["Supermercado","Bebidas","Licores y Alcoholes","Anis licores y cremas","Licor de hierbas","LIMSA licor de hierbas semisecas botella 70 cl"],"general_information":["Denominación del alimento: Licor de hierbas semisecas","Nombre del operador: Licoristas Reunidos Mallorquines S.L.","Dirección del operador: Licorers, 12 - 07141 Marratxi","Cantidad Neta: 70 Centilitros","Porcentaje de alcohol: 30%"],"ingredients":[" Agua, Alcohol, Azúcar, Hierbas silvestres, caramelo, Esencias naturales"],"ean":"8412397001898"},{"full_name":"DOS PERELLONS licor de hierbas dulces botella 75 cl","name":"licor de hierbas dulces botella 75 cl","brand":"DOS PERELLONS ","img":"https://sgfm.elcorteingles.es/SGFM/00/75/3/0118721900753/0118721900753000g01011.jpg","price":"11,25 €","price_unit":"(15 € / Litro)","categories":["Supermercado","Bebidas","Licores y Alcoholes","Anis licores y cremas","Licor de hierbas","DOS PERELLONS licor de hierbas dulces botella 75 cl"],"general_information":["Denominación del alimento: Bebida espirituosa anisada","Nombre del operador: Dos Perellons S.A","Dirección del operador: Pasaje Particular 3 -5 07009 Palma (Baleares) España","Lugar de procedencia del alimento: D.O Mallorca","Cantidad Neta: 70,0 Centilitros","Porcentaje de alcohol: 25,0%"],"ingredients":[" Elaborado a partir de anís y plantas aromáticas, naranjo, torongín, ramita de toronjil, hinojo, menta, romero, mejorana, flores de tila, manzanilla y limonero."],"ean":"8412942350433"},{"full_name":"DOS PERELLONS licor de hierbas secas botella 75 cl","name":"licor de hierbas secas botella 75 cl","brand":"DOS PERELLONS ","img":"https://sgfm.elcorteingles.es/SGFM/00/77/9/0118721900779/0118721900779000g01011.jpg","price":"12,45 €","price_unit":"(16,60 € / Litro)","categories":["Supermercado","Bebidas","Licores y Alcoholes","Anis licores y cremas","Licor de hierbas","DOS PERELLONS licor de hierbas secas botella 75 cl"],"general_information":["Denominación del alimento: Bebida espirituosa anisada","Nombre del operador: Dos Perellons S.A","Dirección del operador: Pasaje Particular 3 -5 07009 Palma (Baleares) España","Lugar de procedencia del alimento: D.O Mallorca","Cantidad Neta: 70,0 Centilitros","Porcentaje de alcohol: 38,0%"],"ingredients":[" Elaborado a partir de anís y plantas aromáticas, naranjo, torongín, ramita de toronjil, hinojo, menta, romero, mejorana, flores de tila, manzanilla y limonero."],"ean":"8412942350457"},{"full_name":"DOS PERELLONS licor de hierbas semisecas botella 75 cl","name":"licor de hierbas semisecas botella 75 cl","brand":"DOS PERELLONS ","img":"https://sgfm.elcorteingles.es/SGFM/00/76/1/0118721900761/0118721900761000g01011.jpg","price":"11,25 €","price_unit":"(15 € / Litro)","categories":["Supermercado","Bebidas","Licores y Alcoholes","Anis licores y cremas","Licor de hierbas","DOS PERELLONS licor de hierbas semisecas botella 75 cl"],"general_information":["Denominación del alimento: Bebida espirituosa anisada","Nombre del operador: Dos Perellons S.A","Dirección del operador: Pasaje Particular 3 -5 07009 Palma (Baleares) España","Lugar de procedencia del alimento: D.O Mallorca","Cantidad Neta: 70,0 Centilitros","Porcentaje de alcohol: 28,0%"],"ingredients":[" Elaborado a partir de anís y plantas aromáticas, naranjo, torongín, ramita de toronjil, hinojo, menta, romero, mejorana, flores de tila, manzanilla y limonero."],"ean":"8412942350440"},{"full_name":"DOS PERELLONS Palo Artesá licor aperitivo botella 70 cl","name":"Palo Artesá licor aperitivo botella 70 cl","brand":"DOS PERELLONS ","img":"https://sgfm.elcorteingles.es/SGFM/dctm/MEDIA02/CONTENIDOS/201503/17/00118723600682____1__600x600.jpg","price":"12,90 €","price_unit":"(18,43 € / Litro)","categories":["Supermercado","Bebidas","Licores y Alcoholes","Anis licores y cremas","Licor de hierbas","DOS PERELLONS Palo Artesá licor aperitivo botella 70 cl"],"general_information":["Denominación del alimento: Palo artesano","Nombre del operador: Dos Perellons S.A","Dirección del operador: Pasaje Particular 3 -5 07009 Palma (Baleares) España","Lugar de procedencia del alimento: D.O Palo de Mallorca","Cantidad Neta: 70,0 Centilitros","Porcentaje de alcohol: 25,0%"],"ingredients":[],"ean":"8412942350525"},{"full_name":"MONASTERIO DE CORIAS orujo de hierbas botella 70 cl","name":"orujo de hierbas botella 70 cl","brand":"MONASTERIO DE CORIAS ","img":"https://sgfm.elcorteingles.es/SGFM/01/07/4/0118721901074/0118721901074000g01011.jpg","price":"10,96 €","categories":["Supermercado","Bebidas","Licores y Alcoholes","Anis licores y cremas","Licor de hierbas","MONASTERIO DE CORIAS orujo de hierbas botella 70 cl"],"general_information":["Cantidad Neta: 70 cl"],"ingredients":[],"ean":"8437003754623"},{"full_name":"SIERRA DEL OSO licor de orujo con hierbas botella 70 cl","name":"licor de orujo con hierbas botella 70 cl","brand":"SIERRA DEL OSO ","img":"https://sgfm.elcorteingles.es/SGFM/01/06/6/0118721901066/0118721901066000g01011.jpg","price":"15,24 €            ","price_unit":"(19,50 € / Litro)","categories":["Supermercado","Bebidas","Licores y Alcoholes","Anis licores y cremas","Licor de hierbas","SIERRA DEL OSO licor de orujo con hierbas botella 70 cl"],"general_information":["Denominación del alimento: Licor de Orujo con Hierbas","Nombre del operador: Orujo de Potes S.L.","Dirección del operador: c/ Riega de la Iglesia, 39585 ojedo, C. de liesbana, Cantabría, España","Cantidad Neta: 70 Centilitros","Porcentaje de alcohol: 25%"],"ingredients":[],"ean":"8437001523030"},{"full_name":"ALITIA licor de hierbas botella 70 cl","name":"licor de hierbas botella 70 cl","brand":"ALITIA ","img":"https://sgfm.elcorteingles.es/SGFM/00/89/4/0118721900894/0118721900894000g01011.jpg","price":"8,95 €","price_unit":"(12,79 € / Litro)","categories":["Supermercado","Bebidas","Licores y Alcoholes","Anis licores y cremas","Licor de hierbas","ALITIA licor de hierbas botella 70 cl"],"general_information":["Denominación del alimento: Licor de Hierbas","Nombre del operador: OVENTOSELA S.L.","Dirección del operador: San Clodio- Leiro-Orense-España","Cantidad Neta: 70,0 Centilitros","Porcentaje de alcohol: 28,0%"],"ingredients":[],"ean":"8414736000074"},{"full_name":"EL AFILADOR licor de hierbas botella 70 cl","name":"licor de hierbas botella 70 cl","brand":"EL AFILADOR ","img":"https://sgfm.elcorteingles.es/SGFM/dctm/MEDIA03/201710/18/00118721900639____1__600x600.jpg","price":"8,53 €","price_unit":"(12,19 € / Litro)","categories":["Supermercado","Bebidas","Licores y Alcoholes","Anis licores y cremas","Licor de hierbas","EL AFILADOR licor de hierbas botella 70 cl"],"general_information":["Cantidad Neta: 70 cl"],"ingredients":[],"ean":"8428481000777"},{"full_name":"ABADIA DA COVA licor de hierbas licorera 50 cl","name":"licor de hierbas licorera  50 cl","brand":"ABADIA DA COVA ","img":"https://sgfm.elcorteingles.es/SGFM/00/82/9/0118721900829/0118721900829000g01011.jpg","price":"10,04 €","price_unit":"(14,34 € / Litro)","categories":["Supermercado","Bebidas","Licores y Alcoholes","Anis licores y cremas","Licor de hierbas","ABADIA DA COVA licor de hierbas licorera 50 cl"],"general_information":["Denominación del alimento: Licor de hierbas","Nombre del operador: Adegas Moure","Dirección del operador: Av. Buenos Aires, 12 - 27540 Escairón (Lugo)","Lugar de procedencia del alimento: D.O. Galicia","Cantidad Neta: 500,0 Mililitros","Porcentaje de alcohol: 31,0%"],"ingredients":[],"ean":"8422251500009"},{"full_name":"CHARTREUSE licor de hierbas etiqueta verde botella 70 cl","name":"licor de hierbas etiqueta verde botella 70 cl","brand":"CHARTREUSE ","img":"https://sgfm.elcorteingles.es/SGFM/01/07/4/0200622801074/0200622801074000g01011.jpg","price":"25,50 €","price_unit":"(36,43 € / Litro)","categories":["Supermercado","Bebidas","Licores y Alcoholes","Anis licores y cremas","Licor de hierbas","CHARTREUSE licor de hierbas etiqueta verde botella 70 cl"],"general_information":["Denominación del alimento: Chartreuse Verde","Nombre del operador: Chartreuse Difusion SL","Dirección del operador: Trafalgar 4, 10º A 08010 Barcelona","Lugar de procedencia del alimento: Voiron Francia","Cantidad Neta: 70,0 Centilitros","Porcentaje de alcohol: 55,0%"],"ingredients":[" alcohol. Azucar, agua, sustancias vegetales"],"ean":"3023480110707"},{"full_name":"CHARTREUSE licor de hierbas etiqueta amarillo botella 70 cl","name":"licor de hierbas etiqueta amarillo botella 70 cl","brand":"CHARTREUSE ","img":"https://sgfm.elcorteingles.es/SGFM/01/06/6/0200622801066/0200622801066000g01011.jpg","price":"19,25 €","price_unit":"(27,50 € / Litro)","categories":["Supermercado","Bebidas","Licores y Alcoholes","Anis licores y cremas","Licor de hierbas","CHARTREUSE licor de hierbas etiqueta amarillo botella 70 cl"],"general_information":["Denominación del alimento: Chartreuse Amarillo","Nombre del operador: Chartreuse Difusion SL","Dirección del operador: Trafalgar 4, 10º A 08010 Barcelona","Lugar de procedencia del alimento: Voiron Francia","Cantidad Neta: 70,0 Centilitros","Porcentaje de alcohol: 40,0%"],"ingredients":[" alcohol. Azucar, agua, sustancias vegetales"],"ean":"3023480120706"},{"full_name":"CARIOCA aguardiente de hierbas botella 70 cl","name":"aguardiente de hierbas botella 70 cl","brand":"CARIOCA ","img":"https://sgfm.elcorteingles.es/SGFM//01/13/2/0118721901132/0118721901132000g01011.jpg","price":"7,10 €","price_unit":"(10,14 € / Litro)","categories":["Supermercado","Bebidas","Licores y Alcoholes","Anis licores y cremas","Licor de hierbas","CARIOCA aguardiente de hierbas botella 70 cl"],"general_information":["Cantidad Neta: 70 cl"],"ingredients":[],"ean":"8428622000406"},{"full_name":"TUNEL de palo licor de hierbas botella 70 cl","name":"de palo licor de hierbas botella 70 cl","brand":"TUNEL ","img":"https://sgfm.elcorteingles.es/SGFM/00/57/5/0118723600575/0118723600575000g01011.jpg","price":"11,13 €","price_unit":"(15,90 € / Litro)","categories":["Supermercado","Bebidas","Licores y Alcoholes","Anis licores y cremas","Licor de hierbas","TUNEL de palo licor de hierbas botella 70 cl"],"general_information":["Denominación del alimento: Palo de Mallorca (Anexo II del Reglamento (CE) nº 110/2008)","País de origen: España","Nombre del operador: Bodegas Tunel S.A.","Dirección del operador: Av. Príncipes de España, 3 (0741 Marratxi, Mallorca).","Lugar de procedencia del alimento: Mallorca - España","Cantidad Neta: 70 Centilitros","Porcentaje de alcohol: 30%"],"ingredients":[" Alcohol agrícola,\n  azúcar, azúcar caramelizado, botánicos (quina, genciana)."],"ean":"8414037101081"},{"full_name":"TUNEL licor de hierbas dulces botella 70 cl","name":"licor de hierbas dulces botella 70 cl","brand":"TUNEL ","img":"https://sgfm.elcorteingles.es/SGFM/00/70/4/0118721900704/0118721900704000g01011.jpg","price":"8,20 €","price_unit":"(11,71 € / Litro)","categories":["Supermercado","Bebidas","Licores y Alcoholes","Anis licores y cremas","Licor de hierbas","TUNEL licor de hierbas dulces botella 70 cl"],"general_information":["Denominación del alimento: Hierbas de Mallorca (Anexo II del Reglamento (CE) nº 110/2008)","País de origen: España","Nombre del operador: Bodegas Tunel S.A.","Dirección del operador: Av. Príncipes de España, 3 (0741 Marratxi, Mallorca).","Lugar de procedencia del alimento: Mallorca - España","Cantidad Neta: 70 Centilitros","Porcentaje de alcohol: 22%"],"ingredients":[" Alcohol agrícola,\n  azúcar, anís destilado, botánicos (naranjo, limonero, melisa, romero,\n  manzanilla, hierbaluisa e hinojo)"],"ean":"8414037102071"},{"full_name":"TUNEL licor de hierbas mezcladas botella 70 cl","name":"licor de hierbas mezcladas botella 70 cl","brand":"TUNEL ","img":"https://sgfm.elcorteingles.es/SGFM/00/72/0/0118721900720/0118721900720000g01011.jpg","price":"9,49 €","price_unit":"(13,56 € / Litro)","categories":["Supermercado","Bebidas","Licores y Alcoholes","Anis licores y cremas","Licor de hierbas","TUNEL licor de hierbas mezcladas botella 70 cl"],"general_information":["Denominación del alimento: Hierbas de Mallorca (Anexo II del Reglamento (CE) nº 110/2008)","País de origen: España","Nombre del operador: Bodegas Tunel S.A.","Dirección del operador: Av. Príncipes de España, 3 (0741 Marratxi, Mallorca).","Lugar de procedencia del alimento: Mallorca - España","Cantidad Neta: 70 Centilitros","Porcentaje de alcohol: 30%"],"ingredients":[" Alcohol agrícola,\n  azúcar, anís destilado, botánicos (naranjo, limonero, melisa, romero,\n  manzanilla, hierbaluisa e hinojo)"],"ean":"8414037104075"},{"full_name":"TUNEL licor de hierbas secas botella 70 cl","name":"licor de hierbas secas botella 70 cl","brand":"TUNEL ","img":"https://sgfm.elcorteingles.es/SGFM/00/71/2/0118721900712/0118721900712000g01011.jpg","price":"12,10 €","price_unit":"(17,29 € / Litro)","categories":["Supermercado","Bebidas","Licores y Alcoholes","Anis licores y cremas","Licor de hierbas","TUNEL licor de hierbas secas botella 70 cl"],"general_information":["Denominación del alimento: Hierbas de Mallorca (Anexo II del Reglamento (CE) nº 110/2008)","País de origen: España","Nombre del operador: Bodegas Tunel S.A.","Dirección del operador: Av. Príncipes de España, 3 (0741 Marratxi, Mallorca).","Lugar de procedencia del alimento: Mallorca - España","Cantidad Neta: 70 Centilitros","Porcentaje de alcohol: 40%"],"ingredients":[" Alcohol agrícola,\n  azúcar, anís destilado, botánicos (naranjo, limonero, melisa, romero,\n  manzanilla, hierbaluisa e hinojo)"],"ean":"8414037103078"},{"full_name":"QUEVAL licor de hierbas botella 70 cl","name":"licor de hierbas botella 70 cl","brand":"QUEVAL ","img":"https://sgfm.elcorteingles.es/SGFM/dctm/MEDIA02/CONTENIDOS/201601/18/00118728605710____1__600x600.jpg","price":"16,45 €","price_unit":"(23,50 € / Litro)","categories":["Supermercado","Bebidas","Licores y Alcoholes","Anis licores y cremas","Licor de hierbas","QUEVAL licor de hierbas botella 70 cl"],"general_information":["Cantidad Neta: 70 cl"],"ingredients":[],"ean":"0742832473170"},{"full_name":"RUAVIEJA licor de hierbas botella 1 l","name":"licor de hierbas botella 1 l","brand":"RUAVIEJA ","img":"https://sgfm.elcorteingles.es/SGFM/dctm/MEDIA02/CONTENIDOS/201511/12/00200621900687____1__600x600.jpg","price":"12,05 €","price_unit":"(12,05 € / Litro)","categories":["Supermercado","Bebidas","Licores y Alcoholes","Anis licores y cremas","Licor de hierbas","RUAVIEJA licor de hierbas botella 1 l"],"general_information":["Denominación del alimento: Licor","País de origen: España","Nombre del operador: Pernod Ricard España","Dirección del operador: Avda. José Ortega y Gasset, 201 ? 5ª Planta   29006 MALAGA","Cantidad Neta: 100 Centilitros","Porcentaje de alcohol: 30%","Otras menciones obligatorias en la etiqueta: No contiene ninguna de las sustancias o productos que causan alergias o intolerancias recogidos en el anexo II del Reglamento 1169/2011. Nuestros productos están etiquetados de acuerdo a las reglas legales y de mercado sobre etiquetado de bebidas espirituosas","Notas de cata Los abundantes aromas de las hierbas convergen en matices de hojas secas, pino y\nmazapán. Destacan por su\nintensidad la menta, la canela y la manzanilla."],"ingredients":[],"conservation":" Conservar alejada de luces intensas y en lugares con temperatura fresca y constante, en posición vertical.","ean":"8412006106167"},{"full_name":"RUAVIEJA licor de hierbas botella 70 cl","name":"licor de hierbas botella 70 cl","brand":"RUAVIEJA ","img":"https://sgfm.elcorteingles.es/SGFM/dctm/MEDIA02/CONTENIDOS/201511/03/00118721900837____1__600x600.jpg","price":"8,81 €            ","price_unit":"(11,41 € / Litro)","categories":["Supermercado","Bebidas","Licores y Alcoholes","Anis licores y cremas","Licor de hierbas","RUAVIEJA licor de hierbas botella 70 cl"],"general_information":["Cantidad Neta: 70 cl","Notas de cata Los abundantes aromas de las hierbas convergen en matices de hojas secas, pino y\nmazapán. Destacan por su\nintensidad la menta, la canela y la manzanilla."],"ingredients":[],"ean":"8410045104700"},{"full_name":"SECRETOS DEL POQUEIRA licor de orujo de hierbas botella 1 l","name":"licor de orujo de hierbas botella 1 l","brand":"SECRETOS DEL POQUEIRA ","img":"https://sgfm.elcorteingles.es/SGFM//00/92/8/0118721900928/0118721900928000g01011.jpg","price":"8,65 €","price_unit":"(8,65 € / Litro)","categories":["Supermercado","Bebidas","Licores y Alcoholes","Anis licores y cremas","Licor de hierbas","SECRETOS DEL POQUEIRA licor de orujo de hierbas botella 1 l"],"general_information":["Denominación del alimento: Licor de hierbas","Nombre del operador: Destileria y dist. Liber, S.L.","Dirección del operador: C/Mulhacén Pol. Ind. La Paloma -18640 Padul (Granada)","Cantidad Neta: 1000,0 Mililitros","Porcentaje de alcohol: 30,0%"],"ingredients":[],"ean":"8437003085109"},{"full_name":"AGUADOMIÑO licor de hierbas botella 70 cl","name":"licor de hierbas botella 70 cl","brand":"AGUADOMIÑO ","img":"https://sgfm.elcorteingles.es/SGFM/dctm/MEDIA03/201701/10/00118721901140____2__600x600.jpg","price":"24,00 €","categories":["Supermercado","Bebidas","Licores y Alcoholes","Anis licores y cremas","Licor de hierbas","AGUADOMIÑO licor de hierbas botella 70 cl"],"general_information":["Denominación del alimento: Licor de Hierbas","Nombre del operador: Londinel S.L","Dirección del operador: Parcela nº1, P. Act. 2A, p. Emp. Pereiro de Aguiar, 32710 - Pereiro de Aguiar - (Ourense) España","Cantidad Neta: 70 Centilitros","Porcentaje de alcohol: 30%"],"ingredients":[],"ean":"8436027831112"},{"full_name":"BAGOA DOCE licor de hierbas y flores botella 70 cl","name":"licor de hierbas y flores botella 70 cl","brand":"BAGOA DOCE ","img":"https://sgfm.elcorteingles.es/SGFM/dctm/MEDIA02/CONTENIDOS/201505/21/00118721901157____1__600x600.jpg","price":"24,95 €","price_unit":"(35,64 € / Litro)","categories":["Supermercado","Bebidas","Licores y Alcoholes","Anis licores y cremas","Licor de hierbas","BAGOA DOCE licor de hierbas y flores botella 70 cl"],"general_information":["Cantidad Neta: 70 cl"],"ingredients":[],"ean":"8414606570133"},{"full_name":"LIMONCELLO italiano licor de limón Mediterráneo botella 70 cl","name":"italiano licor de limón Mediterráneo botella 70 cl","brand":"LIMONCELLO ","img":"https://sgfm.elcorteingles.es/SGFM/dctm/MEDIA02/CONTENIDOS/201502/03/00118728602436____1__600x600.jpg","price":"8,80 €            ","price_unit":"(11,64 € / Litro)","categories":["Supermercado","Bebidas","Licores y Alcoholes","Anis licores y cremas","Licor de limón","LIMONCELLO italiano licor de limón Mediterráneo botella 70 cl"],"general_information":["Denominación del alimento: Licor","País de origen: Italia","Nombre del operador: Licor Mediterraneo S.L.","Dirección del operador: P.Ind. La Ermita - c/Níquel, 15 - 29603 Marbella (MA)","Cantidad Neta: 70 Centilitros","Porcentaje de alcohol: 28%"],"ingredients":[" Infusión alcohólica de cáscaras de \"Limoni di Sicilia\", azúcar, aromas naturales."],"conservation":"Modo de empleo: Servir muy frío.","ean":"8436016080019"},{"full_name":"VILLA MASSA licor de limón botella 70 cl","name":"licor de limón botella 70 cl","brand":"VILLA MASSA ","img":"https://sgfm.elcorteingles.es/SGFM/dctm/MEDIA03/201710/10/00118728600273____2__600x600.jpg","price":"13,30 €","price_unit":"(19 € / Litro)","categories":["Supermercado","Bebidas","Licores y Alcoholes","Anis licores y cremas","Licor de limón","VILLA MASSA licor de limón botella 70 cl"],"general_information":["Cantidad Neta: 70 cl"],"ingredients":[],"ean":"8410221801461"},{"full_name":"BELLAMARE licor limoncello botella 70 cl","name":"licor limoncello botella 70 cl","brand":"BELLAMARE ","img":"https://sgfm.elcorteingles.es/SGFM/03/38/4/0118728603384/0118728603384000g01011.jpg","price":"11,97 €","categories":["Supermercado","Bebidas","Licores y Alcoholes","Anis licores y cremas","Licor de limón","BELLAMARE licor limoncello botella 70 cl"],"general_information":["Denominación del alimento: Licor Limoncello","Nombre del operador: Teichenné, S.A.","Dirección del operador: Ctra. N-340, Km 1194,8 Bellvei del Penedès (Tarragona), España.","Cantidad Neta: 70 Centilitros","Porcentaje de alcohol: 30.0%"],"ingredients":[],"conservation":" Preferiblemente, conservese protegido del sol y de las altas temperaturas.","ean":"8413425011025"},{"full_name":"LIMONCE licor de limón botella 70 cl","name":"licor de limón botella 70 cl","brand":"LIMONCE ","img":"https://sgfm.elcorteingles.es/SGFM/dctm/MEDIA03/201701/04/00118728603756____1__600x600.jpg","price":"15,18 €","price_unit":"(21,69 € / Litro)","categories":["Supermercado","Bebidas","Licores y Alcoholes","Anis licores y cremas","Licor de limón","LIMONCE licor de limón botella 70 cl"],"general_information":["Denominación del alimento: Licor de Limón","Nombre del operador: Import. Export. Varma S.A.","Dirección del operador: C/ La granja, 15 - Pol. Industrial Alcobendas. 28108 Alcobendas (Madrid) - España","Cantidad Neta: 700,0 Mililitros","Porcentaje de alcohol: 25,0%"],"ingredients":[" Agua, alcohol y limón."],"ean":"8000440113379"},{"full_name":"CARIOCA licor de frutas limoncello botella 70 cl","name":"licor de frutas limoncello botella 70 cl","brand":"CARIOCA ","img":"https://sgfm.elcorteingles.es/SGFM//05/59/5/0118728605595/0118728605595000g01011.jpg","price":"6,09 €","price_unit":"(8,70 € / Litro)","categories":["Supermercado","Bebidas","Licores y Alcoholes","Anis licores y cremas","Licor de limón","CARIOCA licor de frutas limoncello botella 70 cl"],"general_information":["Cantidad Neta: 70 cl"],"ingredients":[],"ean":"8428622000505"},{"full_name":"TRIUNFO licor de limón botella 70 cl","name":"licor de limón botella 70 cl","brand":"TRIUNFO ","img":"https://sgfm.elcorteingles.es/SGFM/dctm/MEDIA02/CONTENIDOS/201509/10/00118728605686____1__600x600.jpg","price":"7,87 €","price_unit":"(11,24 € / Litro)","categories":["Supermercado","Bebidas","Licores y Alcoholes","Anis licores y cremas","Licor de limón","TRIUNFO licor de limón botella 70 cl"],"general_information":["Cantidad Neta: 70 cl"],"ingredients":[],"ean":"8437004142313"},{"full_name":"BEAT'S licor de manzana verde botella 70 cl","name":"licor de manzana verde botella 70 cl","brand":"BEAT'S ","img":"https://sgfm.elcorteingles.es/SGFM/dctm/MEDIA03/201606/22/00118728605355____1__600x600.jpg","price":"2,88 €","price_unit":"(4,11 € / Litro)","categories":["Supermercado","Bebidas","Licores y Alcoholes","Anis licores y cremas","Licores diversos","BEAT'S licor de manzana verde botella 70 cl"],"general_information":["Denominación del alimento: LICOR DE MANZANA VERDE","Nombre del operador: Embotellado para \nel Grupo El Corte Inglés\nHermosilla 112 - Madrid\npor R.E. 1829-T2\nEspaña","Lugar de procedencia del alimento: PRODUCTO DE ESPAÑA"],"ingredients":[],"ean":"8433329029476"},{"full_name":"BEAT'S licor de melocotón botella 70 cl","name":"licor de melocotón botella 70 cl","brand":"BEAT'S ","img":"https://sgfm.elcorteingles.es/SGFM/dctm/MEDIA03/201606/22/00118728605363____1__600x600.jpg","price":"2,88 €","price_unit":"(4,11 € / Litro)","categories":["Supermercado","Bebidas","Licores y Alcoholes","Anis licores y cremas","Licores diversos","BEAT'S licor de melocotón botella 70 cl"],"general_information":["Denominación del alimento: BEBIDA ESPIRITUOSA","Nombre del operador: Embotellado para \nel Grupo El Corte Inglés\nHermosilla 112 - Madrid\npor R.E. 2330/B\nEspaña"],"ingredients":[" Licor a base de Ron añejo, hierbabuena, azúcar y lima."],"ean":"8433329029483"},{"full_name":"GRAND MARNIER licor Cordon Rouge botella 70 cl","name":"licor Cordon Rouge botella 70 cl","brand":"GRAND MARNIER ","img":"https://sgfm.elcorteingles.es/SGFM/00/64/1/0118723600641/0118723600641000g01011.jpg","price":"19,13 €","price_unit":"(27,33 € / Litro)","categories":["Supermercado","Bebidas","Licores y Alcoholes","Anis licores y cremas","Licores diversos","GRAND MARNIER licor Cordon Rouge botella 70 cl"],"general_information":["Denominación del alimento: Cognac","País de origen: Francia","Nombre del operador: Campari España S.L","Dirección del operador: c/ Marina 16-18, CP 08005 Barcelona","Cantidad Neta: 70 Centilitros","Porcentaje de alcohol: 40%"],"ingredients":[],"ean":"3018300004229"},{"full_name":"YACHTING peche licor de whisky al melocotón botella 70 cl","name":"peche licor de whisky al melocotón botella 70 cl","brand":"YACHTING ","img":"https://sgfm.elcorteingles.es/SGFM/00/79/6/0118722800796/0118722800796000g01011.jpg","price":"5,45 €","price_unit":"(7,79 € / Litro)","categories":["Supermercado","Bebidas","Licores y Alcoholes","Anis licores y cremas","Licores diversos","YACHTING peche licor de whisky al melocotón botella 70 cl"],"general_information":["Denominación del alimento: Licor","País de origen: España","Nombre del operador: BARDINET,S.A.","Dirección del operador: Camí Can Valls s/n- 08790 Gelida","Cantidad Neta: 70,0 Centilitros","Porcentaje de alcohol: 18,0%"],"ingredients":[],"ean":"3014400005463"},{"full_name":"FLORIDAJUS batida de coco botella 70 cl","name":"batida de coco botella 70 cl","brand":"FLORIDAJUS ","img":"https://sgfm.elcorteingles.es/SGFM/00/78/1/0118723600781/0118723600781000g01011.jpg","price":"7,69 €","price_unit":"(10,99 € / Litro)","categories":["Supermercado","Bebidas","Licores y Alcoholes","Anis licores y cremas","Licores diversos","FLORIDAJUS batida de coco botella 70 cl"],"general_information":["Denominación del alimento: Licor","Nombre del operador: Comercial Masoliver S.A.U.","Dirección del operador: Calle Puntia. 18 - 17857 Begudà (Girona) España","Lugar de procedencia del alimento: ES - Español","Cantidad Neta: 700 Mililitros","Porcentaje de alcohol: 16%"],"ingredients":[" Contiene leche"],"conservation":" Conservar en un lugar fresco y seco. Conservar en frio una vez abierto.","ean":"8414771850283"},{"full_name":"CABALLERO ponche licor original botella 70 cl","name":"ponche licor original botella 70 cl","brand":"CABALLERO ","img":"https://sgfm.elcorteingles.es/SGFM/dctm/MEDIA02/CONTENIDOS/201507/30/00118722800739____2__600x600.jpg","price":"10,39 €            ","price_unit":"(14,21 € / Litro)","categories":["Supermercado","Bebidas","Licores y Alcoholes","Anis licores y cremas","Licores diversos","CABALLERO ponche licor original botella 70 cl"],"general_information":["Cantidad Neta: 70 cl"],"ingredients":[],"ean":"8410863023009"},{"full_name":"MANGAROCA batida de coco botella 70 cl","name":"batida de coco botella 70 cl","brand":"MANGAROCA ","img":"https://sgfm.elcorteingles.es/SGFM/00/40/6/0118728600406/0118728600406000g01011.jpg","price":"8,98 €","price_unit":"(12,83 € / Litro)","categories":["Supermercado","Bebidas","Licores y Alcoholes","Anis licores y cremas","Licores diversos","MANGAROCA batida de coco botella 70 cl"],"general_information":["Cantidad Neta: 70 cl"],"ingredients":[],"ean":"4003310016095"},{"full_name":"COINTREAU licor seco botella 70 cl","name":"licor seco botella 70 cl","brand":"COINTREAU ","img":"https://sgfm.elcorteingles.es/SGFM/00/11/2/0118723600112/0118723600112000g01011.jpg","price":"14,99 €","price_unit":"(21,41 € / Litro)","categories":["Supermercado","Bebidas","Licores y Alcoholes","Anis licores y cremas","Licores diversos","COINTREAU licor seco botella 70 cl"],"general_information":["Cantidad Neta: 70 cl"],"ingredients":[],"ean":"3035540009241"},{"full_name":"CYNAR licor de alcachofa receta original botella 70 cl","name":"licor de alcachofa receta original botella 70 cl","brand":"CYNAR ","img":"https://sgfm.elcorteingles.es/SGFM/dctm/MEDIA03/201701/16/00118722801786____1__600x600.jpg","price":"14,92 €","price_unit":"(21,31 € / Litro)","categories":["Supermercado","Bebidas","Licores y Alcoholes","Anis licores y cremas","Licores diversos","CYNAR licor de alcachofa receta original botella 70 cl"],"general_information":["Denominación del alimento: Licor","Nombre del operador: Campari España S.L","Dirección del operador: c/ Marina 16-18, CP 08005 Barcelona","Cantidad Neta: 100 Centilitros","Porcentaje de alcohol: 16.5%"],"ingredients":[],"ean":"8002240001009"},{"full_name":"NARANCELLO licor del mediterraneo botella 70 cl","name":"licor del mediterraneo botella 70 cl","brand":"NARANCELLO ","img":"https://sgfm.elcorteingles.es/SGFM/dctm/MEDIA03/201701/16/00118728605918____1__600x600.jpg","price":"8,46 €            ","price_unit":"(11,64 € / Litro)","categories":["Supermercado","Bebidas","Licores y Alcoholes","Anis licores y cremas","Licores diversos","NARANCELLO licor del mediterraneo botella 70 cl"],"general_information":["Denominación del alimento: Licor","País de origen: Italia","Nombre del operador: Licor Mediterraneo S.L.","Dirección del operador: P.Ind. La Ermita - c/Níquel, 15 - 29603 Marbella (MA)","Cantidad Neta: 70 Centilitros","Porcentaje de alcohol: 28%"],"ingredients":[" Infusión hidroalcohólica de cáscaras de \"Arancio dolce di Sicilia\", azúcar, colorante (E-110), aromas naturales."],"conservation":"Modo de empleo: Servir muy frío.","ean":"8436016080200"},{"full_name":"DOMUZ licor de almendra amarga botella 70 cl","name":"licor de almendra amarga botella 70 cl","brand":"DOMUZ ","img":"https://sgfm.elcorteingles.es/SGFM/00/91/1/0118722800911/0118722800911000g01011.jpg","price":"9,46 €            ","price_unit":"(11,50 € / Litro)","categories":["Supermercado","Bebidas","Licores y Alcoholes","Anis licores y cremas","Licores diversos","DOMUZ licor de almendra amarga botella 70 cl"],"general_information":["Denominación del alimento: Licor de Almendra amarga.","Nombre del operador: Novadelta Comercio e Industria de Café S.A.","Dirección del operador: Herdade das Argamassas 7370-071 Campo Maior - Portugal.","Cantidad Neta: 70,0 Centilitros","Porcentaje de alcohol: 20,0%"],"ingredients":[" Agua, almendras, azúcares, alcohol, extractos aromáticos naturales."],"ean":"5601344280049"},{"full_name":"BEIRAO licor de Portugal botella 70 cl","name":"licor de Portugal botella 70 cl","brand":"BEIRAO ","img":"https://sgfm.elcorteingles.es/SGFM/dctm/MEDIA03/201607/08/00118722800929____1__600x600.jpg","price":"11,47 €            ","price_unit":"(14,64 € / Litro)","categories":["Supermercado","Bebidas","Licores y Alcoholes","Anis licores y cremas","Licores diversos","BEIRAO licor de Portugal botella 70 cl"],"general_information":["Denominación del alimento: Licor de Portugal.","Nombre del operador: Novadelta Comercio e Industria de Café S.A.","Dirección del operador: Herdade das Argamassas 7370-071 Campo Maior - Portugal.","Cantidad Neta: 70 Centilitros","Porcentaje de alcohol: 22.0%"],"ingredients":[" Plantas y semillas aromáticas maceradas."],"conservation":" Conserve a temperatura ambiente.","ean":"5602042100707"},{"full_name":"SOUTHERN COMFORT licor de whisky de New Orleans botella 70 cl","name":"licor de whisky de New Orleans botella 70 cl","brand":"SOUTHERN COMFORT ","img":"https://sgfm.elcorteingles.es/SGFM/dctm/MEDIA02/CONTENIDOS/201411/19/00118722900117____1__600x600.jpg","price":"20,74 €","price_unit":"(29,63 € / Litro)","categories":["Supermercado","Bebidas","Licores y Alcoholes","Anis licores y cremas","Licores diversos","SOUTHERN COMFORT licor de whisky de New Orleans botella 70 cl"],"general_information":["Cantidad Neta: 70 cl"],"ingredients":[],"ean":"1210000100467"},{"full_name":"GRAN PECHER licor de melocotón botella 70 cl","name":"licor de melocotón botella 70 cl","brand":"GRAN PECHER ","img":"https://sgfm.elcorteingles.es/SGFM/01/19/8/0118728601198/0118728601198000g01011.jpg","price":"6,17 €","price_unit":"(8,81 € / Litro)","categories":["Supermercado","Bebidas","Licores y Alcoholes","Anis licores y cremas","Licores diversos","GRAN PECHER licor de melocotón botella 70 cl"],"general_information":["Cantidad Neta: 70 cl"],"ingredients":[],"ean":"8410023006934"},{"full_name":"OZEKI Josen Kinkan sake botella 72 cl","name":"Josen Kinkan sake botella 72 cl","brand":"OZEKI ","img":"https://sgfm.elcorteingles.es/SGFM/dctm/MEDIA03/201604/27/00118723601581____1__600x600.jpg","price":"15,91 €","categories":["Supermercado","Bebidas","Licores y Alcoholes","Anis licores y cremas","Licores diversos","OZEKI Josen Kinkan sake botella 72 cl"],"general_information":["Cantidad Neta: 72 cl"],"ingredients":[],"ean":"4901061105726"},{"full_name":"KRUPNIK licor de miel botella 70 cl","name":"licor de miel botella 70 cl","brand":"KRUPNIK ","img":"https://sgfm.elcorteingles.es/SGFM/dctm/MEDIA03/201610/18/00118720900309____1__600x600.jpg","price":"7,39 €","price_unit":"(10,56 € / Litro)","categories":["Supermercado","Bebidas","Licores y Alcoholes","Anis licores y cremas","Licores diversos","KRUPNIK licor de miel botella 70 cl"],"general_information":["Cantidad Neta: 70 cl"],"ingredients":[],"ean":"5900595002791"},{"full_name":"GRAN POMIER licor de manzana botella 70 cl","name":"licor de manzana botella 70 cl","brand":"GRAN POMIER ","img":"https://sgfm.elcorteingles.es/SGFM/dctm/MEDIA02/CONTENIDOS/201505/05/00200628605396____1__600x600.jpg","price":"6,17 €","price_unit":"(8,81 € / Litro)","categories":["Supermercado","Bebidas","Licores y Alcoholes","Anis licores y cremas","Licores diversos","GRAN POMIER licor de manzana botella 70 cl"],"general_information":["Denominación del alimento: Licor de manzana","Nombre del operador: GONZÁLEZ BYASS S.A.","Dirección del operador: Manuel Mª González 12, 11403 JEREZ DE LA FRONTERA","Cantidad Neta: 70,0 Centilitros","Porcentaje de alcohol: 15,0%"],"ingredients":[],"ean":"8410023006941"},{"full_name":"LICOR 43 licor original botella 70 cl","name":"licor original botella 70 cl","brand":"LICOR 43 ","img":"https://sgfm.elcorteingles.es/SGFM/00/58/2/0200623600582/0200623600582000g01011.jpg","price":"13,04 €","price_unit":"(18,63 € / Litro)","categories":["Supermercado","Bebidas","Licores y Alcoholes","Anis licores y cremas","Licores diversos","LICOR 43 licor original botella 70 cl"],"general_information":["Denominación del alimento: Licor","País de origen: España","Nombre del operador: DZ LICORES, SL","Dirección del operador: C/ Silicio, 10 - Cartagena - España","Cantidad Neta: 70 Centilitros","Porcentaje de alcohol: 31%"],"ingredients":[" Azúcares, alcohol, agua, aromas, ácido cítrico, colorantes E102 y E110"],"conservation":" Evitar exposición solar y temperaturas superiores a 30°","ean":"8410221110150"},{"full_name":"LICOR 43 licor original botella 1 l","name":"licor original botella 1 l","brand":"LICOR 43 ","img":"https://sgfm.elcorteingles.es/SGFM/dctm/MEDIA02/CONTENIDOS/201507/09/00118723601557____1__600x600.jpg","price":"19,79 €","price_unit":"(19,79 € / Litro)","categories":["Supermercado","Bebidas","Licores y Alcoholes","Anis licores y cremas","Licores diversos","LICOR 43 licor original botella 1 l"],"general_information":["Denominación del alimento: Licor","País de origen: España","Nombre del operador: Zamora Distribuciones de Bebidas S.L.U.","Dirección del operador: C/ Silicio s/n-Pgno Ind. Los Camachos. 30369 Cartagena","Cantidad Neta: 100 Centilitros","Porcentaje de alcohol: 31%"],"ingredients":[" Azúcares, alcohol, agua, aromas, ácido cítrico, colorantes E102 y E110"],"conservation":" Evitar exposición solar y temperaturas superiores a 30°","ean":"8410221801096"},{"full_name":"LICOR 43 Orochata licor de con horchata de Valencia botella 70 l","name":"Orochata licor de con horchata de Valencia botella 70 l","brand":"LICOR 43 ","img":"https://sgfm.elcorteingles.es/SGFM/dctm/MEDIA03/201611/24/00200622703809____1__600x600.jpg","price":"14,03 €            ","price_unit":"(18,07 € / Litro)","categories":["Supermercado","Bebidas","Licores y Alcoholes","Anis licores y cremas","Licores diversos","LICOR 43 Orochata licor de con horchata de Valencia botella 70 l"],"general_information":["Denominación del alimento: Licor","País de origen: España","Nombre del operador: Zamora Distribuciones de Bebidas S.L.U.","Dirección del operador: C/ Silicio s/n-Pgno Ind. Los Camachos. 30369 Cartagena","Cantidad Neta: 70 Centilitros","Porcentaje de alcohol: 16%"],"ingredients":[" Agua, azúcares, alcohol, maltodextrinas, aceite vegetal, horchata de chufa, proteina de la leche, aromas, emulgente E471, estabilizante E415, colorantes E102 y E110, acido cítrico. Puede contener trazas de leche. No contiene gluten."],"conservation":" Evitar la exposición solar y temperaturas por encima de 30º, conservar en lugar refrigerado, agitar antes de degustarlo","ean":"8410221801416"},{"full_name":"GALILEO licor brand botella 70 cl","name":"licor brand botella 70 cl","brand":"GALILEO ","img":"https://sgfm.elcorteingles.es/SGFM//01/36/4/0118722801364/0118722801364000g01011.jpg","price":"10,25 €","price_unit":"(14,64 € / Litro)","categories":["Supermercado","Bebidas","Licores y Alcoholes","Anis licores y cremas","Licores diversos","GALILEO licor brand botella 70 cl"],"general_information":["Cantidad Neta: 70 cl"],"ingredients":[],"ean":"8428622000314"},{"full_name":"GALILEO licor de orujo frutas del bosque botella 70 cl","name":"licor de orujo frutas del bosque botella 70 cl","brand":"GALILEO ","img":"https://sgfm.elcorteingles.es/SGFM//05/55/3/0118728605553/0118728605553000g01011.jpg","price":"7,29 €","price_unit":"(10,41 € / Litro)","categories":["Supermercado","Bebidas","Licores y Alcoholes","Anis licores y cremas","Licores diversos","GALILEO licor de orujo frutas del bosque botella 70 cl"],"general_information":["Cantidad Neta: 70 cl"],"ingredients":[],"ean":"8428622000369"},{"full_name":"TOCINO DE CIELO licor al brandy de Jerez botella 70 cl","name":"licor al brandy de Jerez botella 70 cl","brand":"TOCINO DE CIELO ","img":"https://sgfm.elcorteingles.es/SGFM/dctm/MEDIA03/201710/27/00118725301156____1__600x600.jpg","price":"8,95 €","price_unit":"(12,79 € / Litro)","categories":["Supermercado","Bebidas","Licores y Alcoholes","Anis licores y cremas","Licores diversos","TOCINO DE CIELO licor al brandy de Jerez botella 70 cl"],"general_information":["Cantidad Neta: 70 cl"],"ingredients":[],"ean":"8411587750011"},{"full_name":"RUAVIEJA licor de té con jengibre botella 70 cl","name":"licor de té con jengibre botella 70 cl","brand":"RUAVIEJA ","img":"https://sgfm.elcorteingles.es/SGFM/dctm/MEDIA03/201612/21/00200622801652____1__600x600.jpg","price":"10,95 €","price_unit":"(15,64 € / Litro)","categories":["Supermercado","Bebidas","Licores y Alcoholes","Anis licores y cremas","Licores diversos","RUAVIEJA licor de té con jengibre botella 70 cl"],"general_information":["Denominación del alimento: Licor","País de origen: España","Nombre del operador: Pernod Ricard España","Dirección del operador: Avda. José Ortega y Gasset, 201 ? 5ª Planta   29006 MALAGA","Cantidad Neta: 70 Centilitros","Porcentaje de alcohol: 17%","Otras menciones obligatorias en la etiqueta: No contiene ninguna de las sustancias o productos que causan alergias o intolerancias recogidos en el anexo II del Reglamento 1169/2011. Nuestros productos están etiquetados de acuerdo a las reglas legales y de mercado sobre etiquetado de bebidas espirituosas","Notas de cata En nariz destaca por sus aromas a té, jengibre, limón y una suave nota a aguardiente de orujo. En Boca es untuoso, persistente y ardiente con un dulzor de intensidad media."],"ingredients":[],"conservation":" Conservar alejada de luces intensas y en lugares con temperatura fresca y constante, en posición vertical.","ean":"8412006400388"},{"full_name":"MIURA licor de guindas botella 70 cl","name":"licor de guindas botella 70 cl","brand":"MIURA ","img":"https://sgfm.elcorteingles.es/SGFM/dctm/MEDIA03/201710/17/00118728600463____1__600x600.jpg","price":"8,53 €            ","price_unit":"(11,79 € / Litro)","categories":["Supermercado","Bebidas","Licores y Alcoholes","Anis licores y cremas","Licores diversos","MIURA licor de guindas botella 70 cl"],"general_information":["Denominación del alimento: LICOR","Nombre del operador: DESTILLERIAS DE CAZALLA S.A.","Dirección del operador: VIRGEN DEL MONTE 53 ,CAZALLA,SEVILLA , ESPAÑA","Lugar de procedencia del alimento: SEVILLLA","Cantidad Neta: 70 Centilitros","Porcentaje de alcohol: 20%","Otras menciones obligatorias en la etiqueta: not-set-for-locale","Temperatura de servicio: Entre 5°C y 6°C","Notas de cata Exquisito licor elaborado según la receta tradicional con guindas silvestres cuidadosamente maceradas en un excelente aguardiente anisado destilados en alambiques centenarios. Dulce y cremoso, de aroma suave. \nDelicioso combiando con refrescos de frutas."],"ingredients":[" not-set-for-localenot-set-for-locale"],"ean":"8410863200004"},{"full_name":"CAROLANS licor Irish Cream botella 70 cl","name":"licor Irish Cream botella 70 cl","brand":"CAROLANS ","img":"https://sgfm.elcorteingles.es/SGFM/00/78/0/0118722700780/0118722700780000g01011.jpg","price":"9,14 €","price_unit":"(1,31 € / Litro)","categories":["Supermercado","Bebidas","Licores y Alcoholes","Anis licores y cremas","Licores diversos","CAROLANS licor Irish Cream botella 70 cl"],"general_information":["Denominación del alimento: Licor","Nombre del operador: Campari España S.L","Dirección del operador: c/ Marina 16-18, CP 08005 Barcelona","Cantidad Neta: 70 Centilitros","Porcentaje de alcohol: 17.0%"],"ingredients":[" Natas frescas (33%),azucar alcohol, proteínas de leche, maltodextrina, emulsionante E48I, miel(0.42%), aromas, colorantes E150A, regulador de acidez E331 , whisky Irlandés, colorante E160B, contiene leche y natas frescas."],"conservation":" Conservar mejor en frigorífico, evitar el calor, no mezclar con limón o derivados.","ean":"5011026105223"},{"full_name":"SPANISH ART licor de pimienta botella 70 cl","name":"licor de pimienta botella 70 cl","brand":"SPANISH ART ","img":"https://sgfm.elcorteingles.es/SGFM/dctm/MEDIA03/201610/05/00118722801711____1__600x600.jpg","price":"8,06 €            ","price_unit":"(10,64 € / Litro)","categories":["Supermercado","Bebidas","Licores y Alcoholes","Anis licores y cremas","Licores diversos","SPANISH ART licor de pimienta botella 70 cl"],"general_information":["Cantidad Neta: 70 cl"],"ingredients":[],"ean":"8437004080554"},{"full_name":"FIREBALL licor de whisky con canela botella 70 cl","name":"licor de whisky con canela botella 70 cl","brand":"FIREBALL ","img":"https://sgfm.elcorteingles.es/SGFM/dctm/MEDIA03/201609/16/00118722801737____1__600x600.jpg","price":"14,52 €","price_unit":"(20,74 € / Litro)","categories":["Supermercado","Bebidas","Licores y Alcoholes","Anis licores y cremas","Licores diversos","FIREBALL licor de whisky con canela botella 70 cl"],"general_information":["Cantidad Neta: 70 cl"],"ingredients":[],"ean":"0088004023492"},{"full_name":"TERRY WHITE destilado para cocktail botella 70 cl","name":"WHITE destilado para cocktail botella 70 cl","brand":"TERRY ","img":"https://sgfm.elcorteingles.es/SGFM/dctm/MEDIA03/201707/18/00118721901298____1__600x600.jpg","price":"10,95 €","categories":["Supermercado","Bebidas","Licores y Alcoholes","Anis licores y cremas","Licores diversos","TERRY WHITE destilado para cocktail botella 70 cl"],"general_information":["Cantidad Neta: 70 cl"],"ingredients":[],"ean":"8410162380018"},{"full_name":"SABORES EXTREMEÑOS Beso Extremeño licor de bellota botella 70 cl","name":"Beso Extremeño licor de bellota botella 70 cl","brand":"SABORES EXTREMEÑOS ","img":"https://sgfm.elcorteingles.es/SGFM/dctm/MEDIA03/201606/29/00118728605827____1__600x600.jpg","price":"7,01 €","categories":["Supermercado","Bebidas","Licores y Alcoholes","Anis licores y cremas","Licores diversos","SABORES EXTREMEÑOS Beso Extremeño licor de bellota botella 70 cl"],"general_information":["Cantidad Neta: 70 cl"],"ingredients":[],"ean":"8414855000092"},{"full_name":"SABORES EXTREMEÑOS licor de cereza botella 70 cl","name":"licor de cereza botella 70 cl","brand":"SABORES EXTREMEÑOS ","img":"https://sgfm.elcorteingles.es/SGFM/dctm/MEDIA03/201606/29/00118728605835____1__600x600.jpg","price":"7,25 €","categories":["Supermercado","Bebidas","Licores y Alcoholes","Anis licores y cremas","Licores diversos","SABORES EXTREMEÑOS licor de cereza botella 70 cl"],"general_information":["Cantidad Neta: 70 cl"],"ingredients":[],"ean":"8414855000184"},{"full_name":"SABORES EXTREMEÑOS licor de higo botella 70 cl","name":"licor de higo botella 70 cl","brand":"SABORES EXTREMEÑOS ","img":"https://sgfm.elcorteingles.es/SGFM/dctm/MEDIA03/201606/29/00118728605843____1__600x600.jpg","price":"6,22 €","categories":["Supermercado","Bebidas","Licores y Alcoholes","Anis licores y cremas","Licores diversos","SABORES EXTREMEÑOS licor de higo botella 70 cl"],"general_information":["Cantidad Neta: 70 cl"],"ingredients":[],"ean":"8414855000160"},{"full_name":"SABORES EXTREMEÑOS licor de bellota sin alcohol botella 70 cl","name":"licor de bellota sin alcohol botella 70 cl","brand":"SABORES EXTREMEÑOS ","img":"https://sgfm.elcorteingles.es/SGFM/dctm/MEDIA03/201606/29/00118728605850____1__600x600.jpg","price":"4,21 €","categories":["Supermercado","Bebidas","Licores y Alcoholes","Anis licores y cremas","Licores diversos","SABORES EXTREMEÑOS licor de bellota sin alcohol botella 70 cl"],"general_information":["Cantidad Neta: 70 cl"],"ingredients":[],"ean":"8414855000429"},{"full_name":"RODNIK'S Absinthe Classic botella 70 cl","name":"Absinthe Classic botella 70 cl","brand":"RODNIK'S ","img":"https://sgfm.elcorteingles.es/SGFM/00/70/8/0118723600708/0118723600708000g01011.jpg","price":"19,66 €","price_unit":"(28,09 € / Litro)","categories":["Supermercado","Bebidas","Licores y Alcoholes","Anis licores y cremas","Licores diversos","RODNIK'S Absinthe Classic botella 70 cl"],"general_information":["Denominación del alimento: Bebida espirituosa anisada","Nombre del operador: Comercial Masoliver S.A.U.","Dirección del operador: Calle Puntia. 18 - 17857 Begudà (Girona) España","Lugar de procedencia del alimento: ES - Español","Cantidad Neta: 700 Mililitros","Porcentaje de alcohol: 70%"],"ingredients":[],"ean":"8414771859514"},{"full_name":"JOAQUIN REBOLLEDO licor tostado botella 70 cl","name":"licor tostado botella 70 cl","brand":"JOAQUIN REBOLLEDO ","img":"https://sgfm.elcorteingles.es/SGFM/dctm/MEDIA03/201708/01/00118722801190____1__600x600.jpg","price":"10,79 €","price_unit":"(15,41 € / Litro)","categories":["Supermercado","Bebidas","Licores y Alcoholes","Anis licores y cremas","Licores diversos","JOAQUIN REBOLLEDO licor tostado botella 70 cl"],"general_information":["Denominación del alimento: Licor","Nombre del operador: Joaquín Rebolledo S.A.","Dirección del operador: C/ San Roque, 11 - 32350 A Rua (Orense)","Cantidad Neta: 70 Centilitros","Porcentaje de alcohol: 30%"],"ingredients":[],"ean":"8422008006068"},{"full_name":"LARIOS triple seco licor de naranja botella 70 cl","name":"triple seco licor de naranja botella 70 cl","brand":"LARIOS ","img":"https://sgfm.elcorteingles.es/SGFM/dctm/MEDIA03/201609/20/00118723600658____1__600x600.jpg","price":"12,87 €","price_unit":"(18,39 € / Litro)","categories":["Supermercado","Bebidas","Licores y Alcoholes","Anis licores y cremas","Licores diversos","LARIOS triple seco licor de naranja botella 70 cl"],"general_information":["Denominación del alimento: Licor","País de origen: España","Nombre del operador: Pernod Ricard España","Dirección del operador: Avda. José Ortega y Gasset, 201 ? 5ª Planta   29006 MALAGA","Cantidad Neta: 70 Centilitros","Porcentaje de alcohol: 38%","Otras menciones obligatorias en la etiqueta: No contiene ninguna de las sustancias o productos que causan alergias o intolerancias recogidos en el anexo II del Reglamento 1169/2011. Nuestros productos están etiquetados de acuerdo a las reglas legales y de mercado sobre etiquetado de bebidas espirituosas"],"ingredients":[],"conservation":" Conservar alejada de luces intensas y en lugares con temperatura fresca y constante, en posición vertical.","ean":"8410045100283"},{"full_name":"FRANGELICO licor de avellana botella 70 cl","name":"licor de avellana botella 70 cl","brand":"FRANGELICO ","img":"https://sgfm.elcorteingles.es/SGFM/00/71/3/0118722800713/0118722800713000g01011.jpg","price":"12,49 €            ","price_unit":"(16,86 € / Litro)","categories":["Supermercado","Bebidas","Licores y Alcoholes","Anis licores y cremas","Licores diversos","FRANGELICO licor de avellana botella 70 cl"],"general_information":["Cantidad Neta: 70 cl"],"ingredients":[],"ean":"8004160170018"},{"full_name":"CARDENAL MENDOZA Angélus licor de brandy botella 70 cl","name":"Angélus licor de brandy botella 70 cl","brand":"CARDENAL MENDOZA ","img":"https://sgfm.elcorteingles.es/SGFM/dctm/MEDIA02/CONTENIDOS/201411/11/00118723601540____1__600x600.jpg","price":"17,57 €            ","price_unit":"(23,86 € / Litro)","categories":["Supermercado","Bebidas","Licores y Alcoholes","Anis licores y cremas","Licores diversos","CARDENAL MENDOZA Angélus licor de brandy botella 70 cl"],"general_information":["Cantidad Neta: 70 cl"],"ingredients":[],"ean":"8410161202823"},{"full_name":"PICOS DE CABARIEZO licor de orujo de hierbas botella 70 cl","name":"licor de orujo de hierbas botella 70 cl","brand":"PICOS DE CABARIEZO ","img":"https://sgfm.elcorteingles.es/SGFM/dctm/MEDIA02/CONTENIDOS/201501/20/00200627200918____1__600x600.jpg","price":"15,05 €","price_unit":"(21,50 € / Litro)","categories":["Supermercado","Bebidas","Licores y Alcoholes","Anis licores y cremas","Licores diversos","PICOS DE CABARIEZO licor de orujo de hierbas botella 70 cl"],"general_information":["Cantidad Neta: 70 cl"],"ingredients":[],"ean":"8437008503325"},{"full_name":"PICOS DE CABARIEZO licor orujo de miel Cantabria botella 70 cl","name":"licor orujo de miel Cantabria botella 70 cl","brand":"PICOS DE CABARIEZO ","img":"https://sgfm.elcorteingles.es/SGFM/00/92/6/0200627200926/0200627200926000g01011.jpg","price":"15,54 €","price_unit":"(22,20 € / Litro)","categories":["Supermercado","Bebidas","Licores y Alcoholes","Anis licores y cremas","Licores diversos","PICOS DE CABARIEZO licor orujo de miel Cantabria botella 70 cl"],"general_information":["Cantidad Neta: 70 cl"],"ingredients":[],"ean":"8437008503332"},{"full_name":"CUESTA ponche botella 70 cl","name":"ponche botella 70 cl","brand":"CUESTA ","img":"https://sgfm.elcorteingles.es/SGFM/00/87/2/0118723600872/0118723600872000g01011.jpg","price":"11,10 €","price_unit":"(15,86 € / Litro)","categories":["Supermercado","Bebidas","Licores y Alcoholes","Anis licores y cremas","Licores diversos","CUESTA ponche botella 70 cl"],"general_information":["Cantidad Neta: 70 cl"],"ingredients":[],"ean":"8410863023139"},{"full_name":"THUNDER BITCH licor de whisky con canela y chili botella 70 cl","name":"licor de whisky con canela y chili botella 70 cl","brand":"THUNDER BITCH ","img":"https://sgfm.elcorteingles.es/SGFM/dctm/MEDIA03/201703/22/00118721901249____2__600x600.jpg","price":"13,57 €            ","categories":["Supermercado","Bebidas","Licores y Alcoholes","Anis licores y cremas","Licores diversos","THUNDER BITCH licor de whisky con canela y chili botella 70 cl"],"general_information":["Cantidad Neta: 70 cl"],"ingredients":[],"ean":"8410221801614"},{"full_name":"CARIOCA licor de frutas del bosque botella 70 cl","name":"licor de frutas del bosque botella 70 cl","brand":"CARIOCA ","img":"https://sgfm.elcorteingles.es/SGFM//05/56/1/0118728605561/0118728605561000g01011.jpg","price":"5,07 €","price_unit":"(7,24 € / Litro)","categories":["Supermercado","Bebidas","Licores y Alcoholes","Anis licores y cremas","Licores diversos","CARIOCA licor de frutas del bosque botella 70 cl"],"general_information":["Cantidad Neta: 70 cl"],"ingredients":[],"ean":"8428622000376"},{"full_name":"CARIOCA licor de ron con miel botella 70 cl","name":"licor de ron con miel botella 70 cl","brand":"CARIOCA ","img":"https://sgfm.elcorteingles.es/SGFM//01/50/5/0118722801505/0118722801505000g01011.jpg","price":"5,79 €","price_unit":"(8,27 € / Litro)","categories":["Supermercado","Bebidas","Licores y Alcoholes","Anis licores y cremas","Licores diversos","CARIOCA licor de ron con miel botella 70 cl"],"general_information":["Cantidad Neta: 70 cl"],"ingredients":[],"ean":"8428622000543"},{"full_name":"MIDORL licor de melón botella 70 cl","name":"licor de melón botella 70 cl","brand":"MIDORL ","img":"https://sgfm.elcorteingles.es/SGFM/dctm/MEDIA03/201606/17/00118728605868____1__600x600.jpg","price":"15,15 €","categories":["Supermercado","Bebidas","Licores y Alcoholes","Anis licores y cremas","Licores diversos","MIDORL licor de melón botella 70 cl"],"general_information":["Cantidad Neta: 70 cl"],"ingredients":[],"ean":"4901777020320"},{"full_name":"MARIE BRIZARD licor de peppermint botella 70 cl","name":"licor de peppermint botella 70 cl","brand":"MARIE BRIZARD ","img":"https://sgfm.elcorteingles.es/SGFM/00/77/0/0118722800770/0118722800770000g01011.jpg","price":"6,31 €","price_unit":"(9,01 € / Litro)","categories":["Supermercado","Bebidas","Licores y Alcoholes","Anis licores y cremas","Licores diversos","MARIE BRIZARD licor de peppermint botella 70 cl"],"general_information":["Denominación del alimento: Licor","Nombre del operador: Marie Brizard Wine & Spirits España, S.A.","Dirección del operador: C/ Capitán Haya, 56 ? Bajo. 28020  Madrid","Cantidad Neta: 70 Centilitros","Porcentaje de alcohol: 25%"],"ingredients":[" Agua, azúcar, alcohol, aroma natural de menta, acidulante:ácido cítrico, colorantes:E 102, E 133."],"conservation":" Conservar en un lugar fresco y seco. Evitar la exposición directa del sol.","ean":"3041311028458"},{"full_name":"LA FAMA licor de crema de turrón botella 70 cl","name":"licor de crema de turrón botella 70 cl","brand":"LA FAMA ","img":"https://sgfm.elcorteingles.es/SGFM/dctm/MEDIA02/CONTENIDOS/201512/04/00118722701275____1__600x600.jpg","price":"11,00 €","price_unit":"(15,71 € / Litro)","categories":["Supermercado","Bebidas","Licores y Alcoholes","Anis licores y cremas","Licores diversos","LA FAMA licor de crema de turrón botella 70 cl"],"general_information":["Cantidad Neta: 70 cl"],"ingredients":[],"ean":"8437009461235"},{"full_name":"BENEDICTINE licor botella 70 cl","name":"licor botella 70 cl","brand":"BENEDICTINE ","img":"https://sgfm.elcorteingles.es/SGFM/00/66/6/0118723600666/0118723600666000g01011.jpg","price":"22,54 €","price_unit":"(32,20 € / Litro)","categories":["Supermercado","Bebidas","Licores y Alcoholes","Anis licores y cremas","Licores diversos","BENEDICTINE licor botella 70 cl"],"general_information":["Cantidad Neta: 70 cl"],"ingredients":[],"ean":"8412000141102"},{"full_name":"DEL MONO carajillo de anís botella 75 cl","name":"carajillo de anís botella 75 cl","brand":"DEL MONO ","img":"https://sgfm.elcorteingles.es/SGFM/dctm/MEDIA03/201706/29/00118722703339____1__600x600.jpg","price":"9,10 €","categories":["Supermercado","Bebidas","Licores y Alcoholes","Anis licores y cremas","Licores diversos","DEL MONO carajillo de anís botella 75 cl"],"general_information":["Denominación del alimento: Licor de Café anisado","País de origen: España","Nombre del operador: Osborne Distribuidora, S.A.","Dirección del operador: C/E. Maristany, 115 - Badalona","Cantidad Neta: 70 Centilitros","Porcentaje de alcohol: 26%"],"ingredients":[],"conservation":" Como norma general, en lugares bien ventilados y alejados de fuentes de calor.","ean":"8410337225083"},{"full_name":"TRIUNFO licor de canela botella 70 cl","name":"licor de canela botella 70 cl","brand":"TRIUNFO ","img":"https://sgfm.elcorteingles.es/SGFM/dctm/MEDIA02/CONTENIDOS/201509/10/00118722801604____1__600x600.jpg","price":"10,95 €","price_unit":"(15,64 € / Litro)","categories":["Supermercado","Bebidas","Licores y Alcoholes","Anis licores y cremas","Licores diversos","TRIUNFO licor de canela botella 70 cl"],"general_information":["Cantidad Neta: 70 cl"],"ingredients":[],"ean":"8437004142245"},{"full_name":"TRIUNFO licor de naranja botella 70 cl","name":"licor de naranja botella 70 cl","brand":"TRIUNFO ","img":"https://sgfm.elcorteingles.es/SGFM/dctm/MEDIA02/CONTENIDOS/201509/10/00200628605404____1__600x600.jpg","price":"7,87 €","price_unit":"(11,24 € / Litro)","categories":["Supermercado","Bebidas","Licores y Alcoholes","Anis licores y cremas","Licores diversos","TRIUNFO licor de naranja botella 70 cl"],"general_information":["Cantidad Neta: 70 cl"],"ingredients":[],"ean":"8437004142320"},{"full_name":"DISARONNO Amaretto licor original botella 70 cl","name":"Amaretto licor original botella 70 cl","brand":"DISARONNO ","img":"https://sgfm.elcorteingles.es/SGFM/00/62/5/0118723600625/0118723600625000g01011.jpg","price":"14,68 €            ","price_unit":"(20,41 € / Litro)","categories":["Supermercado","Bebidas","Licores y Alcoholes","Anis licores y cremas","Licores diversos","DISARONNO Amaretto licor original botella 70 cl"],"general_information":["Cantidad Neta: 70 cl"],"ingredients":[],"ean":"8001110038015"},{"full_name":"QUEVAL Ratafia licor de nueces botella 75 cl","name":"Ratafia licor de nueces botella 75 cl","brand":"QUEVAL ","img":"https://sgfm.elcorteingles.es/SGFM/dctm/MEDIA02/CONTENIDOS/201511/03/00118728605744____1__600x600.jpg","price":"16,45 €","price_unit":"(21,93 € / Litro)","categories":["Supermercado","Bebidas","Licores y Alcoholes","Anis licores y cremas","Licores diversos","QUEVAL Ratafia licor de nueces botella 75 cl"],"general_information":["Cantidad Neta: 75 cl"],"ingredients":[],"ean":"0742832473231"},{"full_name":"QUEVAL licor de camomila botella 70 cl","name":"licor de camomila botella 70 cl","brand":"QUEVAL ","img":"https://sgfm.elcorteingles.es/SGFM/dctm/MEDIA02/CONTENIDOS/201511/03/00118728605728____1__600x600.jpg","price":"14,95 €","price_unit":"(21,36 € / Litro)","categories":["Supermercado","Bebidas","Licores y Alcoholes","Anis licores y cremas","Licores diversos","QUEVAL licor de camomila botella 70 cl"],"general_information":["Cantidad Neta: 70 cl"],"ingredients":[],"ean":"0742832473132"},{"full_name":"PAZO DE USIA pacharán botella 1 l","name":"pacharán botella 1 l","brand":"PAZO DE USIA ","img":"https://sgfm.elcorteingles.es/SGFM/00/39/4/0118722600394/0118722600394000g01011.jpg","price":"7,65 €","price_unit":"(7,65 € / Litro)","categories":["Supermercado","Bebidas","Licores y Alcoholes","Anis licores y cremas","Pacharán","PAZO DE USIA pacharán botella 1 l"],"general_information":["Denominación del alimento: PACHARÁN","Nombre del operador: Embotellado para \nel Grupo El Corte Inglés\nHermosilla 112 - Madrid\nR.E.1154-OU\nEspaña","Lugar de procedencia del alimento: PRODUCTO DE ESPAÑA"],"ingredients":[],"ean":"8433329025218"},{"full_name":"BAINES pacharán botella 1 l","name":"pacharán botella 1 l","brand":"BAINES ","img":"https://sgfm.elcorteingles.es/SGFM/00/28/7/0118722600287/0118722600287000g01011.jpg","price":"17,52 €            ","categories":["Supermercado","Bebidas","Licores y Alcoholes","Anis licores y cremas","Pacharán","BAINES pacharán botella 1 l"],"general_information":["Denominación del alimento: Pacharán","Nombre del operador: Licores Baines, S.L","Dirección del operador: Polígono Agustinos c/A  ? Pamplona - Navarra","Cantidad Neta: 1 Litros","Porcentaje de alcohol: 28%","Otras menciones obligatorias en la etiqueta: Alimento Artesano de Navarra."],"ingredients":[" Alcohol de melazas de remolacha, agua descalcificada, azúcar blanquilla, arañones y esencia de anís."],"conservation":" Conservar en un lugar frío y seco alejado de la luz.","ean":"8413004010227"},{"full_name":"ZOCO pacharán botella 1 l","name":"pacharán botella 1 l","brand":"ZOCO ","img":"https://sgfm.elcorteingles.es/SGFM/dctm/MEDIA03/201710/10/00118722600295____1__600x600.jpg","price":"9,68 €","price_unit":"(9,68 € / Litro)","categories":["Supermercado","Bebidas","Licores y Alcoholes","Anis licores y cremas","Pacharán","ZOCO pacharán botella 1 l"],"general_information":["Cantidad Neta: 1 l"],"ingredients":[],"ean":"8410614402251"},{"full_name":"ETXEKO pacharán botella 1 l","name":"pacharán botella 1 l","brand":"ETXEKO ","img":"https://sgfm.elcorteingles.es/SGFM/00/26/1/0118722600261/0118722600261000g01011.jpg","price":"14,36 €","price_unit":"(14,36 € / Litro)","categories":["Supermercado","Bebidas","Licores y Alcoholes","Anis licores y cremas","Pacharán","ETXEKO pacharán botella 1 l"],"general_information":["Denominación del alimento: Pacharan","Nombre del operador: Destelerías La Navarra, S.A.","Dirección del operador: Polígono Industrial La Albergería, s/n - 31230 Viana (Navarra)","Cantidad Neta: 1,0 Litros","Porcentaje de alcohol: 25,0%"],"ingredients":[],"ean":"8410417100026"},{"full_name":"BEREZKO pacharán con endrinas 100% navarras botella 1 l","name":"pacharán con endrinas 100% navarras botella 1 l","brand":"BEREZKO ","img":"https://sgfm.elcorteingles.es/SGFM/00/38/6/0118722600386/0118722600386000g01011.jpg","price":"15,35 €","price_unit":"(15,35 € / Litro)","categories":["Supermercado","Bebidas","Licores y Alcoholes","Anis licores y cremas","Pacharán","BEREZKO pacharán con endrinas 100% navarras botella 1 l"],"general_information":["Cantidad Neta: 1 l"],"ingredients":[],"ean":"8410221801621"},{"full_name":"ATXA pacharán Sierra de Orduña botella 70 cl","name":"pacharán Sierra de Orduña botella 70 cl","brand":"ATXA ","img":"https://sgfm.elcorteingles.es/SGFM//05/43/9/0118728605439/0118728605439000g01011.jpg","price":"21,18 €","categories":["Supermercado","Bebidas","Licores y Alcoholes","Anis licores y cremas","Pacharán","ATXA pacharán Sierra de Orduña botella 70 cl"],"general_information":["Cantidad Neta: 70 cl"],"ingredients":[],"ean":"8410512002096"},{"full_name":"ATXA etiqueta negra pacharán botella 1 l","name":"etiqueta negra pacharán botella 1 l","brand":"ATXA ","img":"https://sgfm.elcorteingles.es/SGFM/00/23/8/0118722600238/0118722600238000g01011.jpg","price":"12,23 €","price_unit":"(17,47 € / Litro)","categories":["Supermercado","Bebidas","Licores y Alcoholes","Anis licores y cremas","Pacharán","ATXA etiqueta negra pacharán botella 1 l"],"general_information":["Cantidad Neta: 1 l"],"ingredients":[],"ean":"8410512002027"},{"full_name":"LAS ENDRINAS pacharán botella 1 l","name":"pacharán botella 1 l","brand":"LAS ENDRINAS ","img":"https://sgfm.elcorteingles.es/SGFM/00/25/3/0118722600253/0118722600253000g01011.jpg","price":"12,75 €","price_unit":"(12,75 € / Litro)","categories":["Supermercado","Bebidas","Licores y Alcoholes","Anis licores y cremas","Pacharán","LAS ENDRINAS pacharán botella 1 l"],"general_information":["Denominación del alimento: Pacharán","Nombre del operador: L. G. 2003, S.L.","Dirección del operador: Pol. Ind. El Carrascal I, Parc.17 Nave 4  01308-Lanciego (Alava)","Cantidad Neta: 1 Litros","Porcentaje de alcohol: 25%"],"ingredients":[],"ean":"8412901320231"},{"full_name":"LAS ENDRINAS pacharán Edición Limitada botella 1 l","name":"pacharán Edición Limitada botella 1 l","brand":"LAS ENDRINAS ","img":"https://sgfm.elcorteingles.es/SGFM/05/10/8/0118728605108/0118728605108000g01011.jpg","price":"15,80 €","price_unit":"(15,80 € / Litro)","categories":["Supermercado","Bebidas","Licores y Alcoholes","Anis licores y cremas","Pacharán","LAS ENDRINAS pacharán Edición Limitada botella 1 l"],"general_information":["Denominación del alimento: Pacharán","Nombre del operador: L. G. 2003, S.L.","Dirección del operador: Pol. Ind. El Carrascal I, Parc.17 Nave 4  01308-Lanciego (Alava)","Cantidad Neta: 1 Litros","Porcentaje de alcohol: 28%"],"ingredients":[],"ean":"8412901329326"},{"full_name":"LAGRIMAS DE GRANADA pacharán licor de endrinas botella 1 l","name":"pacharán licor de endrinas botella 1 l","brand":"LAGRIMAS DE GRANADA ","img":"https://sgfm.elcorteingles.es/SGFM//00/34/5/0118722600345/0118722600345000g01011.jpg","price":"9,22 €            ","price_unit":"(7,49 € / Litro)","categories":["Supermercado","Bebidas","Licores y Alcoholes","Anis licores y cremas","Pacharán","LAGRIMAS DE GRANADA pacharán licor de endrinas botella 1 l"],"general_information":["Denominación del alimento: Licor de endrinas","Nombre del operador: Destileria y dist. Liber, S.L.","Dirección del operador: C/Mulhacén Pol. Ind. La Paloma -18640 Padul (Granada)","Cantidad Neta: 1000,0 Mililitros","Porcentaje de alcohol: 24,0%"],"ingredients":[],"ean":"8437003085093"}]