[{"full_name":"EL CORTE INGLES patatas fritas caseras con 38% en aceite de oliva bolsa 170 g","name":"patatas fritas caseras con 38% en aceite de oliva bolsa 170 g","brand":"EL CORTE INGLES ","img":"https://sgfm.elcorteingles.es/SGFM/dctm/MEDIA03/201703/16/00120952600961____1__600x600.jpg","price":"1,71 €","price_unit":"(10,06 € / Kilo)","categories":["Supermercado","Alimentación General","Aperitivos y frutos secos","Patatas fritas","EL CORTE INGLES patatas fritas caseras con 38% en aceite de oliva bolsa 170 g"],"general_information":["Denominación del alimento: Patatas fritas en aceite de oliva 38%","Nombre del operador: Elaborado para El Corte Inglés por \nAPERITIVOS Y EXTRUSIONADOS S.A.U.\nP.I. El Ginestar.  A-68, km 104 \n31550 Ribaforada (Navarra)\nEspaña","Cantidad Neta: 170 g","Número de raciones por envase: ~7"],"ingredients":[" Ingredientes: Patata, aceite de oliva (38 %)  y sal"],"conservation":" Conservar en lugar fresco, seco y alejado de la luz.","ean":"8433329044691"},{"full_name":"EL CORTE INGLES patatas fritas onduladas caseras con 37% en aceite de oliva bolsa 170 g","name":"patatas fritas onduladas caseras con 37% en aceite de oliva bolsa 170 g","brand":"EL CORTE INGLES ","img":"https://sgfm.elcorteingles.es/SGFM/dctm/MEDIA03/201703/16/00120952600987____6__600x600.jpg","price":"1,71 €","price_unit":"(10,06 € / Kilo)","categories":["Supermercado","Alimentación General","Aperitivos y frutos secos","Patatas fritas","EL CORTE INGLES patatas fritas onduladas caseras con 37% en aceite de oliva bolsa 170 g"],"general_information":["Denominación del alimento: Patatas fritas en aceite de oliva 37%","Nombre del operador: Elaborado para El Corte Inglés por \nAPERITIVOS Y EXTRUSIONADOS S.A.U.\nP.I. El Ginestar.  A-68, km 104 \n31550 Ribaforada (Navarra)\nEspaña","Cantidad Neta: 170 g","Número de raciones por envase: ~7"],"ingredients":[" Ingredientes: Patata, aceite de oliva (37 %)  y sal"],"conservation":" Conservar en lugar fresco, seco y alejado de la luz.","ean":"8433329044707"},{"full_name":"EL CORTE INGLES patatas fritas extracrujientes elabotadas en sartén con 38% en aceite de oliva bolsa 150 g","name":"patatas fritas extracrujientes elabotadas en sartén con 38% en aceite de oliva bolsa 150 g","brand":"EL CORTE INGLES ","img":"https://sgfm.elcorteingles.es/SGFM/dctm/MEDIA03/201703/16/00120952600995____1__600x600.jpg","price":"1,63 €","price_unit":"(10,87 € / Kilo)","categories":["Supermercado","Alimentación General","Aperitivos y frutos secos","Patatas fritas","EL CORTE INGLES patatas fritas extracrujientes elabotadas en sartén con 38% en aceite de oliva bolsa 150 g"],"general_information":["Denominación del alimento: Patatas fritas en aceite de oliva 38%","Nombre del operador: Elaborado para El Corte Inglés por \nAPERITIVOS Y EXTRUSIONADOS S.A.U.\nP.I. El Ginestar.  A-68, km 104 \n31550 Ribaforada (Navarra)\nEspaña","Cantidad Neta: 150 g","Número de raciones por envase: ~6"],"ingredients":[" Ingredientes: Patata, aceite de oliva (38 %)  y sal"],"conservation":" Conservar en lugar fresco, seco y alejado de la luz.","ean":"8433329044714"},{"full_name":"EL CORTE INGLES patatas fritas en aceite de oliva 37% envase 150 g","name":"patatas fritas en aceite de oliva 37% envase 150 g","brand":"EL CORTE INGLES ","img":"https://sgfm.elcorteingles.es/SGFM/dctm/MEDIA03/201702/13/00120950404184____1__600x600.jpg","price":"0,97 €","price_unit":"(6,47 € / Kilo)","categories":["Supermercado","Alimentación General","Aperitivos y frutos secos","Patatas fritas","EL CORTE INGLES patatas fritas en aceite de oliva 37% envase 150 g"],"general_information":["Denominación del alimento: Patatas fritas en aceite de oliva 37%","Nombre del operador: Elaborado para El Corte Inglés por \nAPERITIVOS Y EXTRUSIONADOS S.A.U.\nP.I. El Ginestar.  A-68, km 104 \n31550 Ribaforada (Navarra)\nEspaña","Cantidad Neta: 150 g","Número de raciones por envase: ~  6"],"ingredients":[" Ingredientes: Patata, aceite de oliva (37 %)  y sal Puede contener trazas de leche (lactosa), soja y gluten."],"conservation":" Conservar en lugar fresco, seco y alejado de la luz.","ean":"8433329068253"},{"full_name":"EL CORTE INGLES patatas fritas onduladas sabor jamón con aceite de oliva bolsa 150 g","name":"patatas fritas onduladas sabor jamón con aceite de oliva bolsa 150 g","brand":"EL CORTE INGLES ","img":"https://sgfm.elcorteingles.es/SGFM/dctm/MEDIA03/201702/13/00120952801007____1__600x600.jpg","price":"0,87 €","price_unit":"(5,80 € / Kilo)","categories":["Supermercado","Alimentación General","Aperitivos y frutos secos","Patatas fritas","EL CORTE INGLES patatas fritas onduladas sabor jamón con aceite de oliva bolsa 150 g"],"general_information":["Denominación del alimento: Patatas fritas sabor jamón","Nombre del operador: Elaborado para El Corte Inglés por \nAPERITIVOS Y EXTRUSIONADOS S.A.U.\nP.I. El Ginestar.  A-68, km 104 \n31550 Ribaforada (Navarra)\nEspaña","Cantidad Neta: 150 g"],"ingredients":[" Ingredientes: Patata, aceite de girasol, aroma de jamón(4%) (maltodextrina de patata, dextrosa, potenciadores del sabor: glutamato monosódico, inosinato disódico y guanilato disódico, aromas, aroma de humo, antiaglomerante: dióxido de silicio, corrector de acidez: ácido cítrico) y sal. Puede contener trazas de leche (lactosa), soja y gluten."],"conservation":" Conservar en lugar fresco, seco y alejado de la luz.","ean":"8433329068277"},{"full_name":"EL CORTE INGLES aperitivo de patata bolsa 150 g","name":"aperitivo de patata bolsa 150 g","brand":"EL CORTE INGLES ","img":"https://sgfm.elcorteingles.es/SGFM/dctm/MEDIA03/201703/02/00120952700126____1__600x600.jpg","price":"0,96 €","price_unit":"(6,40 € / Kilo)","categories":["Supermercado","Alimentación General","Aperitivos y frutos secos","Patatas fritas","EL CORTE INGLES aperitivo de patata bolsa 150 g"],"general_information":["Denominación del alimento: Producto de aperitivo frito de patata","Nombre del operador: Elaborado para El Corte Inglés por \nAPERITIVOS Y EXTRUSIONADOS S.A.U.\nP.I. El Ginestar.  A-68, km 104 \n31550 Ribaforada (Navarra)\nEspaña","Cantidad Neta: 150 g","Número de raciones por envase: ~  6"],"ingredients":[" Ingredientes: Patata deshidratada, aceite de girasol (21%), almidón de patata y sal. Puede contener trazas de sulfitos, gluten, leche (lactosa) y soja."],"conservation":" Conservar en lugar fresco, seco y alejado de la luz.","ean":"8433329068239"},{"full_name":"EL CORTE INGLES patatas fritas paja bolsa 100 g","name":"patatas fritas paja bolsa 100 g","brand":"EL CORTE INGLES ","img":"https://sgfm.elcorteingles.es/SGFM/dctm/MEDIA03/201705/05/00120950404192____1__600x600.jpg","price":"0,87 €","price_unit":"(8,70 € / Kilo)","categories":["Supermercado","Alimentación General","Aperitivos y frutos secos","Patatas fritas","EL CORTE INGLES patatas fritas paja bolsa 100 g"],"general_information":["Denominación del alimento: Patatas fritas","Nombre del operador: Elaborado para El Corte Inglés por \nAPERITIVOS Y EXTRUSIONADOS S.A.U.\nP.I. El Ginestar.  A-68, km 104 \n31550 Ribaforada (Navarra)\nEspaña","Cantidad Neta: 100 g","Número de raciones por envase: ~ 4"],"ingredients":[" Ingredientes: Patata, aceite de girasol y sal"],"conservation":" Conservar en lugar fresco, seco y alejado de la luz.","ean":"8433329068260"},{"full_name":"EL CORTE INGLES palitos de patatas envase 80 g","name":"palitos de patatas envase 80 g","brand":"EL CORTE INGLES ","img":"https://sgfm.elcorteingles.es/SGFM/dctm/MEDIA03/201702/13/00120952901567____1__600x600.jpg","price":"0,83 €","price_unit":"(10,38 € / Kilo)","categories":["Supermercado","Alimentación General","Aperitivos y frutos secos","Patatas fritas","EL CORTE INGLES palitos de patatas envase 80 g"],"general_information":["Denominación del alimento: Producto de aperitivo frito","Nombre del operador: Elaborado para El Corte Inglés por \nAPERITIVOS Y EXTRUSIONADOS S.A.U.\nP.I. El Ginestar.  A-68, km 104 \n31550 Ribaforada (Navarra)\nEspaña","Cantidad Neta: 80 g"],"ingredients":[" Ingredientes: Almidón (procedente de patata y trigo), aceite de girasol (24%), harina de patata, sal y potenciador del sabor: E-621. Puede contener trazas de leche (lactosa) y soja."],"conservation":" Conservar en lugar fresco, seco y alejado de la luz.","ean":"8433329068284"},{"full_name":"ALIADA patatas fritas pack 2 bolsas 150 g","name":"patatas fritas pack 2 bolsas 150 g","brand":"ALIADA ","img":"https://sgfm.elcorteingles.es/SGFM/dctm/MEDIA02/CONTENIDOS/201408/19/00120952601001____1__600x600.jpg","price":"1,35 €","price_unit":"(4,50 € / Kilo)","categories":["Supermercado","Alimentación General","Aperitivos y frutos secos","Patatas fritas","ALIADA patatas fritas pack 2 bolsas 150 g"],"general_information":["Denominación del alimento: Patatas fritas","Nombre del operador: Elaborado para el\nGrupo El Corte Inglés\nHermosilla, 112   28009 Madrid - España\npor CIF: A-31130834","Cantidad Neta: 300 g","Número de raciones por envase: ~ 12"],"ingredients":[" Ingredientes: Patata, aceite de girasol  y sal Puede contener trazas de leche (lactosa), soja y gluten."],"conservation":" Conservar en lugar fresco, seco y alejado de la luz.","ean":"8433329044783"},{"full_name":"ALIADA patatas fritas lisas bolsa 250 g","name":"patatas fritas lisas bolsa 250 g","brand":"ALIADA ","img":"https://sgfm.elcorteingles.es/SGFM/dctm/MEDIA02/CONTENIDOS/201408/19/00120950404093____1__600x600.jpg","price":"1,08 €","price_unit":"(4,32 € / Kilo)","categories":["Supermercado","Alimentación General","Aperitivos y frutos secos","Patatas fritas","ALIADA patatas fritas lisas bolsa 250 g"],"general_information":["Denominación del alimento: Patatas fritas","Nombre del operador: Elaborado para el\nGrupo El Corte Inglés\nHermosilla, 112   28009 Madrid - España\npor CIF: A-31130834","Cantidad Neta: 250 g","Número de raciones por envase: ~ 10"],"ingredients":[" Ingredientes: Patata,  aceite de girasol y sal. Puede contener trazas de leche (lactosa), soja y \ngluten."],"conservation":" Conservar en lugar fresco, seco y alejado de la luz.","ean":"8433329044769"},{"full_name":"ALIADA patatas fritas lisas bolsa 160 g","name":"patatas fritas lisas bolsa 160 g","brand":"ALIADA ","img":"https://sgfm.elcorteingles.es/SGFM/dctm/MEDIA02/CONTENIDOS/201408/19/00120950404051____1__600x600.jpg","price":"0,69 €","price_unit":"(4,31 € / Kilo)","categories":["Supermercado","Alimentación General","Aperitivos y frutos secos","Patatas fritas","ALIADA patatas fritas lisas bolsa 160 g"],"general_information":["Denominación del alimento: Patatas fritas","Nombre del operador: Elaborado para el\nGrupo El Corte Inglés\nHermosilla, 112   28009 Madrid - España\npor CIF: A-31130834","Cantidad Neta: 160 g","Número de raciones por envase: ~  6"],"ingredients":[" Ingredientes: Patata,  aceite de girasol y sal. Puede contener trazas de leche (lactosa), soja y gluten."],"conservation":" Conservar en lugar fresco, seco y alejado de la luz.","ean":"8433329044752"},{"full_name":"ALIADA patatas fritas onduladas bolsa 160 g","name":"patatas fritas onduladas bolsa 160 g","brand":"ALIADA ","img":"https://sgfm.elcorteingles.es/SGFM/dctm/MEDIA02/CONTENIDOS/201408/19/00120950404069____1__600x600.jpg","price":"0,52 €","price_unit":"(3,25 € / Kilo)","categories":["Supermercado","Alimentación General","Aperitivos y frutos secos","Patatas fritas","ALIADA patatas fritas onduladas bolsa 160 g"],"general_information":["Denominación del alimento: Patatas fritas","Nombre del operador: Elaborado para el\nGrupo El Corte Inglés\nHermosilla, 112   28009 Madrid - España\npor CIF: A-31130834","Cantidad Neta: 160 g","Número de raciones por envase: ~  6"],"ingredients":[" Ingredientes: Patata, aceite de girasol y sal Puede contener trazas de leche (lactosa), soja y gluten."],"conservation":" Conservar en lugar fresco, seco y alejado de la luz.","ean":"8433329044820"},{"full_name":"ALIADA patatas fritas onduladas bolsa 250 g","name":"patatas fritas onduladas bolsa 250 g","brand":"ALIADA ","img":"https://sgfm.elcorteingles.es/SGFM/dctm/MEDIA02/CONTENIDOS/201408/19/00120950404077____1__600x600.jpg","price":"0,81 €","price_unit":"(3,24 € / Kilo)","categories":["Supermercado","Alimentación General","Aperitivos y frutos secos","Patatas fritas","ALIADA patatas fritas onduladas bolsa 250 g"],"general_information":["Denominación del alimento: Patatas fritas","Nombre del operador: Elaborado para el\nGrupo El Corte Inglés\nHermosilla, 112   28009 Madrid - España\npor CIF: A-31130834","Cantidad Neta: 250 g","Número de raciones por envase: ~ 10"],"ingredients":[" Ingredientes: Patata, aceite de girasol y sal Puede contener trazas de leche (lactosa), soja y gluten."],"conservation":" Conservar en lugar fresco, seco y alejado de la luz.","ean":"8433329044837"},{"full_name":"ALIADA patatas fritas Sin sal añadida bolsa 250 g","name":"patatas fritas Sin sal añadida bolsa 250 g","brand":"ALIADA ","img":"https://sgfm.elcorteingles.es/SGFM/dctm/MEDIA02/CONTENIDOS/201408/19/00120952700100____1__600x600.jpg","price":"1,04 €","price_unit":"(6,50 € / Kilo)","categories":["Supermercado","Alimentación General","Aperitivos y frutos secos","Patatas fritas","ALIADA patatas fritas Sin sal añadida bolsa 250 g"],"general_information":["Denominación del alimento: Patatas fritas sin sal añadida","Nombre del operador: Elaborado para el\nGrupo El Corte Inglés\nHermosilla, 112   28009 Madrid - España\npor CIF: A-31130834","Cantidad Neta: 160 g","Número de raciones por envase: ~  6"],"ingredients":[" Ingredientes: Patata y  aceite de girasol. Puede contener trazas de leche (lactosa), soja y \ngluten."],"conservation":" Conservar en lugar fresco, seco y alejado de la luz.","ean":"8433329044790"},{"full_name":"LAY'S GOURMET Finísimas patatas fritas corte fino bolsa 180 g","name":"Finísimas patatas fritas corte fino bolsa 180 g","brand":"LAY'S GOURMET ","img":"https://sgfm.elcorteingles.es/SGFM//00/71/4/0120952600714/0120952600714000g01011.jpg","price":"2,07 €","price_unit":"(11,50 € / Kilo)","categories":["Supermercado","Alimentación General","Aperitivos y frutos secos","Patatas fritas","LAY'S GOURMET Finísimas patatas fritas corte fino bolsa 180 g"],"general_information":["Denominación del alimento: Patatas fritas","Nombre del operador: PepsiCo Foods. A.I.E.","Dirección del operador: Avenida de los Olmos, 2, 01013 - Vitoria, España","Cantidad Neta: 180 g","Otras menciones obligatorias en la etiqueta: Envasado en atmósfera protectora"],"ingredients":[" Patatas. aceite de girasol (33.7%) y sal."],"conservation":" Conservar en lugar fresco y seco","ean":"8410199002105"},{"full_name":"LAY'S GOURMET patatas fritas crujientes bolsa 180 g","name":"patatas fritas crujientes bolsa 180 g","brand":"LAY'S GOURMET ","img":"https://sgfm.elcorteingles.es/SGFM//00/64/9/0120952600649/0120952600649000g01011.jpg","price":"2,07 €","price_unit":"(11,50 € / Kilo)","categories":["Supermercado","Alimentación General","Aperitivos y frutos secos","Patatas fritas","LAY'S GOURMET patatas fritas crujientes bolsa 180 g"],"general_information":["Denominación del alimento: Patatas fritas","Nombre del operador: PepsiCo Foods. A.I.E.","Dirección del operador: Avenida de los Olmos, 2, 01013 - Vitoria, España","Cantidad Neta: 180 g","Otras menciones obligatorias en la etiqueta: Envasado en atmósfera protectora"],"ingredients":[" Patatas. aceite de girasol y sal."],"conservation":" Conservar en lugar fresco y seco","ean":"8410199000781"},{"full_name":"LAY'S GOURMET Colors patatas fritas clásicas, rojas y moradas 100% naturales bolsa 150 g","name":"Colors patatas fritas clásicas, rojas y moradas 100% naturales bolsa 150 g","brand":"LAY'S GOURMET ","img":"https://sgfm.elcorteingles.es/SGFM/dctm/MEDIA02/CONTENIDOS/201501/08/00120952601050____1__600x600.jpg","price":"2,07 €","price_unit":"(13,80 € / Kilo)","categories":["Supermercado","Alimentación General","Aperitivos y frutos secos","Patatas fritas","LAY'S GOURMET Colors patatas fritas clásicas, rojas y moradas 100% naturales bolsa 150 g"],"general_information":["Denominación del alimento: Patatas fritas","Nombre del operador: PepsiCo Foods. A.I.E.","Dirección del operador: Avenida de los Olmos, 2, 01013 - Vitoria, España","Cantidad Neta: 150 g","Otras menciones obligatorias en la etiqueta: Envasado en atmósfera protectora."],"ingredients":[" Patatas, aceite de girasol alto oleico y sal."],"conservation":" Conservar en lugar fresco y seco.","ean":"8410199011534"},{"full_name":"LAY'S Artesanas patatas fritas en aceite de oliva bolsa 220 g","name":"Artesanas patatas fritas en aceite de oliva bolsa 220 g","brand":"LAY'S ","img":"https://sgfm.elcorteingles.es/SGFM/dctm/MEDIA02/CONTENIDOS/201504/29/00200452601362____1__600x600.jpg","price":"2,08 €","price_unit":"(9,45 € / Kilo)","categories":["Supermercado","Alimentación General","Aperitivos y frutos secos","Patatas fritas","LAY'S Artesanas patatas fritas en aceite de oliva bolsa 220 g"],"general_information":["Denominación del alimento: Patatas fritas en aceite de oliva 100% (31% sobre el producto final)","Nombre del operador: PepsiCo Foods. A.I.E.","Dirección del operador: Avenida de los Olmos, 2, 01013 - Vitoria, España","Cantidad Neta: 220 g"],"ingredients":[" Patatas, aceite de oliva, (31%), sal."],"conservation":" Conservar en lugar fresco y seco.","ean":"8410199012432"},{"full_name":"LAY'S patatas fritas al punto de sal sin gluten envase 200 g (Nueva bolsa-bol)","name":"patatas fritas al punto de sal sin gluten envase 200 g","brand":"LAY'S ","img":"https://sgfm.elcorteingles.es/SGFM/dctm/MEDIA03/201702/27/00120950404176____1__600x600.jpg","price":"1,45 €","price_unit":"(7,25 € / Kilo)","categories":["Supermercado","Alimentación General","Aperitivos y frutos secos","Patatas fritas","LAY'S patatas fritas al punto de sal sin gluten envase 200 g (Nueva bolsa-bol)"],"general_information":["Denominación del alimento: Patatas fritas","Nombre del operador: PepsiCo Foods. A.I.E.","Dirección del operador: Avenida de los Olmos, 2, 01013 - Vitoria, España","Cantidad Neta: 200 g"],"ingredients":[" Patatas, aceite de maíz y sal."],"conservation":" Conservar en lugar fresco y seco.","ean":"8410199015075"},{"full_name":"LAY'S Clásicas patatas fritas mediterraneas 100% aceite de oliva envase 175 g (Nueva bolsa-bol)","name":"Clásicas patatas fritas mediterraneas 100% aceite de oliva envase 175 g","brand":"LAY'S ","img":"https://sgfm.elcorteingles.es/SGFM/dctm/MEDIA03/201705/10/00120952601274____1__600x600.jpg","price":"1,99 €","price_unit":"(11,37 € / Kilo)","categories":["Supermercado","Alimentación General","Aperitivos y frutos secos","Patatas fritas","LAY'S Clásicas patatas fritas mediterraneas 100% aceite de oliva envase 175 g (Nueva bolsa-bol)"],"general_information":["Denominación del alimento: Patatas fritas en aceite de oliva 100% (31% sobre el producto final)","Nombre del operador: PepsiCo Foods. A.I.E.","Dirección del operador: Avenida de los Olmos, 2, 01013 - Vitoria, España","Cantidad Neta: 175 g"],"ingredients":[" Patatas, aceite de oliva de origen español (31%), sal."],"conservation":" Conservar en lugar fresco y seco.","ean":"8410199015457"},{"full_name":"LAY'S patatas fritas Cheese & Onion bolsa 170 g","name":"patatas fritas Cheese & Onion bolsa 170 g","brand":"LAY'S ","img":"https://sgfm.elcorteingles.es/SGFM//00/39/5/0120952900395/0120952900395000g01011.jpg","price":"2,40 €","price_unit":"(14,12 € / Kilo)","categories":["Supermercado","Alimentación General","Aperitivos y frutos secos","Patatas fritas","LAY'S patatas fritas Cheese & Onion bolsa 170 g"],"general_information":["Denominación del alimento: Patatas fritas con sabor a queso y cebolla","Nombre del operador: PepsiCo Foods. A.I.E.","Dirección del operador: Avenida de los Olmos, 2, 01013 - Vitoria, España","Cantidad Neta: 170 g","Otras menciones obligatorias en la etiqueta: Envasado en atmósfera protectora."],"ingredients":[" Patatas. aceite de maíz. aroma de queso y cebolla [suero de leche en polvo. cebolla en polvo. azúcar. potenciadores del sabor (glutamato monosódico. guanilato e inosinato disódicos). cloruro potásico. preparaciones y sustancias aromatizantes. especias y plantas aromáticas. acidulante (ácido cítrico). queso en polvo (de leche). colorantes (extracto de pimentón. curcumina)]. sal."],"conservation":" Conservar en lugar fresco y seco.","ean":"8410199006172"},{"full_name":"LAY'S Xtra Onduladas (Pack Económico) envase 250 g","name":"Xtra Onduladas (Pack Económico) envase 250 g","brand":"LAY'S ","img":"https://sgfm.elcorteingles.es/SGFM//04/04/4/0120950404044/0120950404044000g01011.jpg","price":"1,53 €","price_unit":"(6,12 € / Kilo)","categories":["Supermercado","Alimentación General","Aperitivos y frutos secos","Patatas fritas","LAY'S Xtra Onduladas (Pack Económico) envase 250 g"],"general_information":["Denominación del alimento: Patatas fritas extra onduladas","Nombre del operador: PepsiCo Foods. A.I.E.","Dirección del operador: Avenida de los Olmos, 2, 01013 - Vitoria, España","Cantidad Neta: 250 g","Otras menciones obligatorias en la etiqueta: Envasado en atmósfera protectora."],"ingredients":[" Patatas. aceite de maíz y sal."],"conservation":" Conservar en lugar fresco y seco.","ean":"8410199010322"},{"full_name":"LAY'S patatas fritas sabor a mostaza y miel bolsa 128 g","name":"patatas fritas sabor a mostaza y miel bolsa 128 g","brand":"LAY'S ","img":"https://sgfm.elcorteingles.es/SGFM//00/41/3/0120952800413/0120952800413000g01011.jpg","price":"1,08 €","price_unit":"(8,44 € / Kilo)","categories":["Supermercado","Alimentación General","Aperitivos y frutos secos","Patatas fritas","LAY'S patatas fritas sabor a mostaza y miel bolsa 128 g"],"general_information":["Denominación del alimento: Patatas fritas con sabor a mostaza y miel","Nombre del operador: PepsiCo Foods. A.I.E.","Dirección del operador: Avenida de los Olmos, 2, 01013 - Vitoria, España","Cantidad Neta: 128 g","Otras menciones obligatorias en la etiqueta: Envasado en atmósfera protectora"],"ingredients":[" Patatas. aceite de maíz. aroma a mostaza y miel [preparaciones y sustancias aromatizantes (contiene apio y derivados de leche). azúcar. extracto de mostaza. cebolla en polvo. fructosa. pimentón. ajo en polvo. cloruro potásico. especias]. sal."],"conservation":" Conservar en lugar fresco y seco","ean":"8410199008374"},{"full_name":"LAY'S MIX patatas fritas al punto de sal y aros con cebolla bolsa 170 g","name":"MIX patatas fritas al punto de sal y aros con cebolla bolsa 170 g","brand":"LAY'S ","img":"https://sgfm.elcorteingles.es/SGFM/dctm/MEDIA03/201611/04/00120952901500____1__600x600.jpg","price":"1,41 €","price_unit":"(8,29 € / Kilo)","categories":["Supermercado","Alimentación General","Aperitivos y frutos secos","Patatas fritas","LAY'S MIX patatas fritas al punto de sal y aros con cebolla bolsa 170 g"],"general_information":["Denominación del alimento: Mezcla de patatas fritas con sal y producto de aperitivo de maíz con cebolla","Nombre del operador: PepsiCo Foods. A.I.E.","Dirección del operador: Avenida de los Olmos, 2, 01013 - Vitoria, España","Cantidad Neta: 170 g"],"ingredients":[" Patatas fritas: patatas, aceite de maíz, sal.Producto de aperitivo de maíz con cebolla: sémola de maíz, aceite de maíz, aroma a cebolla [harina de trigo, sal, azúcar, preparaciones y sustancias aromatizantes (cebolla y ajo en polvo), potenciador del sabor (glutamato monosódico), cloruro potásico], cebolla en polvo (3,9%), azúcar."],"conservation":" Conservar en lugar fresco y seco.","ean":"8410199013996"},{"full_name":"LAY'S MIX patatas fritas sabor jamón y queso envase 170 g","name":"MIX patatas fritas sabor jamón y queso envase 170 g","brand":"LAY'S ","img":"https://sgfm.elcorteingles.es/SGFM/dctm/MEDIA02/CONTENIDOS/201504/29/00120952800694____1__600x600.jpg","price":"1,40 €","price_unit":"(8,24 € / Kilo)","categories":["Supermercado","Alimentación General","Aperitivos y frutos secos","Patatas fritas","LAY'S MIX patatas fritas sabor jamón y queso envase 170 g"],"general_information":["Denominación del alimento: Mezcla de patatas fritas con sabor a jamón y a queso","Nombre del operador: PepsiCo Foods. A.I.E.","Dirección del operador: Avenida de los Olmos, 2, 01013 - Vitoria, España","Cantidad Neta: 170 g","Otras menciones obligatorias en la etiqueta: Envasado en atmósfera protectora."],"ingredients":[" Patatas, aceite de maíz, aromas a pizza y a queso [lactosa, azúcar, potenciadores del sabor (glutamato monosódico, inosinato y guanilato disódicos), preparaciones y sustancias aromatizantes (contiene leche), cebolla, ajo, perejil y tomate en polvo, cloruro potásico, queso en polvo (de leche), acidulante (ácido cítrico), colorante (extracto de pimentón)], sal."],"conservation":" Conservar en lugar fresco y seco","ean":"8410199012210"},{"full_name":"LAY'S Artesanas patatas de maíz con sal marina, pimienta y un toque de ajo bolsa 150 g","name":"Artesanas patatas de maíz con sal marina, pimienta y un toque de ajo bolsa 150 g","brand":"LAY'S ","img":"https://sgfm.elcorteingles.es/SGFM/dctm/MEDIA02/CONTENIDOS/201408/29/00120951802865____1__600x600.jpg","price":"1,72 €","price_unit":"(11,47 € / Kilo)","categories":["Supermercado","Alimentación General","Aperitivos y frutos secos","Patatas fritas","LAY'S Artesanas patatas de maíz con sal marina, pimienta y un toque de ajo bolsa 150 g"],"general_information":["Denominación del alimento: Producto de aperitivo frito sazonado","Nombre del operador: PepsiCo Foods. A.I.E.","Dirección del operador: Avenida de los Olmos, 2, 01013 - Vitoria, España","Cantidad Neta: 150 g","Otras menciones obligatorias en la etiqueta: Envasado en atmósfera protectora."],"ingredients":[" Maíz, aceite de girasol alto oleico, alubias negras deshidratadas, almidón de maíz, trigo sarraceno, semillas de mijo, arroz integral, sal (1,2%), pimienta negra (0,5%), ajo tostado deshidratado (0,1%), antioxidante (extracto de romero)."],"conservation":" Conservar en lugar fresco y seco.","ean":"8410199010971"},{"full_name":"LAY'S Xtra Onduladas al punto de sal bolsa 147 g","name":"Xtra Onduladas al punto de sal bolsa 147 g","brand":"LAY'S ","img":"https://sgfm.elcorteingles.es/SGFM/03/63/2/0120950403632/0120950403632000g01011.jpg","price":"1,05 €","price_unit":"(7,14 € / Kilo)","categories":["Supermercado","Alimentación General","Aperitivos y frutos secos","Patatas fritas","LAY'S Xtra Onduladas al punto de sal bolsa 147 g"],"general_information":["Denominación del alimento: Patatas fritas extra onduladas","Nombre del operador: PepsiCo Foods. A.I.E.","Dirección del operador: Avenida de los Olmos, 2, 01013 - Vitoria, España","Cantidad Neta: 147 g","Otras menciones obligatorias en la etiqueta: Envasado en atmósfera protectora"],"ingredients":[" Patatas. aceite de maíz y sal"],"conservation":" Conservar en lugar fresco y seco","ean":"8410199008633"},{"full_name":"LAY'S Mediterraneas patatas fritas 100% aceite de oliva envase 150 g","name":"Mediterraneas patatas fritas 100% aceite de oliva envase 150 g","brand":"LAY'S ","img":"https://sgfm.elcorteingles.es/SGFM/dctm/MEDIA03/201705/09/00120952801049____1__600x600.jpg","price":"1,75 €","price_unit":"(11,67 € / Kilo)","categories":["Supermercado","Alimentación General","Aperitivos y frutos secos","Patatas fritas","LAY'S Mediterraneas patatas fritas 100% aceite de oliva envase 150 g"],"general_information":["Denominación del alimento: Patatas fritas en aceite de oliva 100% (29% sobre el producto final) a las 3 pimientas","Nombre del operador: PepsiCo Foods. A.I.E.","Dirección del operador: Avenida de los Olmos, 2, 01013 - Vitoria, España","Cantidad Neta: 150 g"],"ingredients":[" Patata, aceite de oliva de origen español (29%), condimento de tres pimientas [pimienta negra, blanca y rosa, pimentón, aromas], sal."],"conservation":" Conservar en lugar fresco y seco","ean":"8410199015402"},{"full_name":"LAY'S Mediterraneas patatas fritas Clásicas 100% aceite de oliva bolsa 160 g","name":"Mediterraneas patatas fritas Clásicas 100% aceite de oliva bolsa 160 g","brand":"LAY'S ","img":"https://sgfm.elcorteingles.es/SGFM/dctm/MEDIA03/201706/19/00120952600573____1__600x600.jpg","price":"1,60 €","price_unit":"(10 € / Kilo)","categories":["Supermercado","Alimentación General","Aperitivos y frutos secos","Patatas fritas","LAY'S Mediterraneas patatas fritas Clásicas 100% aceite de oliva bolsa 160 g"],"general_information":["Denominación del alimento: Patatas fritas en aceite de oliva 100% (31% sobre el producto final)","Nombre del operador: PepsiCo Foods. A.I.E.","Dirección del operador: Avenida de los Olmos, 2, 01013 - Vitoria, España","Cantidad Neta: 160 g"],"ingredients":[" Patatas, aceite de oliva, (31%), sal."],"conservation":" Conservar en lugar fresco y seco.","ean":"8410199390318"},{"full_name":"LAY'S patatas fritas al punto de sal bolsa 300 g","name":"patatas fritas al punto de sal bolsa 300 g","brand":"LAY'S ","img":"https://sgfm.elcorteingles.es/SGFM/dctm/MEDIA02/CONTENIDOS/201412/29/00120950403293____1__600x600.jpg","price":"1,79 €","price_unit":"(5,97 € / Kilo)","categories":["Supermercado","Alimentación General","Aperitivos y frutos secos","Patatas fritas","LAY'S patatas fritas al punto de sal bolsa 300 g"],"general_information":["Denominación del alimento: Patatas fritas","Nombre del operador: PepsiCo Foods. A.I.E.","Dirección del operador: Avenida de los Olmos, 2, 01013 - Vitoria, España","Cantidad Neta: 300 g","Otras menciones obligatorias en la etiqueta: Envasado en atmósfera protectora"],"ingredients":[" Patatas. aceite de maíz y sal."],"conservation":" Conservar en lugar fresco y seco. Un vez abierto consumir antes de 7 días","ean":"8410199380418"},{"full_name":"LAY'S patatas fritas Receta Campesina envase 250 g","name":"patatas fritas Receta Campesina envase 250 g","brand":"LAY'S ","img":"https://sgfm.elcorteingles.es/SGFM/dctm/MEDIA02/CONTENIDOS/201407/21/00120952800561____1__600x600.jpg","price":"1,84 €","price_unit":"(7,36 € / Kilo)","categories":["Supermercado","Alimentación General","Aperitivos y frutos secos","Patatas fritas","LAY'S patatas fritas Receta Campesina envase 250 g"],"general_information":["Denominación del alimento: Patatas fritas con condimento preparado de vegetales y especias con azúcares y edulcorante.","Nombre del operador: PepsiCo Foods. A.I.E.","Dirección del operador: Avenida de los Olmos, 2, 01013 - Vitoria, España","Cantidad Neta: 250 g","Otras menciones obligatorias en la etiqueta: Envasado en atmósfera protectora."],"ingredients":[" Patatas. aceite de maíz. condimento preparado de vegetales y especias [lactosa. azúcar. potenciadores del sabor (glutamato monosódico. 5?-ribonucleótido disódico). dextrosa. cebolla en polvo. pimentón molido. tomate en polvo. ajo en polvo. perejil. proteína hidrolizada de soja. sustancias aromatizantes. reguladores de acidez (ácido cítrico. ácido málico). colorante (extracto de pimentón). edulcorante (aspartamo). proteínas de leche. aromas de humo]. sal. Contiene una fuente de fenilalanina."],"conservation":" Conservar en lugar fresco y seco.","ean":"8410199010339"},{"full_name":"LAY'S patatas fritas al punto de sal bolsa 170 g","name":"patatas fritas al punto de sal bolsa 170 g","brand":"LAY'S ","img":"https://sgfm.elcorteingles.es/SGFM/00/74/5/0120950400745/0120950400745000g01011.jpg","price":"1,10 €","price_unit":"(6,47 € / Kilo)","categories":["Supermercado","Alimentación General","Aperitivos y frutos secos","Patatas fritas","LAY'S patatas fritas al punto de sal bolsa 170 g"],"general_information":["Denominación del alimento: Patatas fritas","Nombre del operador: PepsiCo Foods. A.I.E.","Dirección del operador: Avenida de los Olmos, 2, 01013 - Vitoria, España","Cantidad Neta: 170 g","Otras menciones obligatorias en la etiqueta: Envasado en atmósfera protectora"],"ingredients":[" Patatas. aceite de maíz y sal."],"conservation":" Conservar en lugar fresco y seco.","ean":"8410199002006"},{"full_name":"LAY'S patatas fritas al punto de sal receta al horno bolsa 150 g","name":"patatas fritas al punto de sal receta al horno bolsa 150 g","brand":"LAY'S ","img":"https://sgfm.elcorteingles.es/SGFM/dctm/MEDIA03/201702/16/00120952600706____1__600x600.jpg","price":"1,76 €","price_unit":"(11,73 € / Kilo)","categories":["Supermercado","Alimentación General","Aperitivos y frutos secos","Patatas fritas","LAY'S patatas fritas al punto de sal receta al horno bolsa 150 g"],"general_information":["Denominación del alimento: Producto de aperitivo de patata horneado","Nombre del operador: PepsiCo Foods. A.I.E.","Dirección del operador: Avenida de los Olmos, 2, 01013 - Vitoria, España","Cantidad Neta: 150 g"],"ingredients":[" Copos de patata (66%), almidón, aceite de girasol, azúcar, emulgente (lecitina de girasol), dextrosa, sal,  regulador de acidez (ácido cítrico), extracto de raíz de cúrcuma."],"conservation":" Conservar en lugar fresco y seco","ean":"8410199002402"},{"full_name":"LAY'S patatas fritas al punto de sal light 40% bolsa 140 g","name":"patatas fritas al punto de sal light 40% bolsa 140 g","brand":"LAY'S ","img":"https://sgfm.elcorteingles.es/SGFM//00/04/3/0120952700043/0120952700043000g01011.jpg","price":"1,53 €","price_unit":"(10,93 € / Kilo)","categories":["Supermercado","Alimentación General","Aperitivos y frutos secos","Patatas fritas","LAY'S patatas fritas al punto de sal light 40% bolsa 140 g"],"general_information":["Denominación del alimento: Patatas fritas","Nombre del operador: PepsiCo Foods. A.I.E.","Dirección del operador: Avenida de los Olmos, 2, 01013 - Vitoria, España","Cantidad Neta: 140 g","Otras menciones obligatorias en la etiqueta: Envasado en atmósfera protectora"],"ingredients":[" Patatas. aceite de girasol alto oleico (22%) y sal."],"conservation":" Conservar en lugar fresco y seco","ean":"5601363000888"},{"full_name":"LAY'S patatas fritas a la vinagreta bolsa 170 g","name":"patatas fritas a la vinagreta bolsa 170 g","brand":"LAY'S ","img":"https://sgfm.elcorteingles.es/SGFM//00/17/3/0120952800173/0120952800173000g01011.jpg","price":"1,34 €","price_unit":"(7,88 € / Kilo)","categories":["Supermercado","Alimentación General","Aperitivos y frutos secos","Patatas fritas","LAY'S patatas fritas a la vinagreta bolsa 170 g"],"general_information":["Denominación del alimento: Patatas fritas con sabor a salsa vinagreta","Nombre del operador: PepsiCo Foods. A.I.E.","Dirección del operador: Avenida de los Olmos, 2, 01013 - Vitoria, España","Cantidad Neta: 170 g","Otras menciones obligatorias en la etiqueta: Envasado en atmósfera protectora"],"ingredients":[" Patatas. aceite de maíz. aroma de sal y vinagre [reguladores de acidez (acetato y diacetato de sodio). acidulante (ácido cítrico). potenciadores del sabor (glutamato monosódico. 5'-ribonucleótido disódico). cloruro potásico]. sal."],"conservation":" Conservar en lugar fresco y seco","ean":"8410199380326"},{"full_name":"LAY'S patatas fritas receta campesina bolsa 170 g","name":"patatas fritas receta campesina bolsa 170 g","brand":"LAY'S ","img":"https://sgfm.elcorteingles.es/SGFM//00/18/1/0120952800181/0120952800181000g01011.jpg","price":"1,34 €","price_unit":"(7,88 € / Kilo)","categories":["Supermercado","Alimentación General","Aperitivos y frutos secos","Patatas fritas","LAY'S patatas fritas receta campesina bolsa 170 g"],"general_information":["Denominación del alimento: Patatas fritas con condimento preparado de vegetales y especias con azúcares y edulcorante.","Nombre del operador: PepsiCo Foods. A.I.E.","Dirección del operador: Avenida de los Olmos, 2, 01013 - Vitoria, España","Cantidad Neta: 170 g","Otras menciones obligatorias en la etiqueta: Envasado en atmósfera protectora"],"ingredients":[" Patatas. aceite de maíz. condimento preparado de vegetales y especias [lactosa. azúcar. potenciadores del sabor (glutamato monosódico. 5'-ribonucleótido disódico). dextrosa. cebolla en polvo. pimentón molido. tomate en polvo. ajo en polvo. perejil. proteína hidrolizada de soja. sustancias aromatizantes. reguladores de acidez (ácido cítrico. ácido málico). colorante (extracto de pimentón). edulcorante (aspartamo). proteínas de leche. aromas de humo]. sal. Contiene una fuente de fenilalanina."],"conservation":" Conservar en lugar fresco y seco","ean":"8410199823526"},{"full_name":"LAY'S patatas fritas sabor jamón bolsa 170 g","name":"patatas fritas sabor jamón bolsa 170 g","brand":"LAY'S ","img":"https://sgfm.elcorteingles.es/SGFM//00/15/7/0120952800157/0120952800157000g01011.jpg","price":"1,34 €","price_unit":"(7,88 € / Kilo)","categories":["Supermercado","Alimentación General","Aperitivos y frutos secos","Patatas fritas","LAY'S patatas fritas sabor jamón bolsa 170 g"],"general_information":["Denominación del alimento: Patatas fritas con sabor a jamón","Nombre del operador: PepsiCo Foods. A.I.E.","Dirección del operador: Avenida de los Olmos, 2, 01013 - Vitoria, España","Cantidad Neta: 170 g","Otras menciones obligatorias en la etiqueta: Envasado en atmósfera protectora"],"ingredients":[" Patatas. aceite de maíz. aroma de jamón [suero de leche en polvo. pan rallado (de trigo). potenciadores de sabor (glutamato monosódico. guanilato e inosinato disódicos). proteína hidrolizada de soja. sustancias aromatizantes. extracto de cebada malteada. aromas de humo]. sal."],"conservation":" Conservar en lugar fresco y seco","ean":"8410199530356"},{"full_name":"RUFFLES patatas fritas sabor a jamón bolsa 312 g","name":"patatas fritas sabor a jamón bolsa 312 g","brand":"RUFFLES ","img":"https://sgfm.elcorteingles.es/SGFM/dctm/MEDIA03/201606/01/00120952800785____2__600x600.jpg","price":"2,38 €","price_unit":"(7,63 € / Kilo)","categories":["Supermercado","Alimentación General","Aperitivos y frutos secos","Patatas fritas","RUFFLES patatas fritas sabor a jamón bolsa 312 g"],"general_information":["Denominación del alimento: Patatas fritas con sabor a jamón","Nombre del operador: PepsiCo Foods. A.I.E.","Dirección del operador: Avenida de los Olmos, 2, 01013 - Vitoria, España","Cantidad Neta: 312 g","Otras menciones obligatorias en la etiqueta: Envasado en atmósfera protectora"],"ingredients":[" Patatas, aceite de girasol, aroma a jamón [sal, lactosa (de leche), potenciadores del sabor (glutamato monosódico, inosinato y guanilato disódicos), proteína de soja hidrolizada, preparaciones y sustancias aromatizantes (contienen leche), aroma de humo]."],"conservation":" Conservar en lugar fresco y seco","ean":"8410199140517"},{"full_name":"RUFFLES patatas fritas Original onduladas bolsa 170 g","name":"patatas fritas Original onduladas bolsa 170 g","brand":"RUFFLES ","img":"https://sgfm.elcorteingles.es/SGFM/00/76/0/0120950400760/0120950400760000g01011.jpg","price":"1,12 €","price_unit":"(6,59 € / Kilo)","categories":["Supermercado","Alimentación General","Aperitivos y frutos secos","Patatas fritas","RUFFLES patatas fritas Original onduladas bolsa 170 g"],"general_information":["Denominación del alimento: Patatas fritas","Nombre del operador: PepsiCo Foods. A.I.E.","Dirección del operador: Avenida de los Olmos, 2, 01013 - Vitoria, España","Cantidad Neta: 170 g","Otras menciones obligatorias en la etiqueta: Envasado en atmósfera protectora"],"ingredients":[" Patatas, aceite de girasol, sal."],"conservation":" Conservar en lugar fresco y seco.","ean":"8410199012005"},{"full_name":"RUFFLES patatas fritas sabor a jamón onduladas bolsa 170 g","name":"patatas fritas sabor a jamón onduladas bolsa 170 g","brand":"RUFFLES ","img":"https://sgfm.elcorteingles.es/SGFM/dctm/MEDIA03/201606/01/00120952800165____1__600x600.jpg","price":"1,34 €","price_unit":"(7,88 € / Kilo)","categories":["Supermercado","Alimentación General","Aperitivos y frutos secos","Patatas fritas","RUFFLES patatas fritas sabor a jamón onduladas bolsa 170 g"],"general_information":["Denominación del alimento: Patatas fritas con sabor a jamón","Nombre del operador: PepsiCo Foods. A.I.E.","Dirección del operador: Avenida de los Olmos, 2, 01013 - Vitoria, España","Cantidad Neta: 170 g","Otras menciones obligatorias en la etiqueta: Envasado en atmósfera protectora."],"ingredients":[" Patatas, aceite de girasol, aroma a jamón [sal, lactosa (de leche), potenciadores del sabor (glutamato monosódico, inosinato y guanilato disódicos), proteína de soja hidrolizada, preparaciones y sustancias aromatizantes (contienen leche), aroma de humo]."],"conservation":" Conservar en lugar fresco y seco.","ean":"8410199141705"},{"full_name":"RUFFLES York'eso patatas fritas sabor a jamón y queso onduladas bolsa 170 g","name":"York'eso patatas fritas sabor a jamón y queso onduladas bolsa 170 g","brand":"RUFFLES ","img":"https://sgfm.elcorteingles.es/SGFM//00/19/9/0120952800199/0120952800199000g01011.jpg","price":"1,33 €","price_unit":"(7,82 € / Kilo)","categories":["Supermercado","Alimentación General","Aperitivos y frutos secos","Patatas fritas","RUFFLES York'eso patatas fritas sabor a jamón y queso onduladas bolsa 170 g"],"general_information":["Denominación del alimento: Patatas fritas con sabor a jamón y queso","Nombre del operador: PepsiCo Foods. A.I.E.","Dirección del operador: Avenida de los Olmos, 2, 01013 - Vitoria, España","Cantidad Neta: 170 g","Otras menciones obligatorias en la etiqueta: Envasado en atmósfera protectora"],"ingredients":[" Patatas, aceite de girasol, aroma a jamón y queso [suero de leche en polvo, sal, potenciadores del sabor (glutamato monosódico, guanilato e inosinato disódicos), azúcar, preparaciones y sustancias aromatizantes (contienen leche, soja) colorante (extracto de pimentón)]."],"conservation":" Conservar en lugar fresco y seco","ean":"8410199850508"},{"full_name":"PRINGLES patatas fritas sabor emmental envase 190 g","name":"patatas fritas sabor emmental envase 190 g","brand":"PRINGLES ","img":"https://sgfm.elcorteingles.es/SGFM/dctm/MEDIA03/201702/13/00120952901492____1__600x600.jpg","price":"2,15 €            ","price_unit":"(10,47 € / Kilo)","categories":["Supermercado","Alimentación General","Aperitivos y frutos secos","Patatas fritas","PRINGLES patatas fritas sabor emmental envase 190 g"],"general_information":[],"ingredients":[],"ean":"5053990123537"},{"full_name":"PRINGLES patatas fritas sabor jamón envase 190 g","name":"patatas fritas sabor jamón envase 190 g","brand":"PRINGLES ","img":"https://sgfm.elcorteingles.es/SGFM/dctm/MEDIA03/201702/13/00120951802972____1__600x600.jpg","price":"2,15 €            ","price_unit":"(10,47 € / Kilo)","categories":["Supermercado","Alimentación General","Aperitivos y frutos secos","Patatas fritas","PRINGLES patatas fritas sabor jamón envase 190 g"],"general_information":[],"ingredients":[],"ean":"5053990137381"},{"full_name":"PRINGLES patatas fritas sabor Original envase 190 g","name":"patatas fritas sabor Original envase 190 g","brand":"PRINGLES ","img":"https://sgfm.elcorteingles.es/SGFM/dctm/MEDIA03/201702/13/00120951802980____3__600x600.jpg","price":"2,15 €            ","price_unit":"(10,47 € / Kilo)","categories":["Supermercado","Alimentación General","Aperitivos y frutos secos","Patatas fritas","PRINGLES patatas fritas sabor Original envase 190 g"],"general_information":[],"ingredients":[],"ean":"5053990123742"},{"full_name":"PRINGLES patatas fritas sabor Paprika envase 190 g","name":"patatas fritas sabor Paprika envase 190 g","brand":"PRINGLES ","img":"https://sgfm.elcorteingles.es/SGFM/dctm/MEDIA03/201702/13/00120951803004____2__600x600.jpg","price":"2,15 €            ","price_unit":"(10,47 € / Kilo)","categories":["Supermercado","Alimentación General","Aperitivos y frutos secos","Patatas fritas","PRINGLES patatas fritas sabor Paprika envase 190 g"],"general_information":[],"ingredients":[],"ean":"5053990123599"},{"full_name":"PRINGLES patatas fritas sabor sour cream & onion envase 190 g","name":"patatas fritas sabor sour cream & onion envase 190 g","brand":"PRINGLES ","img":"https://sgfm.elcorteingles.es/SGFM/dctm/MEDIA03/201702/13/00120951802998____3__600x600.jpg","price":"2,15 €            ","price_unit":"(10,47 € / Kilo)","categories":["Supermercado","Alimentación General","Aperitivos y frutos secos","Patatas fritas","PRINGLES patatas fritas sabor sour cream & onion envase 190 g"],"general_information":[],"ingredients":[],"ean":"5053990123834"},{"full_name":"PRINGLES patatas fritas Hot & Spicy envase 190 g","name":"patatas fritas Hot & Spicy envase 190 g","brand":"PRINGLES ","img":"https://sgfm.elcorteingles.es/SGFM/dctm/MEDIA02/CONTENIDOS/201505/26/00120952901286____2__600x600.jpg","price":"2,15 €            ","price_unit":"(10,47 € / Kilo)","categories":["Supermercado","Alimentación General","Aperitivos y frutos secos","Patatas fritas","PRINGLES patatas fritas Hot & Spicy envase 190 g"],"general_information":[],"ingredients":[],"ean":"5053990123568"},{"full_name":"PRINGLES patatas fritas jamón & queso envase 165 g","name":"patatas fritas jamón & queso envase 165 g","brand":"PRINGLES ","img":"https://sgfm.elcorteingles.es/SGFM/dctm/MEDIA03/201705/09/00120952901617____1__600x600.jpg","price":"2,30 €            ","price_unit":"(10,47 € / Kilo)","categories":["Supermercado","Alimentación General","Aperitivos y frutos secos","Patatas fritas","PRINGLES patatas fritas jamón & queso envase 165 g"],"general_information":[],"ingredients":[],"ean":"5053990137039"},{"full_name":"PRINGLES patatas fritas sabor Ketchup envase 190 g","name":"patatas fritas sabor Ketchup envase 190 g","brand":"PRINGLES ","img":"https://sgfm.elcorteingles.es/SGFM/dctm/MEDIA03/201706/29/00120952901682____1__600x600.jpg","price":"2,15 €            ","price_unit":"(10,47 € / Kilo)","categories":["Supermercado","Alimentación General","Aperitivos y frutos secos","Patatas fritas","PRINGLES patatas fritas sabor Ketchup envase 190 g"],"general_information":[],"ingredients":[],"ean":"5053990123681"},{"full_name":"PRINGLES patatas fritas sabor barbacoa Texas envase 190 g","name":"patatas fritas sabor barbacoa Texas envase 190 g","brand":"PRINGLES ","img":"https://sgfm.elcorteingles.es/SGFM/dctm/MEDIA03/201706/29/00120952901690____1__600x600.jpg","price":"2,15 €            ","price_unit":"(10,47 € / Kilo)","categories":["Supermercado","Alimentación General","Aperitivos y frutos secos","Patatas fritas","PRINGLES patatas fritas sabor barbacoa Texas envase 190 g"],"general_information":[],"ingredients":[],"ean":"5053990123414"},{"full_name":"PRINGLES patatas fritas estilo Beef Fajita envase 190 g","name":"patatas fritas estilo Beef Fajita envase 190 g","brand":"PRINGLES ","img":"https://sgfm.elcorteingles.es/SGFM/dctm/MEDIA03/201706/29/00120952901641____1__600x600.jpg","price":"2,15 €","price_unit":"(11,32 € / Kilo)","categories":["Supermercado","Alimentación General","Aperitivos y frutos secos","Patatas fritas","PRINGLES patatas fritas estilo Beef Fajita envase 190 g"],"general_information":[],"ingredients":[],"ean":"5053990141401"},{"full_name":"PRINGLES patatas fritas sabor Lima & Chili envase 190 g","name":"patatas fritas sabor Lima & Chili envase 190 g","brand":"PRINGLES ","img":"https://sgfm.elcorteingles.es/SGFM/dctm/MEDIA03/201706/29/00120952901666____1__600x600.jpg","price":"2,15 €","price_unit":"(11,32 € / Kilo)","categories":["Supermercado","Alimentación General","Aperitivos y frutos secos","Patatas fritas","PRINGLES patatas fritas sabor Lima & Chili envase 190 g"],"general_information":[],"ingredients":[],"ean":"5053990141425"},{"full_name":"VICENTE VIDAL MARINAS patatas fritas sal marina de Formentera bolsa 150 g","name":"patatas fritas sal marina de Formentera bolsa 150 g","brand":"VICENTE VIDAL MARINAS ","img":"https://sgfm.elcorteingles.es/SGFM/dctm/MEDIA03/201702/27/00120952600862____1__600x600.jpg","price":"1,65 €","price_unit":"(11 € / Kilo)","categories":["Supermercado","Alimentación General","Aperitivos y frutos secos","Patatas fritas","VICENTE VIDAL MARINAS patatas fritas sal marina de Formentera bolsa 150 g"],"general_information":["Denominación del alimento: Patatas fritas Sal Marina de Formentera","Nombre del operador: Aperitivos y Extrusionados S.A.U","Dirección del operador: Polígono El Ginestar, A-68, km. 104 31550 Ribaforada (Navarra)","Cantidad Neta: 150 g"],"ingredients":[" Patatas, aceite de girasol (33%) y sal (sal marina de Formentera 0,6%). Sin frutos secos. Sin soja"],"conservation":" Manténgase en lugar fresco, seco y alejado de la luz","ean":"8410071100967"},{"full_name":"VICENTE VIDAL MARINAS patatas fritas sal marina de Formentera y aceite de oliva bolsa 150 g","name":"patatas fritas sal marina de Formentera y aceite de oliva bolsa 150 g","brand":"VICENTE VIDAL MARINAS ","img":"https://sgfm.elcorteingles.es/SGFM/dctm/MEDIA03/201702/27/00120952600870____1__600x600.jpg","price":"1,65 €","price_unit":"(11 € / Kilo)","categories":["Supermercado","Alimentación General","Aperitivos y frutos secos","Patatas fritas","VICENTE VIDAL MARINAS patatas fritas sal marina de Formentera y aceite de oliva bolsa 150 g"],"general_information":["Denominación del alimento: Patatas fritas Sal Marina de Formentera y aceite de oliva","Nombre del operador: Aperitivos y Extrusionados S.A.U","Dirección del operador: Polígono El Ginestar, A-68, km. 104 31550 Ribaforada (Navarra)","Cantidad Neta: 150 g"],"ingredients":[" Patatas, aceite de oliva (38%) y sal (sal marina de Formentera 0,6%). Sin frutos secos. Sin soja"],"conservation":" Manténgase en lugar fresco, seco y alejado de la luz","ean":"8410071100974"},{"full_name":"VICENTE VIDAL MARINAS patatas fritas sal marina de Formentera con pimienta y vinagre balsámico bolsa 150 g","name":"patatas fritas sal marina de Formentera con pimienta y vinagre balsámico bolsa 150 g","brand":"VICENTE VIDAL MARINAS ","img":"https://sgfm.elcorteingles.es/SGFM/dctm/MEDIA03/201702/27/00120952800397____1__600x600.jpg","price":"1,65 €","price_unit":"(11 € / Kilo)","categories":["Supermercado","Alimentación General","Aperitivos y frutos secos","Patatas fritas","VICENTE VIDAL MARINAS patatas fritas sal marina de Formentera con pimienta y vinagre balsámico bolsa 150 g"],"general_information":["Denominación del alimento: Patatas fritas Sal Marina de Formentera, pimienta y vinagre balsámico","Nombre del operador: Aperitivos y Extrusionados S.A.U","Dirección del operador: Polígono El Ginestar, A-68, km. 104 31550 Ribaforada (Navarra)","Cantidad Neta: 150 g"],"ingredients":[" Patata, aceite de girasol (35%), aroma natural de pimienta y balsámico (4%) (preparados aromatizantes, maltodextrina, especias, colorante (extracto de pimentón)) y sal (sal marina de Formentera 0,6%). Sin frutos secos. Sin soja"],"conservation":" Manténgase en lugar fresco, seco y alejado de la luz","ean":"8410071100981"},{"full_name":"VICENTE VIDAL patatas fritas sal marina de Formentera sabor oliva negra y anchoa bolsa 150 g","name":"patatas fritas sal marina de Formentera sabor oliva negra y anchoa bolsa 150 g","brand":"VICENTE VIDAL ","img":"https://sgfm.elcorteingles.es/SGFM/dctm/MEDIA03/201612/27/00120952800926____1__600x600.jpg","price":"1,65 €","price_unit":"(11 € / Kilo)","categories":["Supermercado","Alimentación General","Aperitivos y frutos secos","Patatas fritas","VICENTE VIDAL patatas fritas sal marina de Formentera sabor oliva negra y anchoa bolsa 150 g"],"general_information":["Denominación del alimento: Patatas fritas","Nombre del operador: Aperitivos y Extrusionados S.A.U","Dirección del operador: Polígono El Ginestar, A-68, km. 104 31550 Ribaforada (Navarra)","Cantidad Neta: 150 g"],"ingredients":[" Patata, aceite de girasol (28%), aroma de aceitunas con anchoa (4%) (aromas, potenciador del sabor: E-621, E-631 y E-627) y sal."],"conservation":" Manténgase en lugar fresco, seco y alejado de la luz","ean":"8410573101042"},{"full_name":"VICENTE VIDAL Gran Selección patatas fritas crujientes envase 165 g","name":"Gran Selección patatas fritas crujientes envase 165 g","brand":"VICENTE VIDAL ","img":"https://sgfm.elcorteingles.es/SGFM//00/69/8/0120952600698/0120952600698000g01011.jpg","price":"1,75 €","price_unit":"(10,61 € / Kilo)","categories":["Supermercado","Alimentación General","Aperitivos y frutos secos","Patatas fritas","VICENTE VIDAL Gran Selección patatas fritas crujientes envase 165 g"],"general_information":["Denominación del alimento: Patatas fritas Gran Selección","Nombre del operador: Aperitivos y Extrusionados S.A.U","Dirección del operador: Polígono El Ginestar, A-68, km. 104 31550 Ribaforada (Navarra)","Cantidad Neta: 165 g"],"ingredients":[" Patata, aceite de girasol (33%) y sal"],"conservation":" Manténgase en lugar fresco, seco y alejado de la luz","ean":"8410071100851"},{"full_name":"VICENTE VIDAL patatas fritas artesanas envase 200 g","name":"patatas fritas artesanas envase 200 g","brand":"VICENTE VIDAL ","img":"https://sgfm.elcorteingles.es/SGFM//00/94/6/0120952600946/0120952600946000g01011.jpg","price":"1,65 €","price_unit":"(8,25 € / Kilo)","categories":["Supermercado","Alimentación General","Aperitivos y frutos secos","Patatas fritas","VICENTE VIDAL patatas fritas artesanas envase 200 g"],"general_information":["Denominación del alimento: Patatas fritas","Nombre del operador: Aperitivos y Extrusionados S.A.U","Dirección del operador: Polígono El Ginestar, A-68, km. 104 31550 Ribaforada (Navarra)","Cantidad Neta: 200 g"],"ingredients":[" Patata, aceite de girasol (33%) y sal."],"conservation":" Manténgase en lugar fresco, seco y alejado de la luz","ean":"8410071101223"},{"full_name":"VICENTE VIDAL Camperas patatas fritas extragruesas bolsa 150 g","name":"Camperas patatas fritas extragruesas bolsa 150 g","brand":"VICENTE VIDAL ","img":"https://sgfm.elcorteingles.es/SGFM/dctm/MEDIA03/201612/27/00120952601225____1__600x600.jpg","price":"1,30 €","price_unit":"(8,67 € / Kilo)","categories":["Supermercado","Alimentación General","Aperitivos y frutos secos","Patatas fritas","VICENTE VIDAL Camperas patatas fritas extragruesas bolsa 150 g"],"general_information":["Denominación del alimento: Patatas fritas","Nombre del operador: Aperitivos y Extrusionados S.A.U","Dirección del operador: Polígono El Ginestar, A-68, km. 104 31550 Ribaforada (Navarra)","Cantidad Neta: 150 g"],"ingredients":[" Patata, aceite de girasol (31%) y sal."],"conservation":" Manténgase en lugar fresco, seco y alejado de la luz","ean":"8410573100113"},{"full_name":"VICENTE VIDAL patatas fritas artesanales bajas en sal con aceite de girasol bolsa 140 g","name":"patatas fritas artesanales bajas en sal con aceite de girasol bolsa 140 g","brand":"VICENTE VIDAL ","img":"https://sgfm.elcorteingles.es/SGFM//00/33/4/0120952600334/0120952600334000g01011.jpg","price":"1,35 €","price_unit":"(9,64 € / Kilo)","categories":["Supermercado","Alimentación General","Aperitivos y frutos secos","Patatas fritas","VICENTE VIDAL patatas fritas artesanales bajas en sal con aceite de girasol bolsa 140 g"],"general_information":["Denominación del alimento: Patatas fritas sin sal añadida","Nombre del operador: Aperitivos y Extrusionados S.A.U","Dirección del operador: Polígono El Ginestar, A-68, km. 104 31550 Ribaforada (Navarra)","Cantidad Neta: 140 g"],"ingredients":[" Patata y aceite de girasol (37%)"],"conservation":" Manténgase en lugar fresco, seco y alejado de la luz","ean":"8410071100202"},{"full_name":"VICENTE VIDAL patatas fritas sabor tradicional Alioli Chovi bolsa 135 g","name":"patatas fritas sabor tradicional Alioli Chovi bolsa 135 g","brand":"VICENTE VIDAL ","img":"https://sgfm.elcorteingles.es/SGFM//00/45/4/0120952800454/0120952800454000g01011.jpg","price":"1,05 €","price_unit":"(7,78 € / Kilo)","categories":["Supermercado","Alimentación General","Aperitivos y frutos secos","Patatas fritas","VICENTE VIDAL patatas fritas sabor tradicional Alioli Chovi bolsa 135 g"],"general_information":["Denominación del alimento: Patatas fritas onduladas con sabor a alioli","Nombre del operador: Aperitivos y Extrusionados S.A.U","Dirección del operador: Polígono El Ginestar, A-68, km. 104 31550 Ribaforada (Navarra)","Cantidad Neta: 135 g"],"ingredients":[" Patata, aceite de girasol (37%) aroma alioli (preparaciones aromatizantes, aromas obtenidos por tratamiento térmico, sustancias aromatizantes naturales, potenciador del sabor E-621, maltodextrina, acidulantes E-330 y E-262 y almidón modificado) y sal. Puede contener gluten y sulfitos."],"conservation":" Manténgase en lugar fresco, seco y alejado de la luz","ean":"8410071101261"},{"full_name":"VICENTE VIDAL patatas fritas Light en aceite de girasol bolsa 125 g","name":"patatas fritas Light en aceite de girasol bolsa 125 g","brand":"VICENTE VIDAL ","img":"https://sgfm.elcorteingles.es/SGFM//00/05/0/0120952700050/0120952700050000g01011.jpg","price":"1,40 €","price_unit":"(11,20 € / Kilo)","categories":["Supermercado","Alimentación General","Aperitivos y frutos secos","Patatas fritas","VICENTE VIDAL patatas fritas Light en aceite de girasol bolsa 125 g"],"general_information":["Denominación del alimento: Producto de aperitivo frito","Nombre del operador: Aperitivos y Extrusionados S.A.U","Dirección del operador: Polígono El Ginestar, A-68, km. 104 31550 Ribaforada (Navarra)","Cantidad Neta: 125 g"],"ingredients":[" Patata deshidratada, aceite de girasol (17%), almidón de patata y sal. Puede contener trazas de gluten, soja, leche (lactosa) y sulfitos -40% de absorción de aceite"],"conservation":" Manténgase en lugar fresco, seco y alejado de la luz","ean":"8410071100097"},{"full_name":"SANTA ANA patatas fritas pack 2 x 135 g envase 270 g","name":"patatas fritas pack 2 x 135 g envase 270 g","brand":"SANTA ANA ","img":"https://sgfm.elcorteingles.es/SGFM/dctm/MEDIA02/CONTENIDOS/201509/22/00120952600615____1__600x600.jpg","price":"1,63 €","price_unit":"(6,04 € / Kilo)","categories":["Supermercado","Alimentación General","Aperitivos y frutos secos","Patatas fritas","SANTA ANA patatas fritas pack 2 x 135 g envase 270 g"],"general_information":["Denominación del alimento: Patatas fritas","Nombre del operador: PepsiCo Foods. A.I.E.","Dirección del operador: Avenida de los Olmos, 2, 01013 - Vitoria, España","Cantidad Neta: 270 g","Otras menciones obligatorias en la etiqueta: Envasado en atmósfera protectora"],"ingredients":[" Patatas. aceite de maíz y sal."],"conservation":" Conservar en lugar fresco y seco","ean":"8410199281876"},{"full_name":"SANTA ANA patatas fritas bolsa 190 g","name":"patatas fritas bolsa 190 g","brand":"SANTA ANA ","img":"https://sgfm.elcorteingles.es/SGFM//00/56/5/0120952600565/0120952600565000g01011.jpg","price":"1,17 €","price_unit":"(6,16 € / Kilo)","categories":["Supermercado","Alimentación General","Aperitivos y frutos secos","Patatas fritas","SANTA ANA patatas fritas bolsa 190 g"],"general_information":["Denominación del alimento: Patatas fritas","Nombre del operador: PepsiCo Foods. A.I.E.","Dirección del operador: Avenida de los Olmos, 2, 01013 - Vitoria, España","Cantidad Neta: 190 g","Otras menciones obligatorias en la etiqueta: Envasado en atmósfera protectora"],"ingredients":[" Patatas. aceite de maíz y sal."],"conservation":" Conservar en lugar fresco y seco","ean":"8410199281852"},{"full_name":"RUBIO patatas fritas Churrería 2 bolsas x 125 g envase 250 g","name":"patatas fritas Churrería 2 bolsas x 125 g envase 250 g","brand":"RUBIO ","img":"https://sgfm.elcorteingles.es/SGFM/dctm/MEDIA02/CONTENIDOS/201411/19/00120952600813____1__600x600.jpg","price":"1,75 €","price_unit":"(7 € / Kilo)","categories":["Supermercado","Alimentación General","Aperitivos y frutos secos","Patatas fritas","RUBIO patatas fritas Churrería 2 bolsas x 125 g envase 250 g"],"general_information":["Denominación del alimento: Patatas fritas churreria","Nombre del operador: Rubio Snacks, S.L.","Dirección del operador: C/ Gran vía, 1 30180 Bullas - Murcia","Cantidad Neta: 250 g"],"ingredients":[" Patatas, aceite de girasol, aceite de oliva y sal."],"ean":"8424842200718"},{"full_name":"RUBIO patatas fritas artesanas bolsa 225 g","name":"patatas fritas artesanas bolsa 225 g","brand":"RUBIO ","img":"https://sgfm.elcorteingles.es/SGFM//00/59/9/0120952600599/0120952600599000g01011.jpg","price":"2,13 €","price_unit":"(9,47 € / Kilo)","categories":["Supermercado","Alimentación General","Aperitivos y frutos secos","Patatas fritas","RUBIO patatas fritas artesanas bolsa 225 g"],"general_information":["Denominación del alimento: Patatas fritas extra gruesas","Nombre del operador: Rubio Snacks, S.L.","Dirección del operador: C/ Gran vía, 1 30180 Bullas - Murcia","Cantidad Neta: 225 g"],"ingredients":[" Patatas, aceite de girasol, aceite de oliva y sal."],"ean":"8424842200282"},{"full_name":"RUBIO patatas fritas en aceite de oliva virgen bolsa 350 g","name":"patatas fritas en aceite de oliva virgen bolsa 350 g","brand":"RUBIO ","img":"https://sgfm.elcorteingles.es/SGFM//00/44/1/0120952600441/0120952600441000g01011.jpg","price":"2,45 €","price_unit":"(7 € / Kilo)","categories":["Supermercado","Alimentación General","Aperitivos y frutos secos","Patatas fritas","RUBIO patatas fritas en aceite de oliva virgen bolsa 350 g"],"general_information":["Denominación del alimento: Patatas fritas caseras","Nombre del operador: Rubio Snacks, S.L.","Dirección del operador: C/ Gran vía, 1 30180 Bullas - Murcia","Cantidad Neta: 350 g"],"ingredients":[" Patatas, aceite de girasol, aceite de oliva y sal."],"ean":"8424842200046"},{"full_name":"RUBIO patatas fritas con aceite de oliva virgen bolsa 150 g","name":"patatas fritas con aceite de oliva virgen bolsa 150 g","brand":"RUBIO ","img":"https://sgfm.elcorteingles.es/SGFM//00/43/3/0120952600433/0120952600433000g01011.jpg","price":"1,16 €","price_unit":"(7,73 € / Kilo)","categories":["Supermercado","Alimentación General","Aperitivos y frutos secos","Patatas fritas","RUBIO patatas fritas con aceite de oliva virgen bolsa 150 g"],"general_information":["Denominación del alimento: Patatas fritas caseras","Nombre del operador: Rubio Snacks, S.L.","Dirección del operador: C/ Gran vía, 1 30180 Bullas - Murcia","Cantidad Neta: 150 g"],"ingredients":[" Patatas, aceite de girasol, aceite de oliva y sal."],"ean":"8424842200107"},{"full_name":"RUBIO patatas fritas artesanas con sabor a jamón ibérico bolsa 140 g","name":"patatas fritas artesanas con sabor a jamón ibérico bolsa 140 g","brand":"RUBIO ","img":"https://sgfm.elcorteingles.es/SGFM//00/37/1/0120952800371/0120952800371000g01011.jpg","price":"1,22 €","price_unit":"(8,71 € / Kilo)","categories":["Supermercado","Alimentación General","Aperitivos y frutos secos","Patatas fritas","RUBIO patatas fritas artesanas con sabor a jamón ibérico bolsa 140 g"],"general_information":["Denominación del alimento: Patatas jamon","Nombre del operador: Rubio Snacks, S.L.","Dirección del operador: C/ Gran vía, 1 30180 Bullas - Murcia","Cantidad Neta: 140 g"],"ingredients":[" Patatas, aceite de girasol, aceite de oliva y aroma sabor jamón."],"ean":"8424842200763"},{"full_name":"RUBIO patatas fritas paja envase 150 g","name":"patatas fritas paja envase 150 g","brand":"RUBIO ","img":"https://sgfm.elcorteingles.es/SGFM/03/87/1/0120950403871/0120950403871000g01011.jpg","price":"1,90 €","price_unit":"(12,67 € / Kilo)","categories":["Supermercado","Alimentación General","Aperitivos y frutos secos","Patatas fritas","RUBIO patatas fritas paja envase 150 g"],"general_information":["Denominación del alimento: Patata paja","Nombre del operador: Rubio Snacks, S.L.","Dirección del operador: C/ Gran vía, 1 30180 Bullas - Murcia","Cantidad Neta: 150 g"],"ingredients":[" Patatas, aceite de girasol, aceite de oliva y sal."],"conservation":" Almacenar en lugar fresco y seco al amparo de la luz.","ean":"8424842200510"},{"full_name":"RUBIO Selección Gourmet patatas fritas con sabor a trufa negra bolsa 110 g","name":"Selección Gourmet patatas fritas con sabor a trufa negra bolsa 110 g","brand":"RUBIO ","img":"https://sgfm.elcorteingles.es/SGFM/dctm/MEDIA03/201609/16/00120952800876____1__600x600.jpg","price":"1,93 €","price_unit":"(17,55 € / Kilo)","categories":["Supermercado","Alimentación General","Aperitivos y frutos secos","Patatas fritas","RUBIO Selección Gourmet patatas fritas con sabor a trufa negra bolsa 110 g"],"general_information":["Denominación del alimento: Patatas fritas sabor a trufa, 110g","País de origen: España","Nombre del operador: Rubio Snack, S.L","Dirección del operador: Gran Vía 1, 30180 Bullas (Murcia)","Cantidad Neta: 110 g"],"ingredients":[" Patatas, aceite de girasol, aceite de oliva y aroma sabor trufa [maltodextrina, sal, aromas, goma arábiga, grasa vegetal, corrector de acidez (E330), E1518, E1450, propilenglicol]"],"conservation":" Conservar en un lugar fresco, seco y resguardado de la luz directa. Una vez abierta, cerrar la bolsa y consumir en 3 días.","ean":"8424842200961"},{"full_name":"RUBIO Selección Gourmet patatas fritas con sal del Himalaya bolsa 110 g","name":"Selección Gourmet patatas fritas con sal del Himalaya bolsa 110 g","brand":"RUBIO ","img":"https://sgfm.elcorteingles.es/SGFM/dctm/MEDIA03/201609/16/00120952800868____1__600x600.jpg","price":"1,93 €","price_unit":"(17,55 € / Kilo)","categories":["Supermercado","Alimentación General","Aperitivos y frutos secos","Patatas fritas","RUBIO Selección Gourmet patatas fritas con sal del Himalaya bolsa 110 g"],"general_information":["Denominación del alimento: Patatas fritas en aceite de oliva con sal rosa del Himalaya, 110g","País de origen: España","Nombre del operador: Rubio Snack, S.L","Dirección del operador: Gran Vía 1, 30180 Bullas (Murcia)","Cantidad Neta: 110 g"],"ingredients":[" Patatas, aceite de oliva y sal."],"conservation":" Conservar en un lugar fresco, seco y resguardado de la luz directa. Una vez abierta, cerrar la bolsa y consumir en 3 días.","ean":"8424842201128"},{"full_name":"RUBIO Selección Gourmet patatas fritas con sabor a caviar rojo bolsa 110 g","name":"Selección Gourmet patatas fritas con sabor a caviar rojo bolsa 110 g","brand":"RUBIO ","img":"https://sgfm.elcorteingles.es/SGFM/dctm/MEDIA03/201609/16/00120952800850____1__600x600.jpg","price":"1,35 €","price_unit":"(12,27 € / Kilo)","categories":["Supermercado","Alimentación General","Aperitivos y frutos secos","Patatas fritas","RUBIO Selección Gourmet patatas fritas con sabor a caviar rojo bolsa 110 g"],"general_information":["Denominación del alimento: patatas fritas sabor a caviar, 110g","País de origen: España","Nombre del operador: Rubio Snack, S.L","Dirección del operador: Gran Vía 1, 30180 Bullas (Murcia)","Cantidad Neta: 110 g"],"ingredients":[" Patatas, aceite de girasol, aceite de oliva y aroma sabor a caviar [ sal, suero de leche en polvo, harina de arroz, pescado, potenciador del sabor E-621, grasa vegetal de coco, aromas, mantequilla, potenciador del sabor E-667 y E-631 y colorante E-100]"],"conservation":" Conservar en un lugar fresco, seco y resguardado de la luz directa. Una vez abierta, cerrar la bolsa y consumir en 3 días.","ean":"8424842200978"},{"full_name":"RUBIO Premium Tradicional patatas fritas elaboradas en sartén bolsa 130 g","name":"Premium Tradicional patatas fritas elaboradas en sartén bolsa 130 g","brand":"RUBIO ","img":"https://sgfm.elcorteingles.es/SGFM/dctm/MEDIA03/201705/22/00120952601209____5__600x600.jpg","price":"0,99 €","price_unit":"(9 € / Kilo)","categories":["Supermercado","Alimentación General","Aperitivos y frutos secos","Patatas fritas","RUBIO Premium Tradicional patatas fritas elaboradas en sartén bolsa 130 g"],"general_information":["Denominación del alimento: PATATAS FRITAS TRADICIONAL PREMIUM","País de origen: España","Nombre del operador: Rubio Snacks, S.L","Dirección del operador: C/ Gran Vía, nº 1, 30180Bullas (Murcia)","Cantidad Neta: 130 g"],"ingredients":[" Patatas, aceite de girasol, aceite de oliva y sal."],"conservation":" Conservar en un lugar fresco, seco y resguardado de la luz directa.","ean":"8424842201111"},{"full_name":"PIJO Finissimas patatas fritas al estilo murcianico de finísimo corte y con sal del Mar Menor bolsa 130 g","name":"Finissimas patatas fritas al estilo murcianico de finísimo corte y con sal del Mar Menor bolsa 130 g","brand":"PIJO ","img":"https://sgfm.elcorteingles.es/SGFM/dctm/MEDIA03/201702/08/00120952601217____6__600x600.jpg","price":"1,38 €","price_unit":"(10,62 € / Kilo)","categories":["Supermercado","Alimentación General","Aperitivos y frutos secos","Patatas fritas","PIJO Finissimas patatas fritas al estilo murcianico de finísimo corte y con sal del Mar Menor bolsa 130 g"],"general_information":["Denominación del alimento: PATATAS FRITAS TRADICIONALES FINISIMAS, 130 G","País de origen: España","Nombre del operador: Rubio Snack, S.L","Dirección del operador: Gran Vía 1, 30180 Bullas (Murcia)","Cantidad Neta: 130 g"],"ingredients":[" Patatas, aceite de girasol, aceite de oliva y sal."],"conservation":" Conservar en un lugar fresco, seco y resguardado de la luz directa. Una vez abierta, cerrar la bolsa y consumir en 3 días.","ean":"8424842040741"},{"full_name":"PIJO patatas fritas al estilo murciano con sal de mar y sabor a limón y pimienta bolsa 130 g","name":"patatas fritas al estilo murciano con sal de mar y sabor a limón y pimienta bolsa 130 g","brand":"PIJO ","img":"https://sgfm.elcorteingles.es/SGFM/dctm/MEDIA03/201701/23/00120952800884____1__600x600.jpg","price":"1,10 €","price_unit":"(8,46 € / Kilo)","categories":["Supermercado","Alimentación General","Aperitivos y frutos secos","Patatas fritas","PIJO patatas fritas al estilo murciano con sal de mar y sabor a limón y pimienta bolsa 130 g"],"general_information":["Denominación del alimento: Patatas fritas en sartén con sabor a limón y pimienta, 130g","País de origen: España","Nombre del operador: Rubio Snack, S.L","Dirección del operador: Gran Vía 1, 30180 Bullas (Murcia)","Cantidad Neta: 130 g"],"ingredients":[" Patatas, aceite de girasol, aceite de oliva y aroma sabor limón y pimienta [aroma natural, sal, regulador de la acidez (ácido cítrico y ácido tartárico), potenciador del sabor (glutamato monosódico) y pimienta]."],"conservation":" Conservar en un lugar fresco, seco y resguardado de la luz directa. Una vez abierta, cerrar la bolsa y consumir en 3 días.","ean":"8424842040758"},{"full_name":"ESPADA patatas fritas en aceite de girasol chips bolsa 500 g","name":"patatas fritas en aceite de girasol chips bolsa 500 g","brand":"ESPADA ","img":"https://sgfm.elcorteingles.es/SGFM//00/39/1/0120952600391/0120952600391000g01011.jpg","price":"3,55 €","price_unit":"(7,10 € / Kilo)","categories":["Supermercado","Alimentación General","Aperitivos y frutos secos","Patatas fritas","ESPADA patatas fritas en aceite de girasol chips bolsa 500 g"],"general_information":["Denominación del alimento: Patatas fritas","Nombre del operador: Espafrima S.L","Dirección del operador: C/ Fundidores, 45. Poligono Industrial Los Ángeles 28906 Getafe (Madrid) España","Cantidad Neta: 500 g","Otras menciones obligatorias en la etiqueta: No contiene gluten"],"ingredients":[" Patatas seleccionadas, aceite de girasol y sal"],"conservation":" Conservar en lugar fresco y seco. Si no consume la totalidad cierre la bolsa con una pinza.","ean":"8423856005005"},{"full_name":"ESPADA patatas fritas chips bolsa 240 g","name":"patatas fritas chips bolsa 240 g","brand":"ESPADA ","img":"https://sgfm.elcorteingles.es/SGFM//00/38/3/0120952600383/0120952600383000g01011.jpg","price":"1,85 €","price_unit":"(7,71 € / Kilo)","categories":["Supermercado","Alimentación General","Aperitivos y frutos secos","Patatas fritas","ESPADA patatas fritas chips bolsa 240 g"],"general_information":["Denominación del alimento: Patatas fritas","Nombre del operador: Espafrima S.L","Dirección del operador: C/ Fundidores, 45. Poligono Industrial Los Ángeles 28906 Getafe (Madrid) España","Cantidad Neta: 240,0 g"],"ingredients":[" Patatas seleccionadas, aceite de girasol y sal."],"conservation":" Conservar en lugar fresco y seco. Si no consume la totalidad cierre la bolsa con una pinza.","ean":"8423856002400"},{"full_name":"ESPADA patatas fritas con aceite de oliva bolsa 170 g","name":"patatas fritas con aceite de oliva bolsa 170 g","brand":"ESPADA ","img":"https://sgfm.elcorteingles.es/SGFM//00/80/5/0120952600805/0120952600805000g01011.jpg","price":"1,92 €","price_unit":"(11,29 € / Kilo)","categories":["Supermercado","Alimentación General","Aperitivos y frutos secos","Patatas fritas","ESPADA patatas fritas con aceite de oliva bolsa 170 g"],"general_information":["Denominación del alimento: Patatas fritas en aceite de oliva","Nombre del operador: Espafrima S.L","Dirección del operador: C/ Fundidores, 45. Poligono Industrial Los Ángeles 28906 Getafe (Madrid) España","Cantidad Neta: 170,0 g"],"ingredients":[" Patatas seleccionadas, aceite de oliva y sal."],"conservation":" Proteger de la luz solar, conservar en lugar seco y apartado de olores intensos.","ean":"8423856051705"},{"full_name":"ESPADA patatas fritas en aceite de girasol sin sal añadida bolsa 150 g","name":"patatas fritas en aceite de girasol sin sal añadida bolsa 150 g","brand":"ESPADA ","img":"https://sgfm.elcorteingles.es/SGFM/dctm/MEDIA02/CONTENIDOS/201406/11/00120952700084____1__600x600.jpg","price":"1,10 €","price_unit":"(7,33 € / Kilo)","categories":["Supermercado","Alimentación General","Aperitivos y frutos secos","Patatas fritas","ESPADA patatas fritas en aceite de girasol sin sal añadida bolsa 150 g"],"general_information":["Denominación del alimento: Patatas fritas sin sal","Nombre del operador: Espafrima S.L","Dirección del operador: C/ Fundidores, 45. Poligono Industrial Los Ángeles 28906 Getafe (Madrid) España","Cantidad Neta: 150,0 g"],"ingredients":[" Patatas seleccionadas, aceite de girasol y sal."],"conservation":" Conservar en lugar fresco y seco. Si no consume la totalidad cierre la bolsa con una pinza.","ean":"8423856001281"},{"full_name":"FRIT RAVICH patatas fritas chips sin sal añadida bolsa 150 g","name":"patatas fritas chips sin sal añadida bolsa 150 g","brand":"FRIT RAVICH ","img":"https://sgfm.elcorteingles.es/SGFM/dctm/MEDIA03/201706/30/00120950401958____1__600x600.jpg","price":"1,20 €","price_unit":"(8 € / Kilo)","categories":["Supermercado","Alimentación General","Aperitivos y frutos secos","Patatas fritas","FRIT RAVICH patatas fritas chips sin sal añadida bolsa 150 g"],"general_information":["Denominación del alimento: Patatas fritas.","Nombre del operador: Frit Ravich, SL","Dirección del operador: Polígono Industrial Massanet s/n. 17412 Massanet de la Selva (Girona)","Cantidad Neta: 150 g"],"ingredients":[" Patatas seleccionadas y aceite de girasol."],"conservation":" Conservar en lugar fresco, seco y protegido de la luz. Una vez abierto, mantener el envase cerrado en condiciones frescas y secas.","ean":"8410564001634"},{"full_name":"FRIT RAVICH patatas fritas onduladas caseras bolsa 170 g","name":"patatas fritas onduladas caseras bolsa 170 g","brand":"FRIT RAVICH ","img":"https://sgfm.elcorteingles.es/SGFM/dctm/MEDIA03/201706/30/00120952600607____1__600x600.jpg","price":"1,78 €","price_unit":"(10,47 € / Kilo)","categories":["Supermercado","Alimentación General","Aperitivos y frutos secos","Patatas fritas","FRIT RAVICH patatas fritas onduladas caseras bolsa 170 g"],"general_information":["Denominación del alimento: Patatas fritas con aceite de oliva virgen (30% del porcentaje de materias grasas).","Nombre del operador: Frit Ravich, SL","Dirección del operador: Polígono Industrial Massanet s/n. 17412 Massanet de la Selva (Girona)","Cantidad Neta: 170 g"],"ingredients":[" Patatas seleccionadas, aceites vegetales [aceite de girasol (70%) y aceite de oliva virgen (30%)] y sal."],"conservation":" Conservar en lugar fresco, seco y protegido de la luz. Una vez abierto, mantener el envase cerrado en condiciones frescas y secas.","ean":"8410564001443"},{"full_name":"FRIT RAVICH patatas fritas caseras bolsa 170 g","name":"patatas fritas caseras bolsa 170 g","brand":"FRIT RAVICH ","img":"https://sgfm.elcorteingles.es/SGFM/dctm/MEDIA03/201706/30/00120952600409____1__600x600.jpg","price":"1,65 €","price_unit":"(9,71 € / Kilo)","categories":["Supermercado","Alimentación General","Aperitivos y frutos secos","Patatas fritas","FRIT RAVICH patatas fritas caseras bolsa 170 g"],"general_information":["Denominación del alimento: Patatas fritas con aceite de oliva virgen","Nombre del operador: Frit Ravich, SL","Dirección del operador: Polígono Industrial Massanet s/n. 17412 Massanet de la Selva (Girona)","Cantidad Neta: 150 g"],"ingredients":[" Patatas seleccionadas, aceites vegetales [aceite de girasol (70%) y aceite de oliva virgen (30%)] y sal."],"conservation":" Conservar en lugar fresco, seco y protegido de la luz. Una vez abierto, mantener el envase cerrado en condiciones frescas y secas.","ean":"8410564001344"},{"full_name":"FRIT RAVICH patatas fritas ligeras bolsa 125 g","name":"patatas fritas ligeras bolsa 125 g","brand":"FRIT RAVICH ","img":"https://sgfm.elcorteingles.es/SGFM/dctm/MEDIA03/201706/30/00120952700035____2__600x600.jpg","price":"1,30 €","price_unit":"(10,40 € / Kilo)","categories":["Supermercado","Alimentación General","Aperitivos y frutos secos","Patatas fritas","FRIT RAVICH patatas fritas ligeras bolsa 125 g"],"general_information":["Denominación del alimento: Producto de aperitivo frito.","Nombre del operador: Frit Ravich, SL","Dirección del operador: Polígono Industrial Massanet s/n. 17412 Massanet de la Selva (Girona)","Cantidad Neta: 125 g"],"ingredients":[" Harina de patata, fécula de patata, aceite de girasol y sal. Puede contener trazas de gluten y soja."],"conservation":" Conservar en lugar fresco, seco y protegido de la luz. Una vez abierto, mantener el envase cerrado en condiciones frescas y secas.","ean":"8410564037206"},{"full_name":"FRIT RAVICH patatas fritas Churrería bolsa 160 g","name":"patatas fritas Churrería bolsa 160 g","brand":"FRIT RAVICH ","img":"https://sgfm.elcorteingles.es/SGFM/dctm/MEDIA03/201706/30/00120952600656____1__600x600.jpg","price":"1,20 €","price_unit":"(7,50 € / Kilo)","categories":["Supermercado","Alimentación General","Aperitivos y frutos secos","Patatas fritas","FRIT RAVICH patatas fritas Churrería bolsa 160 g"],"general_information":["Denominación del alimento: Patatas fritas.","Nombre del operador: Frit Ravich, SL","Dirección del operador: Polígono Industrial Massanet s/n. 17412 Massanet de la Selva (Girona)","Cantidad Neta: 150 g"],"ingredients":[" Patatas seleccionadas, aceite de girasol y sal."],"conservation":" Conservar en lugar fresco, seco y protegido de la luz. Una vez abierto, mantener el envase cerrado en condiciones frescas y secas.","ean":"8410564033031"},{"full_name":"FRIT RAVICH patatas fritas ligeras sabor a tomate y orégano bolsa 125 g","name":"patatas fritas ligeras sabor a tomate y orégano bolsa 125 g","brand":"FRIT RAVICH ","img":"https://sgfm.elcorteingles.es/SGFM/dctm/MEDIA03/201706/30/00120952800819____6__600x600.jpg","price":"1,53 €","price_unit":"(12,24 € / Kilo)","categories":["Supermercado","Alimentación General","Aperitivos y frutos secos","Patatas fritas","FRIT RAVICH patatas fritas ligeras sabor a tomate y orégano bolsa 125 g"],"general_information":["Denominación del alimento: Producto de aperitivo frito y aromatizado.","Nombre del operador: Frit Ravich, SL","Dirección del operador: Polígono Industrial Massanet s/n. 17412 Massanet de la Selva (Girona)","Cantidad Neta: 125 g"],"ingredients":[" Harina de patata, fécula de patata, aceite de girasol, aroma de tomate y orégano [Suero de leche en polvo, sal, azúcar, dextrosa, tomate en polvo, mantequilla en polvo, extracto de levadura, ajo en polvo, especias (orégano y albahaca), corrector de acidez (E-270), cebolla en polvo, colorante (E-160c), aroma natural] y sal. Puede contener trazas de gluten y soja."],"conservation":" Conservar en lugar fresco, seco y protegido de la luz. Una vez abierto, mantener el envase cerrado en condiciones frescas y secas.","ean":"8410564003553"},{"full_name":"FRIT RAVICH patatas fritas sabor chili bolsa 125 g","name":"patatas fritas sabor chili bolsa 125 g","brand":"FRIT RAVICH ","img":"https://sgfm.elcorteingles.es/SGFM/dctm/MEDIA03/201706/30/00120952800892____6__600x600.jpg","price":"1,35 €","price_unit":"(10,80 € / Kilo)","categories":["Supermercado","Alimentación General","Aperitivos y frutos secos","Patatas fritas","FRIT RAVICH patatas fritas sabor chili bolsa 125 g"],"general_information":[],"ingredients":[],"ean":"8410564001863"},{"full_name":"FRIT RAVICH PREMIUM patatas fritas sabor a salsa de aperitivo bolsa 150 g","name":"PREMIUM patatas fritas sabor a salsa de aperitivo bolsa 150 g","brand":"FRIT RAVICH ","img":"https://sgfm.elcorteingles.es/SGFM/dctm/MEDIA03/201706/30/00120952601043____3__600x600.jpg","price":"1,52 €","price_unit":"(10,13 € / Kilo)","categories":["Supermercado","Alimentación General","Aperitivos y frutos secos","Patatas fritas","FRIT RAVICH PREMIUM patatas fritas sabor a salsa de aperitivo bolsa 150 g"],"general_information":["Denominación del alimento: Patatas fritas con aceite de girasol, sabor a berberechos.","Nombre del operador: Frit Ravich, SL","Dirección del operador: Polígono Industrial Massanet s/n. 17412 Massanet de la Selva (Girona)","Cantidad Neta: 160 g"],"ingredients":[" Patatas seleccionadas, aceite de girasol y aroma de berberechos [lactosa, sal, aroma, potenciador del sabor (E-621), maltodextrina, pescado, especias y plantas aromáticas, acidulante (E-330) y colorante (E-160c)]. Puede contener trazas de gluten."],"conservation":" Conservar en lugar fresco, seco y protegido de la luz. Una vez abierto, mantener el envase cerrado en condiciones frescas y secas.","ean":"8410564001894"},{"full_name":"FRIT RAVICH PREMIUN patatas fritas con aceite de oliva virgen bolsa 160 g","name":"patatas fritas con aceite de oliva virgen bolsa 160 g","brand":"FRIT RAVICH PREMIUN ","img":"https://sgfm.elcorteingles.es/SGFM/dctm/MEDIA03/201706/30/00120952600847____2__600x600.jpg","price":"1,56 €","price_unit":"(9,75 € / Kilo)","categories":["Supermercado","Alimentación General","Aperitivos y frutos secos","Patatas fritas","FRIT RAVICH PREMIUN patatas fritas con aceite de oliva virgen bolsa 160 g"],"general_information":["Denominación del alimento: Patatas fritas con aceite de girasol y sal.","Nombre del operador: Frit Ravich, SL","Dirección del operador: Polígono Industrial Massanet s/n. 17412 Massanet de la Selva (Girona)","Cantidad Neta: 170 g"],"ingredients":[" Patatas seleccionadas, aceite de girasol y sal. Puede contener trazas de gluten"],"conservation":" Conservar en lugar fresco, seco y protegido de la luz. Una vez abierto, mantener el envase cerrado en condiciones frescas y secas.","ean":"8410564001733"},{"full_name":"AÑAVIEJA patatas fritas artesanas en aceite de oliva bolsa 150 g","name":"patatas fritas artesanas en aceite de oliva bolsa 150 g","brand":"AÑAVIEJA ","img":"https://sgfm.elcorteingles.es/SGFM//00/58/1/0120952600581/0120952600581000g01011.jpg","price":"2,00 €","price_unit":"(13,33 € / Kilo)","categories":["Supermercado","Alimentación General","Aperitivos y frutos secos","Patatas fritas","AÑAVIEJA patatas fritas artesanas en aceite de oliva bolsa 150 g"],"general_information":["Denominación del alimento: Patatas fritas en aceite de oliva","Nombre del operador: APERITIVOS DE AÑAVIEJA","Dirección del operador: Ctra. De Añavieja p.km. 0.300.  42108-Muro-SORIA-España","Cantidad Neta: 150,0 g"],"ingredients":[" Patatas, aceite de oliva y sal."],"conservation":" Conservar en lugar fresco y seco.","ean":"8437000299073"},{"full_name":"AÑAVIEJA patatas fritas ecológicas bolsa 125 g","name":"patatas fritas ecológicas bolsa 125 g","brand":"AÑAVIEJA ","img":"https://sgfm.elcorteingles.es/SGFM/dctm/MEDIA02/CONTENIDOS/201409/05/00120950600021____1__600x600.jpg","price":"2,45 €","price_unit":"(19,60 € / Kilo)","categories":["Supermercado","Alimentación General","Aperitivos y frutos secos","Patatas fritas","AÑAVIEJA patatas fritas ecológicas bolsa 125 g"],"general_information":["Denominación del alimento: Patatas fritas en aceite de oliva virgen extra","Nombre del operador: APERITIVOS DE AÑAVIEJA","Dirección del operador: Ctra. De Añavieja p.km. 0.300.  42108-Muro-SORIA-España","Cantidad Neta: 125,0 g","Otras menciones obligatorias en la etiqueta: Envasado en atmósfera protectora."],"ingredients":[" Patatas, aceite de oliva virgen extra, sal marina."],"conservation":" Conservar en lugar fresco y seco.","ean":"8437000299615"},{"full_name":"SARRIEGUI patatas fritas en aceite de oliva virgen extra bolsa 150 g","name":"patatas fritas en aceite de oliva virgen extra bolsa 150 g","brand":"SARRIEGUI ","img":"https://sgfm.elcorteingles.es/SGFM/dctm/MEDIA02/CONTENIDOS/201407/21/00120952600508____1__600x600.jpg","price":"2,50 €","price_unit":"(16,67 € / Kilo)","categories":["Supermercado","Alimentación General","Aperitivos y frutos secos","Patatas fritas","SARRIEGUI patatas fritas en aceite de oliva virgen extra bolsa 150 g"],"general_information":["Denominación del alimento: Patatas fritas","País de origen: España","Nombre del operador: PATATAS SAN JERÓNIMO, S.L.","Dirección del operador: C/ Erribera, 12 Polígono Zumartegi - C.P. 20170 Usurbil (Guipúzcoa).","Lugar de procedencia del alimento: España.","Cantidad Neta: 150 g"],"ingredients":[" Patatas, aceite de oliva virgen extra 60%, aceite girasol alto oleico 40% y sal."],"conservation":" Conservar en lugar fresco y seco. Preservar de la luz.","ean":"8437000757023"},{"full_name":"SARRIEGUI patatas fritas en aceite de oliva virgen extra sin sal bolsa 150 g","name":"patatas fritas en aceite de oliva virgen extra sin sal bolsa 150 g","brand":"SARRIEGUI ","img":"https://sgfm.elcorteingles.es/SGFM//00/51/6/0120952600516/0120952600516000g01011.jpg","price":"2,50 €","price_unit":"(16,67 € / Kilo)","categories":["Supermercado","Alimentación General","Aperitivos y frutos secos","Patatas fritas","SARRIEGUI patatas fritas en aceite de oliva virgen extra sin sal bolsa 150 g"],"general_information":["Denominación del alimento: Patatas fritas","País de origen: España","Nombre del operador: PATATAS SAN JERÓNIMO, S.L.","Dirección del operador: C/ Erribera, 12 Polígono Zumartegi - C.P. 20170 Usurbil (Guipúzcoa).","Lugar de procedencia del alimento: España.","Cantidad Neta: 150 g"],"ingredients":[" Patatas, aceite de oliva virgen extra 60%, aceite girasol alto oleico 40%."],"conservation":" Conservar en lugar fresco y seco. Preservar de la luz.","ean":"8437000757030"},{"full_name":"KETTLE patatas fritas con sal marina bolsa 150 g","name":"patatas fritas con sal marina bolsa 150 g","brand":"KETTLE ","img":"https://sgfm.elcorteingles.es/SGFM/dctm/MEDIA03/201612/12/00120952800934____1__600x600.jpg","price":"1,99 €","price_unit":"(13,27 € / Kilo)","categories":["Supermercado","Alimentación General","Aperitivos y frutos secos","Patatas fritas","KETTLE patatas fritas con sal marina bolsa 150 g"],"general_information":["Denominación del alimento: Kettle Sea Salt","Nombre del operador: Mundimarket Aura Group S.L.","Dirección del operador: C/Escultura n° 7, 08110 Montcada y Reixach (Barcelona)","Cantidad Neta: 150 g"],"ingredients":[" Patatas, aceite de girasol y sal marina."],"conservation":" Conservese en lugar fresco y seco, sin exponer a la luz","ean":"5017764112295"},{"full_name":"KETTLE patatas fritas con sal y pimienta negra bolsa 150 g","name":"patatas fritas con sal y pimienta negra bolsa 150 g","brand":"KETTLE ","img":"https://sgfm.elcorteingles.es/SGFM/dctm/MEDIA03/201612/12/00120952800959____1__600x600.jpg","price":"1,99 €","price_unit":"(13,27 € / Kilo)","categories":["Supermercado","Alimentación General","Aperitivos y frutos secos","Patatas fritas","KETTLE patatas fritas con sal y pimienta negra bolsa 150 g"],"general_information":["Denominación del alimento: Kettle Sea Salt & Crushed Black Pepper","Nombre del operador: Mundimarket Aura Group S.L.","Dirección del operador: C/Escultura n° 7, 08110 Montcada y Reixach (Barcelona)","Cantidad Neta: 150 g"],"ingredients":[" Patatas, aceite de girasol, condimiento de sal marina y pimienta negra molida, (maltodextrina (de patata) almidón de patata, sal marina, pimienta negra molida, extracto de levadura, azúcar, acidulante: ácido cítrico, extracto de pimienta negra)."],"conservation":" Conservese en lugar fresco y seco, sin exponer a la luz","ean":"5017764112332"},{"full_name":"KETTLE patatas fritas sabor queso cheddar y cebolla roja bolsa 150 g","name":"patatas fritas sabor queso cheddar y cebolla roja bolsa 150 g","brand":"KETTLE ","img":"https://sgfm.elcorteingles.es/SGFM/dctm/MEDIA03/201612/12/00120952800942____1__600x600.jpg","price":"1,99 €","price_unit":"(13,27 € / Kilo)","categories":["Supermercado","Alimentación General","Aperitivos y frutos secos","Patatas fritas","KETTLE patatas fritas sabor queso cheddar y cebolla roja bolsa 150 g"],"general_information":["Denominación del alimento: Kettle Mature Cheddar & Red Onion","Nombre del operador: Mundimarket Aura Group S.L.","Dirección del operador: C/Escultura n° 7, 08110 Montcada y Reixach (Barcelona)","Cantidad Neta: 150 g"],"ingredients":[" Patatas, aceite de girasol, queso cheddar curado y  condimento de cebolla roja (suero de mantequilla seco, queso cheddar curado seco (leche), sal marina, cebolla roja seca, levadura seca, extracto de levadura, cebollino seco, extracto de pimentón)."],"conservation":" Conservese en lugar fresco y seco, sin exponer a la luz","ean":"5017764112219"},{"full_name":"KETTLE patatas fritas Sweet Chili & Sour cream bolsa 150 g","name":"patatas fritas Sweet Chili & Sour cream bolsa 150 g","brand":"KETTLE ","img":"https://sgfm.elcorteingles.es/SGFM/dctm/MEDIA03/201612/12/00120952800967____1__600x600.jpg","price":"1,99 €","price_unit":"(13,27 € / Kilo)","categories":["Supermercado","Alimentación General","Aperitivos y frutos secos","Patatas fritas","KETTLE patatas fritas Sweet Chili & Sour cream bolsa 150 g"],"general_information":["Denominación del alimento: Kettle Sour Cream & Chilli","Nombre del operador: Mundimarket Aura Group S.L.","Dirección del operador: C/Escultura n° 7, 08110 Montcada y Reixach (Barcelona)","Cantidad Neta: 150 g"],"ingredients":[" Patatas, aceite de girasol, condimiento de guindilla dulce y nata acidificada (azúcar, nata acidificada en polvo (leche), leche desnatada en polvo, leche fermentada en polvo, sal marina, cebolla deshidratada, extracto de levadura en polvo, guindilla en polvo, pimiento rojo deshidratado, pimiento molido, acidulante: ácido cítrico, aroma natural, ajo en polvo, limón deshidratado)."],"conservation":" Conservese en lugar fresco y seco, sin exponer a la luz","ean":"5017764113605"},{"full_name":"KETTLE patatas fritas sal y vinagre balsámico bolsa bolsa 150 g","name":"patatas fritas sal y vinagre balsámico bolsa bolsa 150 g","brand":"KETTLE ","img":"https://sgfm.elcorteingles.es/SGFM/dctm/MEDIA03/201612/12/00120952800975____1__600x600.jpg","price":"1,99 €","price_unit":"(13,27 € / Kilo)","categories":["Supermercado","Alimentación General","Aperitivos y frutos secos","Patatas fritas","KETTLE patatas fritas sal y vinagre balsámico bolsa bolsa 150 g"],"general_information":["Denominación del alimento: Kettle Sea Salt & Balsamic Vinegar","Nombre del operador: Mundimarket Aura Group S.L.","Dirección del operador: C/Escultura n° 7, 08110 Montcada y Reixach (Barcelona)","Cantidad Neta: 150 g"],"ingredients":[" Patatas, aceite de girasol, condimiento de sal marina y vinagre balsámico, (sal marina, vinagre balsámico en polvo, maltodextrina (de patata), azúcar, vinagre de malta de cebada en polvo, acidulante: ácido cítrico)."],"conservation":" Conservese en lugar fresco y seco, sin exponer a la luz","ean":"5017764112233"},{"full_name":"VIDAL patatas fritas para guarnición extra crujientes bolsa 150 g","name":"patatas fritas para guarnición extra crujientes bolsa 150 g","brand":"VIDAL ","img":"https://sgfm.elcorteingles.es/SGFM/dctm/MEDIA02/CONTENIDOS/201502/10/00120952601076____1__600x600.jpg","price":"1,41 €","price_unit":"(9,40 € / Kilo)","categories":["Supermercado","Alimentación General","Aperitivos y frutos secos","Patatas fritas","VIDAL patatas fritas para guarnición extra crujientes bolsa 150 g"],"general_information":["Denominación del alimento: Patatas fritas","Nombre del operador: Aperitivos y Extrusionados S.A.U","Dirección del operador: Polígono El Ginestar, A-68, km. 104 31550 Ribaforada (Navarra)","Cantidad Neta: 150 g"],"ingredients":[" Patata, aceite de girasol (31%) y sal."],"conservation":" Manténgase en lugar fresco, seco y alejado de la luz","ean":"8410573100304"},{"full_name":"ALFONSO TORRES patatas fritas artesanales bolsa 180 g","name":"patatas fritas artesanales bolsa 180 g","brand":"ALFONSO TORRES ","img":"https://sgfm.elcorteingles.es/SGFM//00/82/1/0120952600821/0120952600821000g01011.jpg","price":"2,20 €","price_unit":"(12,22 € / Kilo)","categories":["Supermercado","Alimentación General","Aperitivos y frutos secos","Patatas fritas","ALFONSO TORRES patatas fritas artesanales bolsa 180 g"],"general_information":["Denominación del alimento: Patatas Fritas","Nombre del operador: A.M.A. Torres SL","Dirección del operador: C/ Xaloc, 12. P.I. Buvisa. 08338 Premia de Dalt ? Barcelona ? España","Cantidad Neta: 180 g"],"ingredients":[" Patatas seleccionadas, Aceite de Girasol (70%), Aceite de Oliva (30%) y Sal Marina."],"ean":"8427486001802"},{"full_name":"BONILLA patatas fritas en aceite de oliva lata 500 g","name":"patatas fritas en aceite de oliva lata 500 g","brand":"BONILLA ","img":"https://sgfm.elcorteingles.es/SGFM//00/55/7/0120952600557/0120952600557000g01011.jpg","price":"9,95 €","price_unit":"(19,90 € / Kilo)","categories":["Supermercado","Alimentación General","Aperitivos y frutos secos","Patatas fritas","BONILLA patatas fritas en aceite de oliva lata 500 g"],"general_information":["Denominación del alimento: Patatas fritas","Nombre del operador: Epagal, S.L.","Dirección del operador: Políg. Indus. Sabón, parcela 150 C.C.P. 15142 Arteixo (A Coruña)","Cantidad Neta: 500,0 g"],"ingredients":[" Patata seleccionada, aceite de oliva y sal marina."],"ean":"8413751001059"},{"full_name":"BONILLA patatas fritas en aceite de oliva bolsa 150 g","name":"patatas fritas en aceite de oliva bolsa 150 g","brand":"BONILLA ","img":"https://sgfm.elcorteingles.es/SGFM/dctm/MEDIA02/CONTENIDOS/201409/27/00120952600375____1__600x600.jpg","price":"1,64 €","price_unit":"(10,93 € / Kilo)","categories":["Supermercado","Alimentación General","Aperitivos y frutos secos","Patatas fritas","BONILLA patatas fritas en aceite de oliva bolsa 150 g"],"general_information":["Denominación del alimento: Patatas fritas","Nombre del operador: Epagal, S.L.","Dirección del operador: Políg. Indus. Sabón, parcela 150 C.C.P. 15142 Arteixo (A Coruña)","Cantidad Neta: 150,0 g","Otras menciones obligatorias en la etiqueta: Atmósfera protectora."],"ingredients":[" Patata seleccionada, aceite de oliva y sal marina."],"ean":"8413751001035"},{"full_name":"BONILLA patatas fritas en aceite de oliva sin sal bolsa 150 g","name":"patatas fritas en aceite de oliva sin sal bolsa 150 g","brand":"BONILLA ","img":"https://sgfm.elcorteingles.es/SGFM/dctm/MEDIA02/CONTENIDOS/201409/27/00120952600425____1__600x600.jpg","price":"1,64 €","price_unit":"(10,93 € / Kilo)","categories":["Supermercado","Alimentación General","Aperitivos y frutos secos","Patatas fritas","BONILLA patatas fritas en aceite de oliva sin sal bolsa 150 g"],"general_information":["Denominación del alimento: Patatas fritas","Nombre del operador: Epagal, S.L.","Dirección del operador: Políg. Indus. Sabón, parcela 150 C.C.P. 15142 Arteixo (A Coruña)","Cantidad Neta: 150,0 g","Otras menciones obligatorias en la etiqueta: Sin Sal. Atmósfera protectora. Colesterol menos de 0.1 g en 100 g"],"ingredients":[" Patata seleccionada y aceite de oliva."],"ean":"8413751001073"},{"full_name":"LA REAL patatas fritas 100% producto artesano bolsa 150 g","name":"patatas fritas 100% producto artesano bolsa 150 g","brand":"LA REAL ","img":"https://sgfm.elcorteingles.es/SGFM/dctm/MEDIA03/201611/17/00120952601175____3__600x600.jpg","price":"2,04 €","price_unit":"(13,60 € / Kilo)","categories":["Supermercado","Alimentación General","Aperitivos y frutos secos","Patatas fritas","LA REAL patatas fritas 100% producto artesano bolsa 150 g"],"general_information":[],"ingredients":[],"ean":"8436038810397"},{"full_name":"TORRES Selecta patatas fritas sabor trufa negra envase 125 g","name":"Selecta patatas fritas sabor trufa negra envase 125 g","brand":"TORRES ","img":"https://sgfm.elcorteingles.es/SGFM/dctm/MEDIA03/201603/28/00120952800520____1__600x600.jpg","price":"2,96 €","price_unit":"(23,68 € / Kilo)","categories":["Supermercado","Alimentación General","Aperitivos y frutos secos","Patatas fritas","TORRES Selecta patatas fritas sabor trufa negra envase 125 g"],"general_information":[],"ingredients":[],"ean":"8426944001071"},{"full_name":"TORRES Selecta patatas fritas sabor caviar envase 110 g","name":"Selecta patatas fritas sabor caviar envase 110 g","brand":"TORRES ","img":"https://sgfm.elcorteingles.es/SGFM/dctm/MEDIA03/201603/28/00120952800710____2__600x600.jpg","price":"3,08 €","price_unit":"(28 € / Kilo)","categories":["Supermercado","Alimentación General","Aperitivos y frutos secos","Patatas fritas","TORRES Selecta patatas fritas sabor caviar envase 110 g"],"general_information":[],"ingredients":[],"ean":"8426944001149"},{"full_name":"HISPALANA patatas fritas bolsa 400 g","name":"patatas fritas bolsa 400 g","brand":"HISPALANA ","img":"https://sgfm.elcorteingles.es/SGFM//00/47/4/0120952600474/0120952600474000g01011.jpg","price":"2,50 €","price_unit":"(6,25 € / Kilo)","categories":["Supermercado","Alimentación General","Aperitivos y frutos secos","Patatas fritas","HISPALANA patatas fritas bolsa 400 g"],"general_information":["Denominación del alimento: Patatas Fritas","Nombre del operador: Patatas Fritas Hispalana, S.L.","Dirección del operador: Pol. Ind. \"La Red Sur\", calle 41, nº3 (41500 Alcalá de Guadaira, Sevilla)","Cantidad Neta: 400 g"],"ingredients":[" Patatas seleccionadas, aceite girasol y sal."],"conservation":" Conservar en lugar fresco y seco.","ean":"8426339004502"},{"full_name":"HISPALANA patatas fritas bolsa 300 g","name":"patatas fritas bolsa 300 g","brand":"HISPALANA ","img":"https://sgfm.elcorteingles.es/SGFM//00/46/6/0120952600466/0120952600466000g01011.jpg","price":"2,11 €","price_unit":"(7,03 € / Kilo)","categories":["Supermercado","Alimentación General","Aperitivos y frutos secos","Patatas fritas","HISPALANA patatas fritas bolsa 300 g"],"general_information":["Denominación del alimento: Patatas Fritas","Nombre del operador: Patatas Fritas Hispalana, S.L.","Dirección del operador: Pol. Ind. \"La Red Sur\", calle 41, nº3 (41500 Alcalá de Guadaira, Sevilla)","Cantidad Neta: 300 g"],"ingredients":[" Patatas seleccionadas, aceite de girasol y sal."],"conservation":" Conservar en lugar fresco y seco.","ean":"8426339003000"},{"full_name":"HISPALANA patatas fritas bolsa 180 g","name":"patatas fritas bolsa 180 g","brand":"HISPALANA ","img":"https://sgfm.elcorteingles.es/SGFM/02/66/7/0120950402667/0120950402667000g01011.jpg","price":"1,75 €","price_unit":"(9,72 € / Kilo)","categories":["Supermercado","Alimentación General","Aperitivos y frutos secos","Patatas fritas","HISPALANA patatas fritas bolsa 180 g"],"general_information":["Denominación del alimento: Patatas Fritas","Nombre del operador: Patatas Fritas Hispalana, S.L.","Dirección del operador: Pol. Ind. \"La Red Sur\", calle 41, nº3 (41500 Alcalá de Guadaira, Sevilla)","Cantidad Neta: 180 g"],"ingredients":[" Patatas seleccionadas, aceite de girasol y sal."],"conservation":" Conservar en lugar fresco y seco.","ean":"8426339019605"},{"full_name":"HISPALANA patatas fritas bolsa 160 g","name":"patatas fritas bolsa 160 g","brand":"HISPALANA ","img":"https://sgfm.elcorteingles.es/SGFM//00/45/8/0120952600458/0120952600458000g01011.jpg","price":"1,11 €","price_unit":"(6,94 € / Kilo)","categories":["Supermercado","Alimentación General","Aperitivos y frutos secos","Patatas fritas","HISPALANA patatas fritas bolsa 160 g"],"general_information":["Denominación del alimento: Patatas Fritas","Nombre del operador: Patatas Fritas Hispalana, S.L.","Dirección del operador: Pol. Ind. \"La Red Sur\", calle 41, nº3 (41500 Alcalá de Guadaira, Sevilla)","Cantidad Neta: 150 g"],"ingredients":[" Patatas seleccionadas, aceite de girasol y sal."],"conservation":" Conservar en lugar fresco y seco.","ean":"8426339001709"},{"full_name":"HISPALANA patatas fritas en aceite de oliva bolsa 150 g","name":"patatas fritas en aceite de oliva bolsa 150 g","brand":"HISPALANA ","img":"https://sgfm.elcorteingles.es/SGFM//00/48/2/0120952600482/0120952600482000g01011.jpg","price":"1,35 €","price_unit":"(9 € / Kilo)","categories":["Supermercado","Alimentación General","Aperitivos y frutos secos","Patatas fritas","HISPALANA patatas fritas en aceite de oliva bolsa 150 g"],"general_information":["Denominación del alimento: Patatas Fritas","Nombre del operador: Patatas Fritas Hispalana, S.L.","Dirección del operador: Pol. Ind. \"La Red Sur\", calle 41, nº3 (41500 Alcalá de Guadaira, Sevilla)","Cantidad Neta: 150 g"],"ingredients":[" Patatas seleccionadas, aceite de girasol, aceite de oliva virgen (35%) y sal."],"ean":"8426339001754"},{"full_name":"SANTO REINO patatas fritas bolsa 500 g","name":"patatas fritas bolsa 500 g","brand":"SANTO REINO ","img":"https://sgfm.elcorteingles.es/SGFM//00/66/4/0120952600664/0120952600664000g01011.jpg","price":"3,90 €","price_unit":"(7,80 € / Kilo)","categories":["Supermercado","Alimentación General","Aperitivos y frutos secos","Patatas fritas","SANTO REINO patatas fritas bolsa 500 g"],"general_information":["Denominación del alimento: Patatas Fritas","Nombre del operador: Patatas Fritas Santo Reino, S.L.","Dirección del operador: Calle Beatriz Nuñez 41, Jaén - 23009","Cantidad Neta: 500 g","Número de raciones por envase: 17"],"ingredients":[" Patatas seleccionadas, aceite de oliva y sal"],"conservation":" Conservese en lugar fresco y seco.","ean":"8425469005007"},{"full_name":"SANTO REINO patatas fritas paja bolsa 250 g","name":"patatas fritas paja bolsa 250 g","brand":"SANTO REINO ","img":"https://sgfm.elcorteingles.es/SGFM/02/70/9/0120950402709/0120950402709000g01011.jpg","price":"2,49 €","price_unit":"(9,96 € / Kilo)","categories":["Supermercado","Alimentación General","Aperitivos y frutos secos","Patatas fritas","SANTO REINO patatas fritas paja bolsa 250 g"],"general_information":["Denominación del alimento: Patatas Paja","Nombre del operador: Patatas Fritas Santo Reino, S.L.","Dirección del operador: Calle Beatriz Nuñez 41, Jaén - 23009","Cantidad Neta: 250 g","Número de raciones por envase: 8"],"ingredients":[" Patatas, aceite de oliva y sal."],"conservation":" Conservese en lugar fresco y seco.","ean":"8425469002501"},{"full_name":"SANTO REINO patatas fritas Sin Gluten bolsa 250 g","name":"patatas fritas Sin Gluten bolsa 250 g","brand":"SANTO REINO ","img":"https://sgfm.elcorteingles.es/SGFM/dctm/MEDIA03/201704/20/00120952600680____1__600x600.jpg","price":"2,10 €","price_unit":"(8,40 € / Kilo)","categories":["Supermercado","Alimentación General","Aperitivos y frutos secos","Patatas fritas","SANTO REINO patatas fritas Sin Gluten bolsa 250 g"],"general_information":["Denominación del alimento: Patatas Fritas Sin Sal","Nombre del operador: Patatas Fritas Santo Reino, S.L.","Dirección del operador: Calle Beatriz Nuñez 41, Jaén - 23009","Cantidad Neta: 250 g","Número de raciones por envase: 8"],"ingredients":[" Patatas seleccionadas y aceite de oliva."],"conservation":" Conservese en lugar fresco y seco.","ean":"8425469002419"},{"full_name":"SANTO REINO patatas fritas onduladas con aceite de oliva bolsa 230 g","name":"patatas fritas onduladas con aceite de oliva bolsa 230 g","brand":"SANTO REINO ","img":"https://sgfm.elcorteingles.es/SGFM/dctm/MEDIA02/CONTENIDOS/201410/02/00120952601019____1__600x600.jpg","price":"2,15 €","price_unit":"(9,35 € / Kilo)","categories":["Supermercado","Alimentación General","Aperitivos y frutos secos","Patatas fritas","SANTO REINO patatas fritas onduladas con aceite de oliva bolsa 230 g"],"general_information":["Denominación del alimento: Patatas Fritas","Nombre del operador: Patatas Fritas Santo Reino, S.L.","Dirección del operador: Calle Beatriz Nuñez 41, Jaén - 23009","Cantidad Neta: 230 g","Número de raciones por envase: 8"],"ingredients":[" Patatas seleccionadas, aceite de oliva y sal"],"conservation":" Conservese en lugar fresco y seco.","ean":"8425469002426"},{"full_name":"SANTO REINO patatas fritas bolsa 190 g","name":"patatas fritas bolsa 190 g","brand":"SANTO REINO ","img":"https://sgfm.elcorteingles.es/SGFM//00/67/2/0120952600672/0120952600672000g01011.jpg","price":"1,57 €","price_unit":"(8,26 € / Kilo)","categories":["Supermercado","Alimentación General","Aperitivos y frutos secos","Patatas fritas","SANTO REINO patatas fritas bolsa 190 g"],"general_information":["Denominación del alimento: Patatas Fritas","Nombre del operador: Patatas Fritas Santo Reino, S.L.","Dirección del operador: Calle Beatriz Nuñez 41, Jaén - 23009","Cantidad Neta: 190 g","Número de raciones por envase: 6"],"ingredients":[" Patatas seleccionadas, aceite de oliva y sal"],"conservation":" Conservese en lugar fresco y seco.","ean":"8425469001900"},{"full_name":"SANTO REINO patatas fritas pajitas bolsa 160 g","name":"patatas fritas pajitas bolsa 160 g","brand":"SANTO REINO ","img":"https://sgfm.elcorteingles.es/SGFM/02/01/4/0120950402014/0120950402014000g01011.jpg","price":"1,20 €","price_unit":"(7,50 € / Kilo)","categories":["Supermercado","Alimentación General","Aperitivos y frutos secos","Patatas fritas","SANTO REINO patatas fritas pajitas bolsa 160 g"],"general_information":["Denominación del alimento: Pajitas","Nombre del operador: Patatas Fritas Santo Reino, S.L.","Dirección del operador: Calle Beatriz Nuñez 41, Jaén - 23009","Cantidad Neta: 150 g","Número de raciones por envase: 5"],"ingredients":[" Fécula de patata, almidón de trigo, harina de patata, sal, aceite de oliva y potenciador del sabor (E-621)."],"conservation":" Conservese en lugar fresco y seco.","ean":"8425469200013"},{"full_name":"SANTO REINO PatatÓn patatas fritas con aceite de oliva envase 150 g","name":"PatatÓn patatas fritas con aceite de oliva envase 150 g","brand":"SANTO REINO ","img":"https://sgfm.elcorteingles.es/SGFM/dctm/MEDIA02/CONTENIDOS/201412/04/00120952601068____1__600x600.jpg","price":"1,55 €","price_unit":"(10,33 € / Kilo)","categories":["Supermercado","Alimentación General","Aperitivos y frutos secos","Patatas fritas","SANTO REINO PatatÓn patatas fritas con aceite de oliva envase 150 g"],"general_information":["Denominación del alimento: Patatón","Nombre del operador: Patatas Fritas Santo Reino, S.L.","Dirección del operador: Calle Beatriz Nuñez 41, Jaén - 23009","Cantidad Neta: 150 g","Número de raciones por envase: 5","Otras menciones obligatorias en la etiqueta: Envasado en atmósfera protectora."],"ingredients":[" Patatas seleccionadas, aceite de oliva y sal."],"conservation":" Conservese en lugar fresco y seco.","ean":"8425469700698"},{"full_name":"SANTO REINO patatón a la paja bolsa 180 g","name":"patatón a la paja bolsa 180 g","brand":"SANTO REINO ","img":"https://sgfm.elcorteingles.es/SGFM/dctm/MEDIA02/CONTENIDOS/201511/05/00120952601134____1__600x600.jpg","price":"1,75 €","price_unit":"(9,72 € / Kilo)","categories":["Supermercado","Alimentación General","Aperitivos y frutos secos","Patatas fritas","SANTO REINO patatón a la paja bolsa 180 g"],"general_information":["Denominación del alimento: Pataton a la Paja","Nombre del operador: Patatas Fritas Santo Reino, S.L.","Dirección del operador: Calle Beatriz Nuñez 41, Jaén - 23009","Cantidad Neta: 180 g","Número de raciones por envase: 6","Otras menciones obligatorias en la etiqueta: Envasado en atmósfera protectora."],"ingredients":[" Patatas seleccionadas, aceite de oliva y sal."],"conservation":" Conservese en lugar fresco y seco.","ean":"8425469701299"},{"full_name":"SANTO REINO patatas fritas sabor ajo y perejil bolsa 150 g","name":"patatas fritas sabor ajo y perejil bolsa 150 g","brand":"SANTO REINO ","img":"https://sgfm.elcorteingles.es/SGFM/dctm/CONTENIDOS/201511/24/00120952800678____1__600x600.jpg","price":"1,60 €","price_unit":"(13,91 € / Kilo)","categories":["Supermercado","Alimentación General","Aperitivos y frutos secos","Patatas fritas","SANTO REINO patatas fritas sabor ajo y perejil bolsa 150 g"],"general_information":[],"ingredients":[],"ean":"8425469701107"},{"full_name":"SANTO REINO Serranitas patatas fritas onduladas sabor jamón bolsa 150 g","name":"Serranitas patatas fritas onduladas sabor jamón bolsa 150 g","brand":"SANTO REINO ","img":"https://sgfm.elcorteingles.es/SGFM/dctm/MEDIA03/201704/20/00120952800801____1__600x600.jpg","price":"1,60 €","price_unit":"(10,67 € / Kilo)","categories":["Supermercado","Alimentación General","Aperitivos y frutos secos","Patatas fritas","SANTO REINO Serranitas patatas fritas onduladas sabor jamón bolsa 150 g"],"general_information":[],"ingredients":[],"ean":"8425469701695"},{"full_name":"CASA PACO patatas fritas en aceite de oliva bolsa 500 g","name":"patatas fritas en aceite de oliva bolsa 500 g","brand":"CASA PACO ","img":"https://sgfm.elcorteingles.es/SGFM/dctm/MEDIA02/CONTENIDOS/201410/02/00120952600524____1__600x600.jpg","price":"3,85 €","price_unit":"(7,70 € / Kilo)","categories":["Supermercado","Alimentación General","Aperitivos y frutos secos","Patatas fritas","CASA PACO patatas fritas en aceite de oliva bolsa 500 g"],"general_information":["Denominación del alimento: PATATAS FRITAS CON ACEITE DE OLIVA 100%","Nombre del operador: ESPINOSA E HIJOS S.L","Dirección del operador: PLAZA DE LOS JARDINILLOS Nº 7 23004 JAÉN , ESPAÑA","Cantidad Neta: 500 g"],"ingredients":[" Patatas, Aceite de Oliva, Sal"],"ean":"8410648066337"},{"full_name":"CASA PACO patatas fritas en aceite de oliva bolsa 250 g","name":"patatas fritas en aceite de oliva bolsa 250 g","brand":"CASA PACO ","img":"https://sgfm.elcorteingles.es/SGFM/dctm/MEDIA02/CONTENIDOS/201410/02/00120952600722____1__600x600.jpg","price":"1,75 €","price_unit":"(7 € / Kilo)","categories":["Supermercado","Alimentación General","Aperitivos y frutos secos","Patatas fritas","CASA PACO patatas fritas en aceite de oliva bolsa 250 g"],"general_information":["Denominación del alimento: PATATAS FRITAS CON ACEITE DE OLIVA 100%","Nombre del operador: ESPINOSA E HIJOS S.L","Dirección del operador: PLAZA DE LOS JARDINILLOS Nº 7 23004 JAÉN , ESPAÑA","Cantidad Neta: 180 g"],"ingredients":[" Patatas, Aceite de Oliva, Sal"],"ean":"8410648235269"},{"full_name":"CASA PACO patatas fritas en aceite de oliva bolsa 180 g","name":"patatas fritas en aceite de oliva bolsa 180 g","brand":"CASA PACO ","img":"https://sgfm.elcorteingles.es/SGFM/dctm/MEDIA02/CONTENIDOS/201410/02/00120952600540____1__600x600.jpg","price":"1,55 €","price_unit":"(8,61 € / Kilo)","categories":["Supermercado","Alimentación General","Aperitivos y frutos secos","Patatas fritas","CASA PACO patatas fritas en aceite de oliva bolsa 180 g"],"general_information":["Denominación del alimento: PATATAS FRITAS CON ACEITE DE OLIVA 100%","Nombre del operador: ESPINOSA E HIJOS S.L","Dirección del operador: PLAZA DE LOS JARDINILLOS Nº 7 23004 JAÉN , ESPAÑA","Cantidad Neta: 250 g"],"ingredients":[" Patatas seleccionadas, Aceite de Oliva, Sal"],"ean":"8410648926280"},{"full_name":"HISPALANA patatas fritas hechas a fogón 4 bolsas 200 g","name":"patatas fritas hechas a fogón 4 bolsas 200 g","brand":"HISPALANA ","img":"https://sgfm.elcorteingles.es/SGFM/dctm/MEDIA02/CONTENIDOS/201509/26/00200452601321____1__600x600.jpg","price":"4,95 €","price_unit":"(6,19 € / Kilo)","categories":["Supermercado","Alimentación General","Aperitivos y frutos secos","Patatas fritas","HISPALANA patatas fritas hechas a fogón 4 bolsas 200 g"],"general_information":["Denominación del alimento: Patatas Fritas","Nombre del operador: Patatas Fritas Hispalana, S.L.","Dirección del operador: Pol. Ind. \"La Red Sur\", calle 41, nº3 (41500 Alcalá de Guadaira, Sevilla)","Cantidad Neta: 800 g"],"ingredients":[" Patatas seleccionadas, aceite de girasol y sal."],"conservation":" Conservar en lugar fresco y seco.","ean":"8426339008005"},{"full_name":"TYRRELL'S patatas fritas con un ligero toque de sal marina bolsa 150 g","name":"patatas fritas con un ligero toque de sal marina bolsa 150 g","brand":"TYRRELL'S ","img":"https://sgfm.elcorteingles.es/SGFM/03/81/4/0120950403814/0120950403814000g01011.jpg","price":"2,50 €","price_unit":"(16,67 € / Kilo)","categories":["Supermercado","Alimentación General","Aperitivos y frutos secos","Patatas fritas","TYRRELL'S patatas fritas con un ligero toque de sal marina bolsa 150 g"],"general_information":[],"ingredients":[],"ean":"5060042641000"},{"full_name":"TYRRELL'S Patatas fritas con vinagre de sidra y sal marina bolsa 150 g","name":"Patatas fritas con vinagre de sidra y sal marina bolsa 150 g","brand":"TYRRELL'S ","img":"https://sgfm.elcorteingles.es/SGFM//00/27/2/0120952800272/0120952800272000g01011.jpg","price":"2,50 €","price_unit":"(16,67 € / Kilo)","categories":["Supermercado","Alimentación General","Aperitivos y frutos secos","Patatas fritas","TYRRELL'S Patatas fritas con vinagre de sidra y sal marina bolsa 150 g"],"general_information":[],"ingredients":[],"ean":"5060042641406"},{"full_name":"TYRRELL'S Patatas fritas con queso y cebolla bolsa 150 g","name":"Patatas fritas con queso y cebolla bolsa 150 g","brand":"TYRRELL'S ","img":"https://sgfm.elcorteingles.es/SGFM/dctm/MEDIA02/CONTENIDOS/201502/09/00120952800611____1__600x600.jpg","price":"2,40 €","price_unit":"(16 € / Kilo)","categories":["Supermercado","Alimentación General","Aperitivos y frutos secos","Patatas fritas","TYRRELL'S Patatas fritas con queso y cebolla bolsa 150 g"],"general_information":[],"ingredients":[],"ean":"5060042641437"},{"full_name":"GARIJO BAIGORRI patatas fritas en aceite de oliva bolsa 150 g","name":"patatas fritas en aceite de oliva bolsa 150 g","brand":"GARIJO BAIGORRI ","img":"https://sgfm.elcorteingles.es/SGFM//00/93/8/0120952600938/0120952600938000g01011.jpg","price":"1,75 €","price_unit":"(11,67 € / Kilo)","categories":["Supermercado","Alimentación General","Aperitivos y frutos secos","Patatas fritas","GARIJO BAIGORRI patatas fritas en aceite de oliva bolsa 150 g"],"general_information":["Denominación del alimento: Patata frita","Nombre del operador: La Antigua León Artesanos, S.L.","Dirección del operador: C. Arquímedes 58. P.I. El Palomo, Fuenlabrada 28945 (Madrid)","Cantidad Neta: 150 g","Otras menciones obligatorias en la etiqueta: No contiene gluten."],"ingredients":[" Patata, aceite de oliva virgen extra y sal."],"conservation":" Ambiente ","ean":"8437000957133"},{"full_name":"GARIJO BAIGORRI patatas fritas paja en aceite de oliva bolsa 100 g","name":"patatas fritas paja en aceite de oliva bolsa 100 g","brand":"GARIJO BAIGORRI ","img":"https://sgfm.elcorteingles.es/SGFM//00/88/8/0120952600888/0120952600888000g01011.jpg","price":"1,50 €","price_unit":"(15 € / Kilo)","categories":["Supermercado","Alimentación General","Aperitivos y frutos secos","Patatas fritas","GARIJO BAIGORRI patatas fritas paja en aceite de oliva bolsa 100 g"],"general_information":["Denominación del alimento: Patata paja","Nombre del operador: La Antigua León Artesanos, S.L.","Dirección del operador: C. Arquímedes 58. P.I. El Palomo, Fuenlabrada 28945 (Madrid)","Cantidad Neta: 100 g","Otras menciones obligatorias en la etiqueta: No contiene gluten."],"ingredients":[" Patatas, aceite de oliva suave y sal."],"conservation":" Ambiente ","ean":"8437000957386"},{"full_name":"EL GALLO ROJO patatas fritas al estilo casero bolsa 170 g","name":"patatas fritas al estilo casero bolsa 170 g","brand":"EL GALLO ROJO ","img":"https://sgfm.elcorteingles.es/SGFM//00/36/7/0120952600367/0120952600367000g01011.jpg","price":"1,15 €","price_unit":"(6,76 € / Kilo)","categories":["Supermercado","Alimentación General","Aperitivos y frutos secos","Patatas fritas","EL GALLO ROJO patatas fritas al estilo casero bolsa 170 g"],"general_information":["Denominación del alimento: Patatas fritas estilo casero.","Nombre del operador: El Gallo Rojo S.L.","Dirección del operador: Ctra. Logroño Km. 14. Polígono La Casaza, nave 9-11-12 (50180 Utebo, Zaragoza).","Cantidad Neta: 170,0 g"],"ingredients":[" Patatas seleccionadas, aceite vegetal y sal."],"ean":"8411276010174"},{"full_name":"EL GALLO ROJO patatas fritas bolsa 170 g","name":"patatas fritas bolsa 170 g","brand":"EL GALLO ROJO ","img":"https://sgfm.elcorteingles.es/SGFM/00/26/5/0120950400265/0120950400265000g01011.jpg","price":"1,15 €","price_unit":"(6,76 € / Kilo)","categories":["Supermercado","Alimentación General","Aperitivos y frutos secos","Patatas fritas","EL GALLO ROJO patatas fritas bolsa 170 g"],"general_information":["Denominación del alimento: Patatas fritas.","Nombre del operador: El Gallo Rojo S.L.","Dirección del operador: Ctra. Logroño Km. 14. Polígono La Casaza, nave 9-11-12 (50180 Utebo, Zaragoza).","Cantidad Neta: 170,0 g"],"ingredients":[" Patatas seleccionadas, aceite vegetal y sal."],"ean":"8411276010259"},{"full_name":"EL GALLO ROJO patatas fritas onduladas bolsa 170 g","name":"patatas fritas onduladas bolsa 170 g","brand":"EL GALLO ROJO ","img":"https://sgfm.elcorteingles.es/SGFM/00/30/7/0120950400307/0120950400307000g01011.jpg","price":"1,15 €            ","price_unit":"(5,82 € / Kilo)","categories":["Supermercado","Alimentación General","Aperitivos y frutos secos","Patatas fritas","EL GALLO ROJO patatas fritas onduladas bolsa 170 g"],"general_information":["Denominación del alimento: Patatas fritas onduladas.","Nombre del operador: El Gallo Rojo S.L.","Dirección del operador: Ctra. Logroño Km. 14. Polígono La Casaza, nave 9-11-12 (50180 Utebo, Zaragoza).","Cantidad Neta: 170,0 g"],"ingredients":[" Patatas seleccionadas, aceite vegetal y sal."],"ean":"8411276020203"},{"full_name":"LORENZ Pomsticks patatas fritas paprika bolsa 100 g","name":"Pomsticks patatas fritas paprika bolsa 100 g","brand":"LORENZ ","img":"https://sgfm.elcorteingles.es/SGFM//00/33/0/0120952800330/0120952800330000g01011.jpg","price":"1,35 €","price_unit":"(13,50 € / Kilo)","categories":["Supermercado","Alimentación General","Aperitivos y frutos secos","Patatas fritas","LORENZ Pomsticks patatas fritas paprika bolsa 100 g"],"general_information":["Denominación del alimento: Sticks de patata con sabor a paprika.","Nombre del operador: Comercial Masoliver S.A.","Dirección del operador: Calle Puntia, 18 - 17857 Begudà (Girona) España","Lugar de procedencia del alimento: 276 - Alemania","Cantidad Neta: 100 g"],"ingredients":[" Patatas, aceite de palma (certificado de sostenibilidad del aceite de palma), sal, pimentón en polvo,cebolla en polvo, queso en polvo, suero lácteo en polvo, azúcar, especias, tomate en polvo, aroma (contiene leche), aroma a humo, extracto de levadura en polvo, colorante: extracto de paprika. Contiene leche y productos derivados de la leche. Puede contener gluten."],"conservation":" Mantener en lugar seco. Preservar del calor.","ean":"4017100722004"},{"full_name":"LORENZ Pomsticks patatas fritas saladas bolsa 100 g","name":"Pomsticks patatas fritas saladas bolsa 100 g","brand":"LORENZ ","img":"https://sgfm.elcorteingles.es/SGFM//00/34/8/0120952800348/0120952800348000g01011.jpg","price":"1,35 €","price_unit":"(13,50 € / Kilo)","categories":["Supermercado","Alimentación General","Aperitivos y frutos secos","Patatas fritas","LORENZ Pomsticks patatas fritas saladas bolsa 100 g"],"general_information":["Denominación del alimento: Sticks de patata con sal.","Nombre del operador: Comercial Masoliver S.A.","Dirección del operador: Calle Puntia, 18 - 17857 Begudà (Girona) España","Lugar de procedencia del alimento: 276 - Alemania","Cantidad Neta: 100 g"],"ingredients":[" Patatas, aceite de palma (certificado de sostenibilidad del aceite de palma), sal."],"conservation":" Mantener en lugar seco. Preservar del calor.","ean":"4018077721472"},{"full_name":"LORENZ CRUNCHIPS patatas fritas saladas bolsa 175 g","name":"patatas fritas saladas bolsa 175 g","brand":"LORENZ CRUNCHIPS ","img":"https://sgfm.elcorteingles.es/SGFM/02/87/3/0120950402873/0120950402873000g01011.jpg","price":"2,13 €","price_unit":"(12,17 € / Kilo)","categories":["Supermercado","Alimentación General","Aperitivos y frutos secos","Patatas fritas","LORENZ CRUNCHIPS patatas fritas saladas bolsa 175 g"],"general_information":["Denominación del alimento: Patatas crujientes con sal.","Nombre del operador: Comercial Masoliver S.A.","Dirección del operador: Calle Puntia, 18 - 17857 Begudà (Girona) España","Lugar de procedencia del alimento: 276 - Alemania","Cantidad Neta: 175 g"],"ingredients":[" Patatas, aceite de girasol, sal, sal marina."],"conservation":" Mantener en lugar seco. Preservar del calor.","ean":"4018077711169"},{"full_name":"LORENZ CRUNCHIPS patatas fritas queso y cebolla bolsa 175 g","name":"patatas fritas queso y cebolla bolsa 175 g","brand":"LORENZ CRUNCHIPS ","img":"https://sgfm.elcorteingles.es/SGFM//00/29/8/0120952800298/0120952800298000g01011.jpg","price":"2,13 €","price_unit":"(12,17 € / Kilo)","categories":["Supermercado","Alimentación General","Aperitivos y frutos secos","Patatas fritas","LORENZ CRUNCHIPS patatas fritas queso y cebolla bolsa 175 g"],"general_information":["Denominación del alimento: Patatas crujientes con sabor a queso y cebolla.","Nombre del operador: Comercial Masoliver S.A.","Dirección del operador: Calle Puntia, 18 - 17857 Begudà (Girona) España","Lugar de procedencia del alimento: 276 - Alemania","Cantidad Neta: 175 g"],"ingredients":[" Patatas, aceite de girasol, sal, suero lácteo en polvo, cebolla en polvo, queso en polvo, azúcar, nata en polvo, aroma, colorante: cúrcuma, extracto de levadura en polvo, colorante: extracto de paprika."],"conservation":" Mantener en lugar seco. Preservar del calor.","ean":"4018077675607"},{"full_name":"MOYANO patatas fritas artesanas bolsa 350 g","name":"patatas fritas artesanas bolsa 350 g","brand":"MOYANO ","img":"https://sgfm.elcorteingles.es/SGFM//00/73/0/0120952600730/0120952600730000g01011.jpg","price":"1,99 €","price_unit":"(5,69 € / Kilo)","categories":["Supermercado","Alimentación General","Aperitivos y frutos secos","Patatas fritas","MOYANO patatas fritas artesanas bolsa 350 g"],"general_information":["Denominación del alimento: Patatas fritas","Nombre del operador: Productos Juan Moyano, S.L.","Dirección del operador: Pol. Ind. Las Quemadas. C/imprenta Alborada, 122 14014 Córdoba","Cantidad Neta: 350 g"],"ingredients":[" Patatas crudas, aceite de girasol y sal."],"conservation":" Conservar en lugar fresco, seco y protegido de la luz y en su envase original. Una vez abierto, el producto se vuelve más perecedero y puede perder sus propiedades y sabor.","ean":"8437000709367"},{"full_name":"MOYANO patatas fritas artesanas bolsa 200 g","name":"patatas fritas artesanas bolsa 200 g","brand":"MOYANO ","img":"https://sgfm.elcorteingles.es/SGFM//00/41/7/0120952600417/0120952600417000g01011.jpg","price":"1,39 €","price_unit":"(6,95 € / Kilo)","categories":["Supermercado","Alimentación General","Aperitivos y frutos secos","Patatas fritas","MOYANO patatas fritas artesanas bolsa 200 g"],"general_information":["Denominación del alimento: Patatas fritas","Nombre del operador: Productos Juan Moyano, S.L.","Dirección del operador: Pol. Ind. Las Quemadas. C/imprenta Alborada, 122 14014 Córdoba","Cantidad Neta: 200 g"],"ingredients":[" Patatas crudas, aceite de girasol y sal."],"conservation":" Conservar en lugar fresco, seco y protegido de la luz y en su envase original. Una vez abierto, el producto se vuelve más perecedero y puede perder sus propiedades y sabor.","ean":"8437000709022"},{"full_name":"MOYANO patatas fritas sabor ajo y perejil bolsa 200 g","name":"patatas fritas sabor ajo y perejil bolsa 200 g","brand":"MOYANO ","img":"https://sgfm.elcorteingles.es/SGFM//00/54/6/0120952800546/0120952800546000g01011.jpg","price":"1,61 €","price_unit":"(8,05 € / Kilo)","categories":["Supermercado","Alimentación General","Aperitivos y frutos secos","Patatas fritas","MOYANO patatas fritas sabor ajo y perejil bolsa 200 g"],"general_information":["Denominación del alimento: Patatas fritas con ajo y perejil","Nombre del operador: Productos Juan Moyano, S.L.","Dirección del operador: Pol. Ind. Las Quemadas. C/imprenta Alborada, 122 14014 Córdoba","Cantidad Neta: 200 g"],"ingredients":[" Patatas crudas, aceite de girasol, ajo, potenciador del sabor (E-621), sal y perejil. Aroma ajo y perejil: maltodextrina, vegetales deshidratados (ajo y perejil), sal, dextrosa, azúcar y glutamato monosódico E-621."],"conservation":" Conservar en lugar fresco, seco y protegido de la luz y en su envase original. Una vez abierto, el producto se vuelve más perecedero y puede perder sus propiedades y sabor.","ean":"8437000709244"},{"full_name":"MOYANO patatas fritas varitas artesanas bolsa 175 g","name":"patatas fritas varitas artesanas bolsa 175 g","brand":"MOYANO ","img":"https://sgfm.elcorteingles.es/SGFM//00/49/0/0120952600490/0120952600490000g01011.jpg","price":"1,35 €","price_unit":"(7,71 € / Kilo)","categories":["Supermercado","Alimentación General","Aperitivos y frutos secos","Patatas fritas","MOYANO patatas fritas varitas artesanas bolsa 175 g"],"general_information":["Denominación del alimento: Varitas de patatas","Nombre del operador: Productos Juan Moyano, S.L.","Dirección del operador: Pol. Ind. Las Quemadas. C/imprenta Alborada, 122 14014 Córdoba","Cantidad Neta: 175 g"],"ingredients":[" Patatas crudas, aceite de girasol y sal."],"conservation":" Conservar en lugar fresco, seco y protegido de la luz y en su envase original. Una vez abierto, el producto se vuelve más perecedero y puede perder sus propiedades y sabor.","ean":"8437000709701"},{"full_name":"EL TIO DE LAS PAPAS patatas fritas bolsa 250 g","name":"patatas fritas bolsa 250 g","brand":"EL TIO DE LAS PAPAS ","img":"https://sgfm.elcorteingles.es/SGFM//03/85/5/0120950403855/0120950403855000g01011.jpg","price":"1,69 €","price_unit":"(6,76 € / Kilo)","categories":["Supermercado","Alimentación General","Aperitivos y frutos secos","Patatas fritas","EL TIO DE LAS PAPAS patatas fritas bolsa 250 g"],"general_information":["Denominación del alimento: Patatas fritas","Nombre del operador: El Tío de las papas","Dirección del operador: C. Sabadell, 8 (Pol. Ind. Sierra de Yeguas) - 29328 Sierra Yeguas (Málaga)","Cantidad Neta: 250,0 g"],"ingredients":[" Patatas selectas, aceite de girasol alto oleico, sal."],"conservation":" Conservar en lugar fresco y seco. Proteger de la luz solar y en su envase original.","ean":"8437002366094"},{"full_name":"EL TIO DE LAS PAPAS patatas fritas con ajo y perejil envase 145 g","name":"patatas fritas con ajo y perejil envase 145 g","brand":"EL TIO DE LAS PAPAS ","img":"https://sgfm.elcorteingles.es/SGFM/dctm/MEDIA02/CONTENIDOS/201508/26/00120952800702____1__600x600.jpg","price":"1,00 €","price_unit":"(6,90 € / Kilo)","categories":["Supermercado","Alimentación General","Aperitivos y frutos secos","Patatas fritas","EL TIO DE LAS PAPAS patatas fritas con ajo y perejil envase 145 g"],"general_information":["Denominación del alimento: Patatas fritas Ajo y Perejil","Nombre del operador: El Tío de las papas","Dirección del operador: C. Sabadell, 8 (Pol. Ind. Sierra de Yeguas) - 29328 Sierra Yeguas (Málaga)","Cantidad Neta: 145 g"],"ingredients":[" Patatas selectas, aceite de girasol alto oléico, sal, especias (Ajo y Perejil), potenciador del sabor (E-621)"],"conservation":" Conservar en lugar fresco y seco. Proteger de la luz solar y en su envase original.","ean":"8437002366322"},{"full_name":"ROMAN DURAN patatas fritas elaboración artesana bolsa 300 g","name":"patatas fritas elaboración artesana bolsa 300 g","brand":"ROMAN DURAN ","img":"https://sgfm.elcorteingles.es/SGFM//00/95/3/0120952600953/0120952600953000g01011.jpg","price":"2,00 €","price_unit":"(6,67 € / Kilo)","categories":["Supermercado","Alimentación General","Aperitivos y frutos secos","Patatas fritas","ROMAN DURAN patatas fritas elaboración artesana bolsa 300 g"],"general_information":["Denominación del alimento: Patatas Fritas","País de origen: España","Nombre del operador: Roman Duran, S.L.","Dirección del operador: Avda. del Alcornoque, 22 - 06011 Badajoz","Cantidad Neta: 300 g"],"ingredients":[" Patatas seleccionadas, aceite de girasol o alto oleico, sal."],"conservation":" Conservar en lugar fresco y seco.","ean":"8436044310058"},{"full_name":"ALECOSOR patatas fritas con aceite de oliva virgen agricultura ecológica envase 125 g","name":"patatas fritas con aceite de oliva virgen agricultura ecológica envase 125 g","brand":"ALECOSOR ","img":"https://sgfm.elcorteingles.es/SGFM//00/12/9/0120753600129/0120753600129000g01011.jpg","price":"2,24 €","price_unit":"(17,92 € / Kilo)","categories":["Supermercado","Alimentación General","Aperitivos y frutos secos","Patatas fritas","ALECOSOR patatas fritas con aceite de oliva virgen agricultura ecológica envase 125 g"],"general_information":["Denominación del alimento: Patatas fritas ecológicas","País de origen: España","Nombre del operador: Soria Natural S.A.","Dirección del operador: Poligono La Sacea,s/n -42162 Garray (Soria)","Lugar de procedencia del alimento: España","Cantidad Neta: 125 g","Otras menciones obligatorias en la etiqueta: Envasado en atmósfera protectora"],"ingredients":[" Patatas*, aceite de oliva* virgen y sal marina.*Procedente de Agricultura Ecológica."],"conservation":" Manténgase en lugar seco y fresco","ean":"8422947800314"},{"full_name":"A CASA VELLA patatas fritas elaboradas en aceite de oliva virgen extra y sal mineral del Valle de Añana envase 150 g","name":"patatas fritas elaboradas en aceite de oliva virgen extra y sal mineral del Valle de Añana envase 150 g","brand":"A CASA VELLA ","img":"https://sgfm.elcorteingles.es/SGFM/dctm/MEDIA02/CONTENIDOS/201506/22/00120952601126____1__600x600.jpg","price":"1,75 €","price_unit":"(11,67 € / Kilo)","categories":["Supermercado","Alimentación General","Aperitivos y frutos secos","Patatas fritas","A CASA VELLA patatas fritas elaboradas en aceite de oliva virgen extra y sal mineral del Valle de Añana envase 150 g"],"general_information":["Denominación del alimento: Patatas fritas","Nombre del operador: MICAP Aperitivos de Galicia S.L.","Dirección del operador: Rúa Áncoras parcela 8, nave2 15528 Fene, A Coruña (España).","Cantidad Neta: 150 g","Otras menciones obligatorias en la etiqueta: Envasado en atmósfera protectora."],"ingredients":[" Patata seleccionada, aceite de oliva virgen extra 100% y sal."],"ean":"8437014731019"},{"full_name":"A CASA VELLA patatas fritas elaboradas en aceite de oliva virgen extra Sin Sal envase 150 g","name":"patatas fritas elaboradas en aceite de oliva virgen extra Sin Sal envase 150 g","brand":"A CASA VELLA ","img":"https://sgfm.elcorteingles.es/SGFM/dctm/MEDIA02/CONTENIDOS/201507/09/00120952700118____1__600x600.jpg","price":"1,75 €","price_unit":"(11,67 € / Kilo)","categories":["Supermercado","Alimentación General","Aperitivos y frutos secos","Patatas fritas","A CASA VELLA patatas fritas elaboradas en aceite de oliva virgen extra Sin Sal envase 150 g"],"general_information":["Denominación del alimento: Patatas fritas","Nombre del operador: MICAP Aperitivos de Galicia S.L.","Dirección del operador: Rúa Áncoras parcela 8, nave2 15528 Fene, A Coruña (España).","Cantidad Neta: 150 g","Otras menciones obligatorias en la etiqueta: Envasado en atmósfera protectora."],"ingredients":[" Patata seleccionada, aceite de oliva virgen extra 100%."],"ean":"8437014731026"},{"full_name":"FATIMA patatas artesanas fritas con aceite de girasol bolsa 400 g","name":"patatas artesanas fritas con aceite de girasol bolsa 400 g","brand":"FATIMA ","img":"https://sgfm.elcorteingles.es/SGFM/dctm/MEDIA02/CONTENIDOS/201409/23/00120952600789____1__600x600.jpg","price":"2,85 €","price_unit":"(7,12 € / Kilo)","categories":["Supermercado","Alimentación General","Aperitivos y frutos secos","Patatas fritas","FATIMA patatas artesanas fritas con aceite de girasol bolsa 400 g"],"general_information":["Denominación del alimento: Patatas Fritas Artesanas.","País de origen: España","Nombre del operador: Patatas Fritas Fátima S.L.U.","Dirección del operador: C/ José Mendez 31, Polígono Los Villares (37184 Salamanca).","Lugar de procedencia del alimento: Artesanos Castilla y León (EEA/SA0314).","Cantidad Neta: 400 g"],"ingredients":[" Aceite de girasol 100%, patata y sal. Puede contener trazas de frutos secos."],"conservation":" Proteger de la humedad, calor, olores y protegido de la luz. Conservar en lugar fresco y seco. Una vez abierto mantener el envase cerrado en las mismas condiciones anteriores.","ean":"8414235004504"},{"full_name":"FATIMA patatas artesanas fritas con aceite de girasol bolsa 170 g","name":"patatas artesanas fritas con aceite de girasol bolsa 170 g","brand":"FATIMA ","img":"https://sgfm.elcorteingles.es/SGFM/dctm/MEDIA02/CONTENIDOS/201409/23/00120952600797____1__600x600.jpg","price":"1,35 €","price_unit":"(7,94 € / Kilo)","categories":["Supermercado","Alimentación General","Aperitivos y frutos secos","Patatas fritas","FATIMA patatas artesanas fritas con aceite de girasol bolsa 170 g"],"general_information":["Denominación del alimento: Patatas Fritas Artesanas.","País de origen: España","Nombre del operador: Patatas Fritas Fátima S.L.U.","Dirección del operador: C/ José Mendez 31, Polígono Los Villares (37184 Salamanca).","Lugar de procedencia del alimento: Artesanos Castilla y León (EEA/SA0314).","Cantidad Neta: 170 g"],"ingredients":[" Aceite de girasol, patata y sal. Puede contener trazas de frutos secos."],"conservation":" Proteger de la humedad, calor, olores y protegido de la luz. Conservar en lugar fresco y seco. Una vez abierto mantener el envase cerrado en las mismas condiciones anteriores.","ean":"8414235002005"},{"full_name":"FATIMA patatas fritas pajitas bolsa 170 g","name":"patatas fritas pajitas bolsa 170 g","brand":"FATIMA ","img":"https://sgfm.elcorteingles.es/SGFM/dctm/MEDIA02/CONTENIDOS/201409/23/00120950403947____1__600x600.jpg","price":"1,35 €","price_unit":"(7,94 € / Kilo)","categories":["Supermercado","Alimentación General","Aperitivos y frutos secos","Patatas fritas","FATIMA patatas fritas pajitas bolsa 170 g"],"general_information":["Denominación del alimento: Patatas Fritas Artesanas.","País de origen: España","Nombre del operador: Patatas Fritas Fátima S.L.U.","Dirección del operador: C/ José Mendez 31, Polígono Los Villares (37184 Salamanca).","Lugar de procedencia del alimento: Artesanos Castilla y León (EEA/SA0314).","Cantidad Neta: 170 g"],"ingredients":[" Aceite de girasol, patata y sal. Puede contener trazas de frutos secos."],"conservation":" Proteger de la humedad, calor, olores y protegido de la luz. Conservar en lugar fresco y seco. Una vez abierto mantener el envase cerrado en las mismas condiciones anteriores.","ean":"8414235002104"},{"full_name":"LORENZ CRUNCHIPS patatas fritas western style bolsa 175 g","name":"CRUNCHIPS patatas fritas western style bolsa 175 g","brand":"LORENZ ","img":"https://sgfm.elcorteingles.es/SGFM/dctm/MEDIA02/CONTENIDOS/201507/08/00200452801103____1__600x600.jpg","price":"2,09 €","price_unit":"(11,94 € / Kilo)","categories":["Supermercado","Alimentación General","Aperitivos y frutos secos","Patatas fritas","LORENZ CRUNCHIPS patatas fritas western style bolsa 175 g"],"general_information":["Denominación del alimento: Patatas crujientes con sabor dulce y picante","Nombre del operador: Comercial Masoliver S.A.","Dirección del operador: Calle Puntia, 18 - 17857 Begudà (Girona) España","Lugar de procedencia del alimento: 276 - Alemania","Cantidad Neta: 175 g"],"ingredients":[" Patatas, aceite de girasol, sal, azúcar, fructosa, tomate en polvo, cabolla en polvo, pimentón en polvo, ajo en polvo, suero lácteo en polvo, aroma (contiene leche, aroma a humo, colorante: extracto de pimentón."],"conservation":" Mantener en lugar seco. Preservar del calor.","ean":"4018077695292"},{"full_name":"LORENZ Pomsticks patatas fritas Sour Cream bolsa 100 g","name":"Pomsticks patatas fritas Sour Cream bolsa 100 g","brand":"LORENZ ","img":"https://sgfm.elcorteingles.es/SGFM//00/51/9/0200452800519/0200452800519000g01011.jpg","price":"1,35 €","price_unit":"(13,50 € / Kilo)","categories":["Supermercado","Alimentación General","Aperitivos y frutos secos","Patatas fritas","LORENZ Pomsticks patatas fritas Sour Cream bolsa 100 g"],"general_information":[],"ingredients":[],"ean":"4018077721038"},{"full_name":"007 Dietchip patatas fritas con un 40% menos de grasa bolsa 120 g","name":"Dietchip patatas fritas con un 40% menos de grasa bolsa 120 g","brand":"007 ","img":"https://sgfm.elcorteingles.es/SGFM//00/02/7/0120952700027/0120952700027000g01011.jpg","price":"1,10 €","price_unit":"(9,17 € / Kilo)","categories":["Supermercado","Alimentación General","Aperitivos y frutos secos","Patatas fritas","007 Dietchip patatas fritas con un 40% menos de grasa bolsa 120 g"],"general_information":[],"ingredients":[],"ean":"8411221004241"},{"full_name":"DON SANCHO MELERO patatas fritas artesanas en perol bolsa 325 g","name":"patatas fritas artesanas en perol bolsa 325 g","brand":"DON SANCHO MELERO ","img":"https://sgfm.elcorteingles.es/SGFM//00/92/0/0120952600920/0120952600920000g01011.jpg","price":"1,97 €","price_unit":"(6,06 € / Kilo)","categories":["Supermercado","Alimentación General","Aperitivos y frutos secos","Patatas fritas","DON SANCHO MELERO patatas fritas artesanas en perol bolsa 325 g"],"general_information":["Denominación del alimento: Patatas fritas","País de origen: España","Nombre del operador: UNION MELS","Dirección del operador: (34) 952842182 Fax (34) 952701040. dsanchomelero@dsanchomelero.com www.dsanchomelero.com","Cantidad Neta: 325,0 g"],"ingredients":[" Patata, aceite de girasol y sal"],"conservation":" Conservar en lugar fresco y seco","ean":"8412438000217"},{"full_name":"CORTIJO DEL OLIVAR patatas fritas bolsa 235 g","name":"patatas fritas bolsa 235 g","brand":"CORTIJO DEL OLIVAR ","img":"https://sgfm.elcorteingles.es/SGFM/dctm/MEDIA02/CONTENIDOS/201601/21/00200452601156____1__600x600.jpg","price":"1,95 €","price_unit":"(8,30 € / Kilo)","categories":["Supermercado","Alimentación General","Aperitivos y frutos secos","Patatas fritas","CORTIJO DEL OLIVAR patatas fritas bolsa 235 g"],"general_information":[],"ingredients":[],"ean":"8425856155940"},{"full_name":"CORTIJO DEL OLIVAR patatas fritas bolsa 140 g","name":"patatas fritas bolsa 140 g","brand":"CORTIJO DEL OLIVAR ","img":"https://sgfm.elcorteingles.es/SGFM/dctm/MEDIA02/CONTENIDOS/201601/21/00200452601149____1__600x600.jpg","price":"1,19 €","price_unit":"(8,50 € / Kilo)","categories":["Supermercado","Alimentación General","Aperitivos y frutos secos","Patatas fritas","CORTIJO DEL OLIVAR patatas fritas bolsa 140 g"],"general_information":[],"ingredients":[],"ean":"8425856185947"},{"full_name":"LOS LEONES patatas fritas del Athletic Club de Bilbao envase 140 g","name":"patatas fritas del Athletic Club de Bilbao envase 140 g","brand":"LOS LEONES ","img":"https://sgfm.elcorteingles.es/SGFM/dctm/MEDIA02/CONTENIDOS/201507/23/00120952601118____1__600x600.jpg","price":"1,62 €","price_unit":"(11,57 € / Kilo)","categories":["Supermercado","Alimentación General","Aperitivos y frutos secos","Patatas fritas","LOS LEONES patatas fritas del Athletic Club de Bilbao envase 140 g"],"general_information":[],"ingredients":[],"ean":"8412375200015"},{"full_name":"SANTO REINO Patatón patatas fritas artesanas bolsa 300 g","name":"Patatón patatas fritas artesanas bolsa 300 g","brand":"SANTO REINO ","img":"https://sgfm.elcorteingles.es/SGFM/dctm/MEDIA03/201604/28/00120952601183____1__600x600.jpg","price":"2,55 €","price_unit":"(8,50 € / Kilo)","categories":["Supermercado","Alimentación General","Aperitivos y frutos secos","Patatas fritas","SANTO REINO Patatón patatas fritas artesanas bolsa 300 g"],"general_information":["Denominación del alimento: Patatón","Nombre del operador: Patatas Fritas Santo Reino, S.L.","Dirección del operador: Calle Beatriz Nuñez 41, Jaén - 23009","Cantidad Neta: 230 g","Número de raciones por envase: 8"],"ingredients":[" Patatas seleccionadas, aceite de oliva y sal"],"conservation":" Conservese en lugar fresco y seco.","ean":"8425469002013"},{"full_name":"SANTO REINO Mediterraneas patatas fritas Receta Campesina Sin Gluten 100% aceite de oliva bolsa 150 g","name":"Mediterraneas patatas fritas Receta Campesina Sin Gluten 100% aceite de oliva bolsa 150 g","brand":"SANTO REINO ","img":"https://sgfm.elcorteingles.es/SGFM/dctm/MEDIA03/201703/24/00120952800793____1__600x600.jpg","price":"1,60 €","price_unit":"(10,67 € / Kilo)","categories":["Supermercado","Alimentación General","Aperitivos y frutos secos","Patatas fritas","SANTO REINO Mediterraneas patatas fritas Receta Campesina Sin Gluten 100% aceite de oliva bolsa 150 g"],"general_information":[],"ingredients":[],"ean":"8425469701701"},{"full_name":"TRIO patatas fritas pajitas bolsa 170 g","name":"patatas fritas pajitas bolsa 170 g","brand":"TRIO ","img":"https://sgfm.elcorteingles.es/SGFM/dctm/MEDIA03/201602/09/00120950401685____1__600x600.jpg","price":"1,39 €","price_unit":"(8,18 € / Kilo)","categories":["Supermercado","Alimentación General","Aperitivos y frutos secos","Patatas fritas","TRIO patatas fritas pajitas bolsa 170 g"],"general_information":["Denominación del alimento: Patatas Fritas","País de origen: España","Nombre del operador: Roman Duran, S.L.","Dirección del operador: Avda. del Alcornoque, 22 - 06011 Badajoz","Cantidad Neta: 170 g"],"ingredients":[" Patatas seleccionadas, aceite vegetal y sal."],"conservation":" Conservar en lugar fresco.","ean":"8436044310072"},{"full_name":"ROMAN DURAN patatas fritas artesanas envase 290 g","name":"patatas fritas artesanas envase 290 g","brand":"ROMAN DURAN ","img":"https://sgfm.elcorteingles.es/SGFM/dctm/MEDIA03/201604/28/00120952601191____1__600x600.jpg","price":"1,65 €","price_unit":"(5,69 € / Kilo)","categories":["Supermercado","Alimentación General","Aperitivos y frutos secos","Patatas fritas","ROMAN DURAN patatas fritas artesanas envase 290 g"],"general_information":["Denominación del alimento: Patatas Fritas","País de origen: España","Nombre del operador: Roman Duran, S.L.","Dirección del operador: Avda. del Alcornoque, 22 - 06011 Badajoz","Cantidad Neta: 290 g"],"ingredients":[" Patatas, aceite vegetal y sal."],"ean":"8436044310669"},{"full_name":"PAPA DANIEL patatas fritas artesanas bolsa 300 g","name":"patatas fritas artesanas bolsa 300 g","brand":"PAPA DANIEL ","img":"https://sgfm.elcorteingles.es/SGFM/00/01/1/0120952600011/0120952600011000g01011.jpg","price":"1,65 €","price_unit":"(5,50 € / Kilo)","categories":["Supermercado","Alimentación General","Aperitivos y frutos secos","Patatas fritas","PAPA DANIEL patatas fritas artesanas bolsa 300 g"],"general_information":["Denominación del alimento: Patatas fritas","Nombre del operador: Fabrica de Patatas la Santamaria S.L.","Dirección del operador: Crta. San Martin De La Vega S/N-Nave E/9 G/13-28320 Pinto","Cantidad Neta: 300 g"],"ingredients":[" Patata Cruda, Aceite de Girasol, Sal"],"conservation":" Mantener en lugar fresco y seco alejado de fuertes olores y fuente de contaminación. Aislado del suelo y de la luz solar.","ean":"8436038810045"},{"full_name":"PAPA DANIEL patatas fritas moradas bolsa 130 g","name":"patatas fritas moradas bolsa 130 g","brand":"PAPA DANIEL ","img":"https://sgfm.elcorteingles.es/SGFM//00/90/4/0120952600904/0120952600904000g01011.jpg","price":"1,65 €","price_unit":"(12,69 € / Kilo)","categories":["Supermercado","Alimentación General","Aperitivos y frutos secos","Patatas fritas","PAPA DANIEL patatas fritas moradas bolsa 130 g"],"general_information":[],"ingredients":[],"ean":"8436038810090"},{"full_name":"EL CORTE INGLES maíz crudo para palomitas tarrina 300 g","name":"maíz crudo para palomitas tarrina 300 g","brand":"EL CORTE INGLES ","img":"https://sgfm.elcorteingles.es/SGFM/dctm/MEDIA03/201606/20/00118141400178____1__600x600.jpg","price":"1,65 €","price_unit":"(5,50 € / Kilo)","categories":["Supermercado","Alimentación General","Aperitivos y frutos secos","Palomitas","EL CORTE INGLES maíz crudo para palomitas tarrina 300 g"],"general_information":["Denominación del alimento: MAIZ CRUDO PARA PALOMITAS","Nombre del operador: Envasado para El Corte Inglés por\nAperitivos Medina 3, S.L. - Puerto Linera, 1 \nPol. Ind. Nº 6 Expansión - Móstoles (Madrid) España","Lugar de procedencia del alimento: Origen del fruto: Argentina","Cantidad Neta: 300 g","Número de raciones por envase: 12"],"ingredients":[" Ingredientes: Maiz crudo Puede contener trazas de cacahuetes y frutos de cáscara."],"conservation":" Envasado en atmósfera protectora. Conservar en lugar fresco y seco.","ean":"8433329031493"},{"full_name":"EL CORTE INGLES palomitas para microondas con sal pack 6 bolsas 100 g","name":"palomitas para microondas con sal pack 6 bolsas 100 g","brand":"EL CORTE INGLES ","img":"https://sgfm.elcorteingles.es/SGFM/dctm/MEDIA03/201705/05/00120974000893____1__600x600.jpg","price":"1,61 €","price_unit":"(2,68 € / Kilo)","categories":["Supermercado","Alimentación General","Aperitivos y frutos secos","Palomitas","EL CORTE INGLES palomitas para microondas con sal pack 6 bolsas 100 g"],"general_information":["Denominación del alimento: PALOMITAS PARA MICROONDAS CON SAL","Nombre del operador: Elaborado para El Corte Inglés por \nFritoper, S.L.\nLa Costera, 38. Pol. Ind. El Bovalar \n46970 Alacuas (Valencia)\nEspaña","Cantidad Neta: 600 g","Número de raciones por envase: 12"],"ingredients":[" Ingredientes: \nMaiz, grasa de palama y sal (3,5%)."],"conservation":" Conservar en lugar fresco y seco, protegido de los \nrayos solares y el calor.","ean":"8433329075060"},{"full_name":"EL CORTE INGLES palomitas para microondas con sal pack 3 bolsas 100 g","name":"palomitas para microondas con sal pack 3 bolsas 100 g","brand":"EL CORTE INGLES ","img":"https://sgfm.elcorteingles.es/SGFM/dctm/MEDIA03/201703/15/00120974000885____1__600x600.jpg","price":"1,07 €","price_unit":"(3,57 € / Kilo)","categories":["Supermercado","Alimentación General","Aperitivos y frutos secos","Palomitas","EL CORTE INGLES palomitas para microondas con sal pack 3 bolsas 100 g"],"general_information":["Denominación del alimento: PALOMITAS PARA MICROONDAS CON SAL","Nombre del operador: Elaborado para El Corte Inglés por \nFritoper, S.L.\nLa Costera, 38. Pol. Ind. El Bovalar \n46970 Alacuas (Valencia)\nEspaña","Cantidad Neta: 300 g","Número de raciones por envase: 6"],"ingredients":[" Ingredientes: \nMaiz, grasa de palama y sal (3,5%)."],"conservation":" Conservar en lugar fresco y seco, protegido de los \nrayos solares y el calor.","ean":"8433329075053"},{"full_name":"EL CORTE INGLES palomitas para microondas sabor a mantequilla pack 3 bolsas 100 g","name":"palomitas para microondas sabor a mantequilla pack 3 bolsas 100 g","brand":"EL CORTE INGLES ","img":"https://sgfm.elcorteingles.es/SGFM/dctm/MEDIA03/201703/15/00120974000901____1__600x600.jpg","price":"1,53 €","price_unit":"(5,10 € / Kilo)","categories":["Supermercado","Alimentación General","Aperitivos y frutos secos","Palomitas","EL CORTE INGLES palomitas para microondas sabor a mantequilla pack 3 bolsas 100 g"],"general_information":["Denominación del alimento: PALOMITAS PARA MICROONDAS \nCON SABOR A MANTEQUILLA","Nombre del operador: Elaborado para El Corte Inglés por \nFritoper, S.L.\nLa Costera, 38. Pol. Ind. El Bovalar \n46970 Alacuas (Valencia)\nEspaña","Cantidad Neta: 300 g","Número de raciones por envase: 6"],"ingredients":[" Ingredientes: \nMaíz, grasa de palma, sal, aroma de mantequilla, potenciador del sabor: glutamato monosódico y colorante: beta-caroteno."],"conservation":" Conservar en lugar fresco y seco, protegido de los \nrayos solares y el calor.","ean":"8433329075077"},{"full_name":"EL CORTE INGLES palomitas para microondas dulces pack 3 bolsas 100 g","name":"palomitas para microondas dulces pack 3 bolsas 100 g","brand":"EL CORTE INGLES ","img":"https://sgfm.elcorteingles.es/SGFM/dctm/MEDIA03/201703/15/00120974000919____1__600x600.jpg","price":"1,53 €","price_unit":"(5,10 € / Kilo)","categories":["Supermercado","Alimentación General","Aperitivos y frutos secos","Palomitas","EL CORTE INGLES palomitas para microondas dulces pack 3 bolsas 100 g"],"general_information":["Denominación del alimento: PALOMITAS PARA MICROONDAS DULCES","Nombre del operador: Elaborado para El Corte Inglés por \nFritoper, S.L.\nLa Costera, 38. Pol. Ind. El Bovalar \n46970 Alacuas (Valencia)\nEspaña","Cantidad Neta: 300 g","Número de raciones por envase: 6"],"ingredients":[" Ingredientes: \nMaíz, grasa de palma, azúcar, dextrosa, edulcorante: acesulfamo K y aroma de caramelo. Con azúcar y edulcorante."],"conservation":" Conservar en lugar fresco y seco, protegido de los \nrayos solares y el calor.","ean":"8433329075084"},{"full_name":"EL CORTE INGLES maíz para palomitas 250 g","name":"maíz para palomitas  250 g","brand":"EL CORTE INGLES ","img":"https://sgfm.elcorteingles.es/SGFM/dctm/MEDIA03/201701/18/00120974000869____1__600x600.jpg","price":"0,78 €","price_unit":"(3,12 € / Kilo)","categories":["Supermercado","Alimentación General","Aperitivos y frutos secos","Palomitas","EL CORTE INGLES maíz para palomitas 250 g"],"general_information":["Denominación del alimento: MAIZ","Nombre del operador: Elaborado para El Corte Inglés por \nFritoper, S.L.\nLa Costera, 38. Pol. Ind. El Bovalar \n46970 Alacuas (Valencia)\nEspaña","Cantidad Neta: 250 g","Número de raciones por envase: 5"],"ingredients":[],"conservation":" Conservar en lugar fresco y seco, protegido de los \nrayos solares y el calor. \nUna vez abierto, cerrar adecuadamente después de cada uso para evitar posibles deterioros.","ean":"8433329075091"},{"full_name":"EL CORTE INGLES palomitas sabor a mantequilla Sin Gluten bolsa 80 g","name":"palomitas sabor a mantequilla Sin Gluten bolsa 80 g","brand":"EL CORTE INGLES ","img":"https://sgfm.elcorteingles.es/SGFM/dctm/MEDIA03/201702/23/00200474000916____1__600x600.jpg","price":"0,59 €","price_unit":"(7,38 € / Kilo)","categories":["Supermercado","Alimentación General","Aperitivos y frutos secos","Palomitas","EL CORTE INGLES palomitas sabor a mantequilla Sin Gluten bolsa 80 g"],"general_information":["Denominación del alimento: Producto de aperitivo de maíz horneado con sabor a mantequilla","Nombre del operador: Elaborado para El Corte Inglés por \nAPERITIVOS Y EXTRUSIONADOS S.A.U.\nP.I. El Ginestar.  A-68, km 104 \n31550 Ribaforada (Navarra)\nEspaña","Cantidad Neta: 80 g"],"ingredients":[" Ingredientes: Sémola de maíz, aceite de girasol (25%), aroma mantequilla.(aromas, lactosa, sal y dextrosa)."],"conservation":" Conservar en lugar fresco, seco y alejado de la luz.","ean":"8433329068345"},{"full_name":"POPITAS sabor natural con sal palomitas para microondas pack 3x100 g estuche 300 g","name":"sabor natural con sal palomitas para microondas pack 3x100 g estuche 300 g","brand":"POPITAS ","img":"https://sgfm.elcorteingles.es/SGFM/dctm/MEDIA02/CONTENIDOS/201409/01/00120974000182____1__600x600.jpg","price":"2,29 €","price_unit":"(7,63 € / Kilo)","categories":["Supermercado","Alimentación General","Aperitivos y frutos secos","Palomitas","POPITAS sabor natural con sal palomitas para microondas pack 3x100 g estuche 300 g"],"general_information":["Denominación del alimento: Maíz para palomitas saladas para microondas.","País de origen: España","Nombre del operador: Borges Branded Foods, SLU.","Dirección del operador: C/Flix, 29 - 43205 Reus (Tarragona).","Lugar de procedencia del alimento: España, Francia, Argentina","Cantidad Neta: 400 g"],"ingredients":[" Maíz, grasa vegetal de palma y sal (2.5%). Puede contener trazas de cacahuetes y frutos secos."],"conservation":" Conservar en lugar fresco y seco. Una vez preparado en el microondas consumir de inmediato.","ean":"8410148500966"},{"full_name":"POPITAS Zero palomitas al punto de sal pack 3 bolsas 70 g","name":"Zero palomitas al punto de sal pack 3 bolsas 70 g","brand":"POPITAS ","img":"https://sgfm.elcorteingles.es/SGFM/00/48/9/0120974000489/0120974000489000g01011.jpg","price":"2,29 €","price_unit":"(10,90 € / Kilo)","categories":["Supermercado","Alimentación General","Aperitivos y frutos secos","Palomitas","POPITAS Zero palomitas al punto de sal pack 3 bolsas 70 g"],"general_information":["Denominación del alimento: MaÍz para palomitas saladas para microondas.","País de origen: España","Nombre del operador: Borges Branded Foods, SLU.","Dirección del operador: C/Flix, 29 - 43205 Reus (Tarragona).","Lugar de procedencia del alimento: EUA , Francia, Argentina","Cantidad Neta: 210 g"],"ingredients":[" Maíz rosetero, sal y maltodextrina. Puede contener trazas de cacahuetes y frutos secos."],"conservation":" Conservar en lugar fresco y seco. Una vez preparado en el microondas consumir de inmediato.","ean":"8410148500591"},{"full_name":"POPITAS palomitas con caramelo bolsa 200 g","name":"palomitas con caramelo bolsa 200 g","brand":"POPITAS ","img":"https://sgfm.elcorteingles.es/SGFM//00/56/2/0120974000562/0120974000562000g01011.jpg","price":"1,77 €","price_unit":"(8,85 € / Kilo)","categories":["Supermercado","Alimentación General","Aperitivos y frutos secos","Palomitas","POPITAS palomitas con caramelo bolsa 200 g"],"general_information":["Denominación del alimento: Palomitas de maíz con caramelo expansionadas.","País de origen: España","Nombre del operador: Borges Branded Foods, SLU.","Dirección del operador: C/Flix, 29 - 43205 Reus (Tarragona).","Cantidad Neta: 200 g"],"ingredients":[" Caramelo (66%) (jarabe de glucosa-fructosa, azúcar, mantequilla salada (mantequilla, sal, agua), maíz, aceite refinado de girasol, agua mantequilla, leche evaporada, leche en polvo, colorante E-150b, sal, emulgente: lecitina de girasol. Puede contener trazas de soja."],"conservation":" Una vez abierto conservar en un recipiente hermético y en un lugar fresco y seco. Se recomienda consumir en un plazo de 5 días.","ean":"8410148503783"},{"full_name":"POPITAS palomitas sabor piruleta envase 200 g","name":"palomitas sabor piruleta envase 200 g","brand":"POPITAS ","img":"https://sgfm.elcorteingles.es/SGFM/dctm/MEDIA02/CONTENIDOS/201601/15/00120974000729____1__600x600.jpg","price":"1,94 €","price_unit":"(9,70 € / Kilo)","categories":["Supermercado","Alimentación General","Aperitivos y frutos secos","Palomitas","POPITAS palomitas sabor piruleta envase 200 g"],"general_information":["Denominación del alimento: Palomitas de maíz dulces sabor piruleta expansionadas.","País de origen: España","Nombre del operador: Borges Branded Foods, SLU.","Dirección del operador: C/Flix, 29 - 43205 Reus (Tarragona).","Cantidad Neta: 200 g"],"ingredients":[" Jarabe de Piruleta (66%) (jarabe de glucosa-fructosa, azúcar, mantequilla salada (mantequilla, sal, agua), maíz, aceite refinado de girasol, agua mantequilla, leche evaporada, leche en polvo, colorante E-150b, sal, emulgente: lecitina de girasol. Puede contener trazas de soja."],"conservation":" Una vez abierto conservar en un recipiente hermético y en un lugar fresco y seco. Se recomienda consumir en un plazo de 5 días.","ean":"8410148504773"},{"full_name":"POPITAS palomitas mantequilla para microondas envase 100 g","name":"palomitas mantequilla para microondas envase 100 g","brand":"POPITAS ","img":"https://sgfm.elcorteingles.es/SGFM/00/43/0/0120974000430/0120974000430000g01011.jpg","price":"0,99 €","price_unit":"(9,90 € / Kilo)","categories":["Supermercado","Alimentación General","Aperitivos y frutos secos","Palomitas","POPITAS palomitas mantequilla para microondas envase 100 g"],"general_information":["Denominación del alimento: Maíz para palomitas sabor mantequilla para microondas.","País de origen: España","Nombre del operador: Borges Branded Foods, SLU.","Dirección del operador: C/Flix, 29 - 43205 Reus (Tarragona).","Lugar de procedencia del alimento: España, Francia, Argentina","Cantidad Neta: 100 g"],"ingredients":[" Maíz, grasa vegetal de palma, sal, aroma y colorante E-160b. Puede contener trazas de cacahuetes y frutos secos."],"conservation":" Conservar en lugar fresco y seco. Una vez preparado en el microondas consumir de inmediato.","ean":"8410148061184"},{"full_name":"POPITAS palomitas dulces bolsa 200 g","name":"palomitas dulces bolsa 200 g","brand":"POPITAS ","img":"https://sgfm.elcorteingles.es/SGFM/dctm/MEDIA03/201706/16/00120974000802____1__600x600.jpg","price":"1,83 €","price_unit":"(9,15 € / Kilo)","categories":["Supermercado","Alimentación General","Aperitivos y frutos secos","Palomitas","POPITAS palomitas dulces bolsa 200 g"],"general_information":["Denominación del alimento: Palomitas de maíz dulces expansionadas.","País de origen: España","Nombre del operador: Borges Branded Foods, SLU.","Dirección del operador: C/Flix, 29 - 43205 Reus (Tarragona).","Cantidad Neta: 200 g"],"ingredients":[" Jarabe de glucosa-fructosa (50%), maíz, azúcar (16%), aceite refinado de girasol, vainillina, colorantes E-124 y E-102: pueden tener efectos negativos sobre la actividad y la atención de los niños, colorante E-131, emulgente: leticina de girasol. Puede contener trazas de leche y soja."],"conservation":" Una vez abierto conservar en un recipiente hermético y en un lugar fresco y seco. Se recomienda consumir en un plazo de 5 días.","ean":"8410148503769"},{"full_name":"POPITAS Delight palomitas con sal de mar bolsa 65 g","name":"Delight palomitas con sal de mar bolsa 65 g","brand":"POPITAS ","img":"https://sgfm.elcorteingles.es/SGFM/dctm/MEDIA03/201612/12/00120974000836____1__600x600.jpg","price":"1,22 €","price_unit":"(18,77 € / Kilo)","categories":["Supermercado","Alimentación General","Aperitivos y frutos secos","Palomitas","POPITAS Delight palomitas con sal de mar bolsa 65 g"],"general_information":[],"ingredients":[],"ean":"8410148505510"},{"full_name":"POPITAS Delight palomitar sabor cheddar blanco bolsa 70 g","name":"Delight palomitar sabor cheddar blanco bolsa 70 g","brand":"POPITAS ","img":"https://sgfm.elcorteingles.es/SGFM/dctm/MEDIA03/201612/12/00120974000844____1__600x600.jpg","price":"1,22 €","price_unit":"(17,43 € / Kilo)","categories":["Supermercado","Alimentación General","Aperitivos y frutos secos","Palomitas","POPITAS Delight palomitar sabor cheddar blanco bolsa 70 g"],"general_information":[],"ingredients":[],"ean":"8410148505558"},{"full_name":"GREFUSA MISTER CORN palomitas al punto de sal bolsa 90 g","name":"palomitas al punto de sal bolsa 90 g","brand":"GREFUSA MISTER CORN ","img":"https://sgfm.elcorteingles.es/SGFM/dctm/MEDIA02/CONTENIDOS/201408/28/00120974000604____1__600x600.jpg","price":"1,04 €","price_unit":"(11,56 € / Kilo)","categories":["Supermercado","Alimentación General","Aperitivos y frutos secos","Palomitas","GREFUSA MISTER CORN palomitas al punto de sal bolsa 90 g"],"general_information":["Denominación del alimento: Palomitas de maíz con sal","País de origen: España","Nombre del operador: GREFUSA S.L.","Dirección del operador: Av. de la Llibertat d'ensenyança nº 20 46600-Alzira (VALENCIA)","Cantidad Neta: 90 g"],"ingredients":[" maíz (75%), aceite de girasol (18%), sal, potenciador del sabor(glutamato de monosodio). Puede contener CACAHUETE, FRUTOS DE CÁSCARA, LECHE, SOJA, TRIGO."],"conservation":" CONSERVAR EN LUGAR FRESCO Y SECO.Una vez abierto el envase, conservarlo cerrado y consumir el producto preferentemente en el plazo de una semana.","ean":"8413164009789"},{"full_name":"GREFUSA MISTER CORN palomitas sour cream bolsa 90 g","name":"palomitas sour cream bolsa 90 g","brand":"GREFUSA MISTER CORN ","img":"https://sgfm.elcorteingles.es/SGFM/dctm/MEDIA03/201609/16/00120974000828____1__600x600.jpg","price":"1,19 €","categories":["Supermercado","Alimentación General","Aperitivos y frutos secos","Palomitas","GREFUSA MISTER CORN palomitas sour cream bolsa 90 g"],"general_information":["Denominación del alimento: Palomitas de maíz con sabor a crema agria y cebolla","País de origen: España","Nombre del operador: GREFUSA S.L.","Dirección del operador: Av. de la Llibertat d'ensenyança nº 20 46600-Alzira (VALENCIA)","Cantidad Neta: 90 g"],"ingredients":[" maíz (82%), aceite de girasol (8%), sal, cebolla en polvo, suero de LECHE, azúcar, extracto de levadura, plantas aromáticas, aromas, acidulante(ácido cítrico), NATA en polvo. Puede contener CACAHUETE, FRUTOS DE CÁSCARA, SOJA, TRIGO."],"conservation":" CONSERVAR EN LUGAR FRESCO Y SECO.Una vez abierto el envase, conservarlo cerrado y consumir el producto preferentemente en el plazo de una semana.","ean":"8413164011423"},{"full_name":"FRIT RAVICH palomitas de colores bolsa 120 g","name":"palomitas de colores bolsa 120 g","brand":"FRIT RAVICH ","img":"https://sgfm.elcorteingles.es/SGFM/dctm/MEDIA03/201706/30/00120974000323____1__600x600.jpg","price":"0,99 €","price_unit":"(8,25 € / Kilo)","categories":["Supermercado","Alimentación General","Aperitivos y frutos secos","Palomitas","FRIT RAVICH palomitas de colores bolsa 120 g"],"general_information":["Denominación del alimento: Palomitas de maíz con azúcar.","Nombre del operador: Frit Ravich, SL","Dirección del operador: Polígono Industrial Massanet s/n. 17412 Massanet de la Selva (Girona)","Cantidad Neta: 110 g","Otras menciones obligatorias en la etiqueta: E-102, E-124 y E-110 pueden tener efectos negativos sobre la actividad y la atención de los niños."],"ingredients":[" Maíz especial para palomitas, azúcar (30%), grasa vegetal de palma, aceite de girasol y colorantes (E-102, E-129, E-131). Puede contener trazas de frutos de cáscara y cacahuetes."],"conservation":" Conservar en lugar fresco, seco y protegido de la luz.","ean":"8410564029188"},{"full_name":"INDEAL Choco Pops palomitas recubiertas de chocolate estuche 100 g","name":"Choco Pops palomitas recubiertas de chocolate estuche 100 g","brand":"INDEAL ","img":"https://sgfm.elcorteingles.es/SGFM/dctm/MEDIA03/201710/26/00120974000851____6__600x600.jpg","price":"1,28 €","price_unit":"(12,80 € / Kilo)","categories":["Supermercado","Alimentación General","Aperitivos y frutos secos","Palomitas","INDEAL Choco Pops palomitas recubiertas de chocolate estuche 100 g"],"general_information":[],"ingredients":[],"ean":"8414606649211"},{"full_name":"PAÑO NATURAE palomitas ecológicas con sal del Himalaya pack 3 bolsa 100 g","name":"palomitas ecológicas con sal del Himalaya pack 3 bolsa 100 g","brand":"PAÑO NATURAE ","img":"https://sgfm.elcorteingles.es/SGFM//00/01/3/0120905900013/0120905900013000g01011.jpg","price":"3,92 €","price_unit":"(13,07 € / Kilo)","categories":["Supermercado","Alimentación General","Aperitivos y frutos secos","Palomitas","PAÑO NATURAE palomitas ecológicas con sal del Himalaya pack 3 bolsa 100 g"],"general_information":["Denominación del alimento: Palomitas microondas","Nombre del operador: Paño Fruits S.L.","Dirección del operador: Av. Montblanc 28, 43460 Alcover (Tarragona)","Cantidad Neta: 270 g"],"ingredients":[" Palomitas ecológicas 85,7%, aceite ecológico 12,6% y 1,7% de sal, Puede contener cacahuete y otros frutos de cáscara. No contiene GMO."],"conservation":" Mantener en lugar seco, fresco y protegido de la luz.","ean":"8430175872409"},{"full_name":"ASPIL palomitas horneadas sabor mantequilla envase 145 g","name":"palomitas horneadas sabor mantequilla envase 145 g","brand":"ASPIL ","img":"https://sgfm.elcorteingles.es/SGFM/dctm/MEDIA03/201702/08/00120974000653____2__600x600.jpg","price":"1,00 €","price_unit":"(6,67 € / Kilo)","categories":["Supermercado","Alimentación General","Aperitivos y frutos secos","Palomitas","ASPIL palomitas horneadas sabor mantequilla envase 145 g"],"general_information":["Denominación del alimento: Producto de aperitivo de maíz horneado con sabor a mantequilla","Nombre del operador: Aperitivos y Extrusionados S.A.U","Dirección del operador: Polígono El Ginestar, A-68, km. 104 31550 Ribaforada (Navarra)","Cantidad Neta: 150 g"],"ingredients":[" Sémola de maíz, aceite de girasol (26%), aroma mantequilla (preparaciones y sustancias aromatizantes, lactosa y sal). Contiene lácteos/derivados."],"conservation":" Manténgase en lugar fresco, seco y alejado de la luz","ean":"8410573100342"},{"full_name":"RISI palomitas recubiertas de chocolate negro Sin Gluten envase 120 g","name":"palomitas recubiertas de chocolate negro Sin Gluten envase 120 g","brand":"RISI ","img":"https://sgfm.elcorteingles.es/SGFM/dctm/MEDIA03/201611/18/00120952901542____1__600x600.jpg","price":"1,30 €","price_unit":"(10,83 € / Kilo)","categories":["Supermercado","Alimentación General","Aperitivos y frutos secos","Palomitas","RISI palomitas recubiertas de chocolate negro Sin Gluten envase 120 g"],"general_information":["Denominación del alimento: Producto de aperitivo horneado con cobertura al cacao","Nombre del operador: Risi, S.A.","Dirección del operador: C/ Severo Ochoa 2. 28814 Daganzo de Arriba (Madrid)","Cantidad Neta: 120 g"],"ingredients":[" Azúcar, sémola de maíz, grasa de palma totalmente hidrogenada, cacao en polvo desgrasado (12%), emulgente (lecitina de soja y E-492) y aroma (vainillina). Puede contener trazas de leche y frutos secos"],"conservation":" Almacenar en lugar fresco y seco y aislado del suelo","ean":"8411859553234"},{"full_name":"RISI palomitas Sin Gluten bolsa 90 g","name":"palomitas Sin Gluten bolsa 90 g","brand":"RISI ","img":"https://sgfm.elcorteingles.es/SGFM/dctm/MEDIA03/201611/18/00120974000760____1__600x600.jpg","price":"1,06 €","price_unit":"(11,78 € / Kilo)","categories":["Supermercado","Alimentación General","Aperitivos y frutos secos","Palomitas","RISI palomitas Sin Gluten bolsa 90 g"],"general_information":["Denominación del alimento: Producto de aperitivo horneado con sabor a mantequilla","Nombre del operador: Risi, S.A.","Dirección del operador: C/ Severo Ochoa 2. 28814 Daganzo de Arriba (Madrid)","Cantidad Neta: 90 g"],"ingredients":[" Sémola de maíz, aceite de girasol (18.6%), aroma de mantequilla [sustancias aromatizantes, lactosa, dextrosa, azúcar, suero lácteo, maltodextrina, almidón modificado y potenciador del sabor (E-621)] y sal."],"conservation":" Almacenar en lugar fresco y seco y aislado del suelo","ean":"8411859553173"},{"full_name":"EL GALLO ROJO palomitas de maíz bolsa 75 g","name":"palomitas de maíz bolsa 75 g","brand":"EL GALLO ROJO ","img":"https://sgfm.elcorteingles.es/SGFM/dctm/MEDIA02/CONTENIDOS/201502/09/00120974000620____1__600x600.jpg","price":"1,00 €","price_unit":"(13,33 € / Kilo)","categories":["Supermercado","Alimentación General","Aperitivos y frutos secos","Palomitas","EL GALLO ROJO palomitas de maíz bolsa 75 g"],"general_information":["Denominación del alimento: Palomitas.","Nombre del operador: El Gallo Rojo S.L.","Dirección del operador: Ctra. Logroño Km. 14. Polígono La Casaza, nave 9-11-12 (50180 Utebo, Zaragoza).","Cantidad Neta: 75,0 g"],"ingredients":[" Maíz, aceite de girasol y sal."],"ean":"8411276000755"},{"full_name":"FRIT RAVICH TOP CORN palomitas sabor dulce y salado bolsa 120 g","name":"TOP CORN palomitas sabor dulce y salado bolsa 120 g","brand":"FRIT RAVICH ","img":"https://sgfm.elcorteingles.es/SGFM/dctm/MEDIA03/201706/30/00120974000810____11__600x600.jpg","price":"1,19 €","price_unit":"(9,92 € / Kilo)","categories":["Supermercado","Alimentación General","Aperitivos y frutos secos","Palomitas","FRIT RAVICH TOP CORN palomitas sabor dulce y salado bolsa 120 g"],"general_information":["Denominación del alimento: Palomitas de maíz con sabor dulce y salado.","Nombre del operador: Frit Ravich, SL","Dirección del operador: Polígono Industrial Massanet s/n. 17412 Massanet de la Selva (Girona)","Cantidad Neta: 120 g"],"ingredients":[" Maíz especial para palomitas, azúcar, grasa vegetal de palma, sal y aceite de girasol. Puede contener trazas de frutos de cáscara y cacahuetes."],"conservation":" Conservar en lugar fresco, seco y protegido de la luz. Una vez abierto, mantener el envase cerrado en condiciones frescas y secas.","ean":"8410564029331"},{"full_name":"EL CORTE INGLES snack de ruedas de patata para freír tarrina 350 g","name":"snack de ruedas de patata para freír tarrina 350 g","brand":"EL CORTE INGLES ","img":"https://sgfm.elcorteingles.es/SGFM/dctm/MEDIA03/201606/20/00118142400292____1__600x600.jpg","price":"3,25 €","price_unit":"(9,29 € / Kilo)","categories":["Supermercado","Alimentación General","Aperitivos y frutos secos","Aperitivos diversos y snacks","EL CORTE INGLES snack de ruedas de patata para freír tarrina 350 g"],"general_information":["Denominación del alimento: RUEDAS DE PATATA","Nombre del operador: Envasado para El Corte Inglés por\nAperitivos Medina 3, S.L. - Puerto Linera, 1 \nPol. Ind. Nº 6 Expansión - Móstoles (Madrid) España","Lugar de procedencia del alimento: España","Cantidad Neta: 350 g","Número de raciones por envase: 14"],"ingredients":[" Ingredientes: Fécula de patata, harina de centeno, harina de trigo, sal, potenciador del sabor (E-621) y cúrcuma Puede contener trazas de cacahuetes , frutos de cáscara y soja."],"conservation":" Envasado en atmósfera protectora. Conservar en lugar fresco y seco.","ean":"8433329020817"},{"full_name":"EL CORTE INGLES cóctel de aperitivos fritos bolsa 100 g","name":"cóctel de aperitivos fritos bolsa 100 g","brand":"EL CORTE INGLES ","img":"https://sgfm.elcorteingles.es/SGFM/dctm/MEDIA03/201703/02/00120952901583____1__600x600.jpg","price":"0,71 €","categories":["Supermercado","Alimentación General","Aperitivos y frutos secos","Aperitivos diversos y snacks","EL CORTE INGLES cóctel de aperitivos fritos bolsa 100 g"],"general_information":["Denominación del alimento: Mezcla de productos de aperitivo fritos.","Nombre del operador: Elaborado para El Corte Inglés por \nAPERITIVOS Y EXTRUSIONADOS S.A.U.\nP.I. El Ginestar.  A-68, km 104 \n31550 Ribaforada (Navarra)\nEspaña","Cantidad Neta: 100 g","Número de raciones por envase: ~ 4"],"ingredients":[" Ingredientes: Harina de cereales (trigo, centeno, maíz, arroz), fécula y harina de patata, aceite de girasol (23%), cebolla en polvo, sal, azúcar, aroma con sabor a jamón y bacon, aroma de humo, potenciadores del sabor\n(E 621, E 635), cúrcuma, colorantes (E 150d, E 160a, E 160c, extractos vegetales). Puede contener trazas de leche (lactosa) y soja."],"conservation":" Conservar en lugar fresco, seco y alejado de la luz.","ean":"8433329068307"},{"full_name":"EL CORTE INGLES conos de maíz bolsa 80 g","name":"conos de maíz bolsa 80 g","brand":"EL CORTE INGLES ","img":"https://sgfm.elcorteingles.es/SGFM/dctm/MEDIA03/201705/05/00120952901559____1__600x600.jpg","price":"0,48 €","price_unit":"(6 € / Kilo)","categories":["Supermercado","Alimentación General","Aperitivos y frutos secos","Aperitivos diversos y snacks","EL CORTE INGLES conos de maíz bolsa 80 g"],"general_information":["Denominación del alimento: Producto de aperitivo frito de maíz aromatizado con sabor a bacon y queso","Nombre del operador: Elaborado para El Corte Inglés por \nAPERITIVOS Y EXTRUSIONADOS S.A.U.\nP.I. El Ginestar.  A-68, km 104 \n31550 Ribaforada (Navarra)\nEspaña","Cantidad Neta: 80 g","Número de raciones por envase: ~  3"],"ingredients":[" Ingredientes: Harina de maíz (64%), aceite de girasol (25%), aroma bacon-queso (4%) (aromas, lactosa, sal, potenciadores del sabor: E 621, E 631 y  E 627, antiaglomerante E 551, colorante E 160c),  sal, azúcar y gasificante:    E 500ii. Puede contener trazas de gluten y soja."],"conservation":" Conservar en lugar fresco, seco y alejado de la luz.","ean":"8433329068314"},{"full_name":"EL CORTE INGLES torreznos de elaboración tradicional bolsa 120 g","name":"torreznos de elaboración tradicional bolsa 120 g","brand":"EL CORTE INGLES ","img":"https://sgfm.elcorteingles.es/SGFM/dctm/MEDIA03/201606/20/00120951803350____1__600x600.jpg","price":"1,40 €","price_unit":"(11,67 € / Kilo)","categories":["Supermercado","Alimentación General","Aperitivos y frutos secos","Aperitivos diversos y snacks","EL CORTE INGLES torreznos de elaboración tradicional bolsa 120 g"],"general_information":["Denominación del alimento: CORTEZAS DE CERDO AHUMADAS Y FRITAS","Nombre del operador: Elaborado para El Corte Inglés por\nCÁRNICAS MUÑOZ SÁNCHEZ \nAvda. de Guadalajara, 22\n 19134 Tendilla - Guadalajara\nEspaña","Lugar de procedencia del alimento: Origen materia prima cárnica: España","Cantidad Neta: 120 g","Número de raciones por envase: aprox. 4"],"ingredients":[" Ingredientes: \nCorteza y tocino de cerdo, sal, pimentón,  ajo, pimienta y orégano."],"conservation":" Conservar en lugar fresco y seco. Proteger de la luz solar directa. Una vez abierto, se recomienda consumir en 7 días.","ean":"8433329065344"},{"full_name":"EL CORTE INGLES trompitas de maíz con aceite de girasol Sin Gluten bolsa 80 g","name":"trompitas de maíz con aceite de girasol Sin Gluten bolsa 80 g","brand":"EL CORTE INGLES ","img":"https://sgfm.elcorteingles.es/SGFM/dctm/MEDIA03/201702/23/00200452901895____1__600x600.jpg","price":"0,83 €","price_unit":"(10,38 € / Kilo)","categories":["Supermercado","Alimentación General","Aperitivos y frutos secos","Aperitivos diversos y snacks","EL CORTE INGLES trompitas de maíz con aceite de girasol Sin Gluten bolsa 80 g"],"general_information":["Denominación del alimento: Producto de aperitivo de maíz horneado.","Nombre del operador: Elaborado para El Corte Inglés por \nAPERITIVOS Y EXTRUSIONADOS S.A.U.\nP.I. El Ginestar.  A-68, km 104 \n31550 Ribaforada (Navarra)\nEspaña","Cantidad Neta: 80 g"],"ingredients":[" Ingredientes: Sémola de maíz,  aceite de girasol (10%) y sal. Puede contener trazas de lácteos y/o sus derivados."],"conservation":" Conservar en lugar fresco, seco y alejado de la luz.","ean":"8433329068321"},{"full_name":"EL CORTE INGLES cortezas de cerdo fritas bolsa 75 g","name":"cortezas de cerdo fritas bolsa 75 g","brand":"EL CORTE INGLES ","img":"https://sgfm.elcorteingles.es/SGFM/dctm/MEDIA03/201606/20/00120951803343____1__600x600.jpg","price":"0,59 €","price_unit":"(7,87 € / Kilo)","categories":["Supermercado","Alimentación General","Aperitivos y frutos secos","Aperitivos diversos y snacks","EL CORTE INGLES cortezas de cerdo fritas bolsa 75 g"],"general_information":["Denominación del alimento: CORTEZAS DE CERDO FRITAS","Nombre del operador: Elaborado para El Corte Inglés por\nCÁRNICAS MUÑOZ SÁNCHEZ \nAvda. de Guadalajara, 22\n 19134 Tendilla - Guadalajara\nEspaña","Lugar de procedencia del alimento: Origen materia prima: España","Cantidad Neta: 75 g","Número de raciones por envase: 3"],"ingredients":[" Ingredientes: \nCorteza y tocino de cerdo y sal."],"conservation":" Conservar en lugar fresco y seco. Proteger de la luz solar directa. Una vez abierto, se recomienda consumir en 7 días.","ean":"8433329065337"},{"full_name":"MATUTANO DORITOS chilli pepper sabor a pimiento picante bolsa 150 g","name":"chilli pepper sabor a pimiento picante bolsa 150 g","brand":"MATUTANO DORITOS ","img":"https://sgfm.elcorteingles.es/SGFM/02/15/4/0120951802154/0120951802154000g01011.jpg","price":"1,26 €","price_unit":"(8,40 € / Kilo)","categories":["Supermercado","Alimentación General","Aperitivos y frutos secos","Aperitivos diversos y snacks","MATUTANO DORITOS chilli pepper sabor a pimiento picante bolsa 150 g"],"general_information":["Denominación del alimento: Producto de aperitivo de maíz frito con sabor a pimiento picante","Nombre del operador: PepsiCo Foods. A.I.E.","Dirección del operador: Avenida de los Olmos, 2, 01013 - Vitoria, España","Cantidad Neta: 150 g","Otras menciones obligatorias en la etiqueta: Envasado en atmósfera protectora"],"ingredients":[" Maíz (81%), aceite de girasol, condimento preparado sabor a pimiento picante [fructosa, sustancias aromatizantes (contiene soja, trigo), potenciadores del sabor (glutamato monosódico, 5?-ribonucleótido disódico), correctores de acidez (diacetato sódico, ácido málico), sal, azúcar, maltodextrina, cebolla en polvo, proteína hidrolizada de soja, soja, ajo en polvo, trigo, colorantes (extracto de pimentón, rojo de remolacha)]."],"conservation":" Conservar en lugar fresco y seco.","ean":"8410199007025"},{"full_name":"MATUTANO 3D conos snack de maíz sabor queso y bacon bolsa 85 g","name":"3D conos snack de maíz sabor queso y bacon bolsa 85 g","brand":"MATUTANO ","img":"https://sgfm.elcorteingles.es/SGFM/dctm/MEDIA02/CONTENIDOS/201409/01/00200451800270____2__600x600.jpg","price":"1,05 €","price_unit":"(12,35 € / Kilo)","categories":["Supermercado","Alimentación General","Aperitivos y frutos secos","Aperitivos diversos y snacks","MATUTANO 3D conos snack de maíz sabor queso y bacon bolsa 85 g"],"general_information":["Denominación del alimento: Producto de aperitivo de maíz frito con sabor a queso y bacon.","Nombre del operador: PepsiCo Foods. A.I.E.","Dirección del operador: Avenida de los Olmos, 2, 01013 - Vitoria, España","Cantidad Neta: 85 g"],"ingredients":[" Sémola de maíz (70%). aceite de maíz. aroma de queso y bacon [suero de leche en polvo. queso en polvo (de leche). preparaciones y sustancias aromatizante. potenciadores del sabor (glutamato monosódico. guanilato e inosinato disódicos). acidulante (ácido cítrico). colorante (extracto de pimentón). aromas de humo]. azúcar. sal. gasificante (bicarbonato sódico)."],"conservation":" Conservar en lugar fresco y seco","ean":"8410199030900"},{"full_name":"DORITOS de maíz tex-mex bolsa 280 g","name":"de maíz tex-mex bolsa 280 g","brand":"DORITOS ","img":"https://sgfm.elcorteingles.es/SGFM/dctm/MEDIA03/201606/01/00120951803210____2__600x600.jpg","price":"2,38 €","price_unit":"(8,50 € / Kilo)","categories":["Supermercado","Alimentación General","Aperitivos y frutos secos","Aperitivos diversos y snacks","DORITOS de maíz tex-mex bolsa 280 g"],"general_information":[],"ingredients":[],"ean":"8410199980755"},{"full_name":"MATUTANO DORITOS Dippas Original aperitivo de maíz bolsa 200 g","name":"Dippas Original aperitivo de maíz bolsa 200 g","brand":"MATUTANO DORITOS ","img":"https://sgfm.elcorteingles.es/SGFM/dctm/MEDIA03/201710/24/00120951803483____1__600x600.jpg","price":"1,75 €","price_unit":"(8,75 € / Kilo)","categories":["Supermercado","Alimentación General","Aperitivos y frutos secos","Aperitivos diversos y snacks","MATUTANO DORITOS Dippas Original aperitivo de maíz bolsa 200 g"],"general_information":["Denominación del alimento: Producto de aperitivo de maíz frito","Nombre del operador: PepsiCo Foods. A.I.E.","Dirección del operador: Avenida de los Olmos, 2, 01013 - Vitoria, España","Cantidad Neta: 200 g","Otras menciones obligatorias en la etiqueta: Envasado en atmósfera protectora"],"ingredients":[" Maíz blanco, aceite de girasol, sal."],"conservation":" Conservar en lugar fresco y seco.","ean":"8410199015662"},{"full_name":"MATUTANO DORITOS de maíz tex-mex bolsa 150 g","name":"de maíz tex-mex bolsa 150 g","brand":"MATUTANO DORITOS ","img":"https://sgfm.elcorteingles.es/SGFM/dctm/MEDIA03/201606/01/00120951800406____1__600x600.jpg","price":"1,34 €","price_unit":"(8,93 € / Kilo)","categories":["Supermercado","Alimentación General","Aperitivos y frutos secos","Aperitivos diversos y snacks","MATUTANO DORITOS de maíz tex-mex bolsa 150 g"],"general_information":["Denominación del alimento: Producto de aperitivo de maíz frito con sabor a queso","Nombre del operador: PepsiCo Foods. A.I.E.","Dirección del operador: Avenida de los Olmos, 2, 01013 - Vitoria, España","Cantidad Neta: 150 g","Otras menciones obligatorias en la etiqueta: Envasado en atmósfera protectora"],"ingredients":[" Maíz (80%), aceite de girasol, condimento preparado con sabor a queso [suero de leche en polvo, harina de trigo, sal, queso en polvo (de leche), tomate en polvo, sustancias aromatizantes (contiene leche), cebolla en polvo, suero de mantequilla en polvo (de leche), cloruro potásico, potenciador del sabor (glutamato monosódico), proteínas de leche, ajo en polvo, dextrosa, correctores de acidez (ácido láctico, ácido cítrico), colorantes (extracto de pimentón, annato, caramelo natural), especias, azúcar, leche desnatada en polvo]."],"conservation":" Conservar en lugar fresco y seco","ean":"8410199272393"},{"full_name":"DORITOS ROULETTE Tex-Mex y algunos sabor picante bolsa 180 g","name":"ROULETTE Tex-Mex y algunos sabor picante bolsa 180 g","brand":"DORITOS ","img":"https://sgfm.elcorteingles.es/SGFM/dctm/MEDIA03/201702/27/00120951803202____2__600x600.jpg","price":"1,45 €","price_unit":"(8,06 € / Kilo)","categories":["Supermercado","Alimentación General","Aperitivos y frutos secos","Aperitivos diversos y snacks","DORITOS ROULETTE Tex-Mex y algunos sabor picante bolsa 180 g"],"general_information":["Denominación del alimento: Producto de aperitivo de maíz frito con sabor a queso y algunos con sabor a Tabasco chile picante","Nombre del operador: PepsiCo Foods. A.I.E.","Dirección del operador: Avenida de los Olmos, 2, 01013 - Vitoria, España","Cantidad Neta: 180 g","Otras menciones obligatorias en la etiqueta: Envasado en atmósfera protectora"],"ingredients":[" Maíz (79%), aceite de girasol, condimento preparado con sabor a queso [suero de leche en polvo, harina de trigo, sal, queso en polvo (de leche), tomate en polvo, sustancias aromatizantes (contiene leche), cebolla en polvo, suero de mantequilla en polvo (de leche), cloruro potásico, potenciador del sabor (glutamato monosódico), proteínas de leche, ajo en polvo, dextrosa, correctores de acidez (ácido láctico, ácido cítrico), colorantes (extracto de pimentón, annato, caramelo natural), especias, azúcar, leche desnatada en polvo], aroma a Tabasco [extracto de chile rojo, vinagre]."],"conservation":" Conservar en lugar fresco y seco.","ean":"8410199013675"},{"full_name":"MATUTANO Fritos Barbacoa snack en tiras de maíz bolsa 156 g","name":"Fritos Barbacoa snack en tiras de maíz bolsa 156 g","brand":"MATUTANO ","img":"https://sgfm.elcorteingles.es/SGFM/00/36/4/0120951800364/0120951800364000g01011.jpg","price":"1,11 €","price_unit":"(7,12 € / Kilo)","categories":["Supermercado","Alimentación General","Aperitivos y frutos secos","Aperitivos diversos y snacks","MATUTANO Fritos Barbacoa snack en tiras de maíz bolsa 156 g"],"general_information":["Denominación del alimento: Producto de aperitivo de maíz frito con sabor a carne ahumada.","Nombre del operador: PepsiCo Foods. A.I.E.","Dirección del operador: Avenida de los Olmos, 2, 01013 - Vitoria, España","Cantidad Neta: 156 g"],"ingredients":[" Maíz (78%), aceite de girasol, aroma a carne ahumada [sal, preparaciones y sustancias aromatizantes, potenciadores del sabor (glutamato monosódico, inosinato y guanilato disódicos), lactosa (de leche), aromas de humo, acidulante (ácido cítrico)]."],"conservation":" Conservar en lugar fresco y seco","ean":"8410199181305"},{"full_name":"MATUTANO Mix cacahuetes, snacks de maiz y kikos XL Super Bolsa envase 270 g","name":"Mix cacahuetes, snacks de maiz y kikos XL Super Bolsa envase 270 g","brand":"MATUTANO ","img":"https://sgfm.elcorteingles.es/SGFM/dctm/MEDIA02/CONTENIDOS/201510/19/00120977801248____1__600x600.jpg","price":"1,85 €","price_unit":"(6,85 € / Kilo)","categories":["Supermercado","Alimentación General","Aperitivos y frutos secos","Aperitivos diversos y snacks","MATUTANO Mix cacahuetes, snacks de maiz y kikos XL Super Bolsa envase 270 g"],"general_information":["Denominación del alimento: Surtido de productos de aperitivo de maíz y cacahuetes fritos con sabor a barbacoa","Nombre del operador: PepsiCo Foods. A.I.E.","Dirección del operador: Avenida de los Olmos, 2, 01013 - Vitoria, España","Cantidad Neta: 270 g","Otras menciones obligatorias en la etiqueta: Envasado en atmósfera protectora."],"ingredients":[" Maíz, cacahuetes, aceite de palma y de girasol, aroma a barbacoa [sustancias aromatizantes, potenciadores del sabor (glutamato monosódico, inosinato y guanilato disódicos), acidulante (ácido cítrico), aromas de humo], sal. Puede contener frutos secos."],"conservation":" Conservar en lugar fresco y seco","ean":"8410199013477"},{"full_name":"MATUTANO cacahuetes, snacks de maiz y kikos sabot tex-mez y queso bolsa 120 g","name":"cacahuetes, snacks de maiz y kikos sabot tex-mez y queso bolsa 120 g","brand":"MATUTANO ","img":"https://sgfm.elcorteingles.es/SGFM/dctm/MEDIA02/CONTENIDOS/201510/19/00120977801222____1__600x600.jpg","price":"1,03 €","price_unit":"(8,58 € / Kilo)","categories":["Supermercado","Alimentación General","Aperitivos y frutos secos","Aperitivos diversos y snacks","MATUTANO cacahuetes, snacks de maiz y kikos sabot tex-mez y queso bolsa 120 g"],"general_information":["Denominación del alimento: Surtido de productos de aperitivo de maíz y cacahuetes fritos con sabor a queso","Nombre del operador: PepsiCo Foods. A.I.E.","Dirección del operador: Avenida de los Olmos, 2, 01013 - Vitoria, España","Cantidad Neta: 120 g","Otras menciones obligatorias en la etiqueta: Envasado en atmósfera protectora."],"ingredients":[" Maíz, cacahuetes, aceite de maíz, palma y girasol, aroma a queso [preparaciones y sustancias aromatizantes, sal, harina de arroz, potenciadores del sabor (glutamato monosódico, inosinato y guanilato disódicos), sacarosa, especias, jarabe de glucosa, acidulante (ácido cítrico), colorante (extracto de pimentón), cloruro potásico]. Puede contener frutos secos."],"conservation":" Conservar en lugar fresco y seco","ean":"8410199013446"},{"full_name":"MATUTANO Mix cacahuetes, snacks de maiz y kikos sabor jamón envase 120 g","name":"Mix cacahuetes, snacks de maiz y kikos sabor jamón envase 120 g","brand":"MATUTANO ","img":"https://sgfm.elcorteingles.es/SGFM/dctm/MEDIA02/CONTENIDOS/201510/19/00120977801230____1__600x600.jpg","price":"1,00 €","price_unit":"(8,33 € / Kilo)","categories":["Supermercado","Alimentación General","Aperitivos y frutos secos","Aperitivos diversos y snacks","MATUTANO Mix cacahuetes, snacks de maiz y kikos sabor jamón envase 120 g"],"general_information":["Denominación del alimento: Surtido de productos de aperitivo de maíz y cacahuetes fritos con sabor a jamón","Nombre del operador: PepsiCo Foods. A.I.E.","Dirección del operador: Avenida de los Olmos, 2, 01013 - Vitoria, España","Cantidad Neta: 120 g","Otras menciones obligatorias en la etiqueta: Envasado en atmósfera protectora."],"ingredients":[" Maíz, cacahuetes, aceite de maíz, palma y de girasol, aroma a jamón [sal, potenciadores del sabor (glutamato monosódico, inosinato y guanilato disódicos), preparaciones y sustancias aromatizantes, aroma de humo]. Puede contener frutos secos."],"conservation":" Conservar en lugar fresco y seco","ean":"8410199013453"},{"full_name":"MATUTANO Mix cóctel de snacks 3D Cheetos y Doritos bolsa 105 g","name":"Mix cóctel de snacks 3D Cheetos y Doritos bolsa 105 g","brand":"MATUTANO ","img":"https://sgfm.elcorteingles.es/SGFM//00/80/9/0120952900809/0120952900809000g01011.jpg","price":"1,09 €","price_unit":"(10,38 € / Kilo)","categories":["Supermercado","Alimentación General","Aperitivos y frutos secos","Aperitivos diversos y snacks","MATUTANO Mix cóctel de snacks 3D Cheetos y Doritos bolsa 105 g"],"general_information":["Denominación del alimento: Surtido de productos de aperitivo fritos y horneados","Nombre del operador: PepsiCo Foods. A.I.E.","Dirección del operador: Avenida de los Olmos, 2, 01013 - Vitoria, España","Cantidad Neta: 105 g","Otras menciones obligatorias en la etiqueta: Envasado en atmósfera protectora"],"ingredients":[" Doritos Tex-Mex: Maíz (80%), aceite de girasol, condimento preparado con sabor a queso [suero de leche en polvo, harina de trigo, sal, queso en polvo (de leche), tomate en polvo, sustancias aromatizantes (contiene leche), cebolla en polvo, suero de mantequilla en polvo (de leche), cloruro potásico, potenciador del sabor (glutamato monosódico), proteínas de leche, ajo en polvo, dextrosa, correctores de acidez (ácido láctico, ácido cítrico), colorantes (extracto de pimentón, annato, caramelo natural), especias, azúcar, leche desnatada en polvo]. Bugles 3D's: Sémola de maíz (70%), aceite de maíz, aroma a queso y bacon [suero de leche en polvo, queso en polvo (de leche), preparaciones y sustancias aromatizantes, potenciadores del sabor (glutamato monosódico, guanilato e inosinato disódicos), acidulante (ácido cítrico), colorante (extracto de pimentón), aroma de humo], azúcar, sal, gasificante (bicarbonato sódico). Cheetos rizos: Sémola de maíz (75%), aceite de maíz, aroma a queso [lactosa, potenciadores del sabor (glutamato monosódico, guanilato e inosinato disódicos), sustancias aromatizantes, cloruro potásico, proteínas de leche, colorante (extracto de pimentón)], sal."],"conservation":" Conservar en lugar fresco y seco","ean":"8410199002686"},{"full_name":"MATUTANO Doritos sabor A cool cream cheese bolsa 150 g","name":"Doritos sabor A cool cream cheese bolsa 150 g","brand":"MATUTANO ","img":"https://sgfm.elcorteingles.es/SGFM/02/52/7/0120951802527/0120951802527000g01011.jpg","price":"1,25 €","price_unit":"(8,33 € / Kilo)","categories":["Supermercado","Alimentación General","Aperitivos y frutos secos","Aperitivos diversos y snacks","MATUTANO Doritos sabor A cool cream cheese bolsa 150 g"],"general_information":["Denominación del alimento: Producto de aperitivo de maíz frito con sabor a queso cremoso","Nombre del operador: PepsiCo Foods. A.I.E.","Dirección del operador: Avenida de los Olmos, 2, 01013 - Vitoria, España","Cantidad Neta: 150 g","Otras menciones obligatorias en la etiqueta: Envasado en atmósfera protectora"],"ingredients":[" Maíz (70%), aceite de girasol, aroma a queso cremoso [preparaciones y sustancias aromatizantes (contienen leche), sal, jarabe de glucosa, azúcar, cebolla en polvo, cloruro potásico, queso en polvo (de leche), ajo en polvo, potenciadores del sabor (glutamato monosódico, 5?-ribonucleótico disódico), tomate en polvo, correctores de acidez (ácido málico, acetato sódico, ácido cítrico), colorante (annato), proteínas de leche, especias]."],"conservation":" Conservar en lugar fresco y seco","ean":"8410199009036"},{"full_name":"MATUTANO Doritos Bits aperitivos de maíz envase 115 g","name":"Doritos Bits aperitivos de maíz envase 115 g","brand":"MATUTANO ","img":"https://sgfm.elcorteingles.es/SGFM/dctm/MEDIA02/CONTENIDOS/201504/29/00200452901598____1__600x600.jpg","price":"1,15 €","price_unit":"(10 € / Kilo)","categories":["Supermercado","Alimentación General","Aperitivos y frutos secos","Aperitivos diversos y snacks","MATUTANO Doritos Bits aperitivos de maíz envase 115 g"],"general_information":["Denominación del alimento: Producto de aperitivo de maíz frito con sabor a barbacoa.","Nombre del operador: PepsiCo Foods. A.I.E.","Dirección del operador: Avenida de los Olmos, 2, 01013 - Vitoria, España","Cantidad Neta: 115 g"],"ingredients":[" Maíz (74%), aceite de girasol, aroma a barbacoa [azúcar, dextrosa, sal, cebolla  en polvo, fructosa, tomate en polvo, potenciador del sabor (glutamato monosódico), pimentón en polvo, lactosa (de leche), ajo en polvo, pimienta de cayena, harina de cebada, preparaciones y sustancias aromatizantes, acidulante (ácido cítrico), colorantes (extracto de pimentón, rojo de remolacha), aromas de humo, especias y plantas aromáticas]."],"conservation":" Conservar en lugar fresco y seco","ean":"8410199012326"},{"full_name":"MATUTANO Boca Bits snack de cortezas de trigo bolsa 84 g","name":"Boca Bits snack de cortezas de trigo bolsa 84 g","brand":"MATUTANO ","img":"https://sgfm.elcorteingles.es/SGFM/00/35/6/0120951800356/0120951800356000g01011.jpg","price":"1,11 €","price_unit":"(13,21 € / Kilo)","categories":["Supermercado","Alimentación General","Aperitivos y frutos secos","Aperitivos diversos y snacks","MATUTANO Boca Bits snack de cortezas de trigo bolsa 84 g"],"general_information":["Denominación del alimento: Producto de aperitivo de trigo frito con sabor a carne.","Nombre del operador: PepsiCo Foods. A.I.E.","Dirección del operador: Avenida de los Olmos, 2, 01013 - Vitoria, España","Cantidad Neta: 84 g"],"ingredients":[" Harina de trigo (74%), aceite de maíz, aroma (extracto de levadura), sal, gasificante (bicarbonato sódico)."],"conservation":" Conservar en lugar fresco y seco","ean":"8410199100757"},{"full_name":"CHEETOS Favoritos Mix snack sabor a queso envase 180 g","name":"Favoritos Mix snack sabor a queso envase 180 g","brand":"CHEETOS ","img":"https://sgfm.elcorteingles.es/SGFM/dctm/MEDIA03/201705/19/00120952901625____5__600x600.jpg","price":"1,82 €            ","price_unit":"(9,72 € / Kilo)","categories":["Supermercado","Alimentación General","Aperitivos y frutos secos","Aperitivos diversos y snacks","CHEETOS Favoritos Mix snack sabor a queso envase 180 g"],"general_information":["Denominación del alimento: Surtido de productos de aperitivo horneados y fritos con sabor a queso","Nombre del operador: PepsiCo Foods. A.I.E.","Dirección del operador: Avenida de los Olmos, 2, 01013 - Vitoria, España","Cantidad Neta: 180 g","Otras menciones obligatorias en la etiqueta: Envasado en atmósfera protectora"],"ingredients":[" Pelotazos: Producto de aperitivo horneado con sabor a queso: Sémola de maíz (73%), aceite de maíz, aroma a queso [lactosa, sustancias aromatizantes, suero de leche en polvo, queso en polvo (de leche), potenciadores del sabor (glutamato monosódico, inosinato y guanilato disódicos), aromas de humo], azúcar, sal, colorantes (concentrado de vegetales, extracto de pimentón, annato). Pandilla: Producto de aperitivo frito con sabor a queso: Copos de patata (45%), aceite de maíz, fécula de patata (16%), harinas de arroz y maíz, aroma a queso [lactosa, sustancias aromatizantes, suero de leche en polvo, queso en polvo (de leche), potenciadores del sabor (glutamato monosódico, inosinato y guanilato disódicos), cloruro potásico, colorantes (extracto de pimentón, annato), aroma de humo], levadura, sal. Rizos: Producto de aperitivo horneado con sabor a queso: Sémola de maíz (75%), aceite de maíz, aroma a queso [lactosa, potenciadores del sabor (glutamato monosódico, guanilato e inosinato disódicos), sustancias aromatizantes, cloruro potásico, proteínas de leche, colorante (extracto de pimentón)], sal.   Puede contener trazas de trigo"],"conservation":" Conservar en lugar fresco y seco.","ean":"8410199015051"},{"full_name":"CHEETOS MEGA 4 snack mix de formas y sabores envase 180 g","name":"MEGA 4 snack mix de formas y sabores envase 180 g","brand":"CHEETOS ","img":"https://sgfm.elcorteingles.es/SGFM/dctm/MEDIA02/CONTENIDOS/201506/17/00120952901351____1__600x600.jpg","price":"1,81 €","price_unit":"(10,06 € / Kilo)","categories":["Supermercado","Alimentación General","Aperitivos y frutos secos","Aperitivos diversos y snacks","CHEETOS MEGA 4 snack mix de formas y sabores envase 180 g"],"general_information":["Denominación del alimento: Mezcla de productos de aperitivo de maíz horneados y fritos","Nombre del operador: PepsiCo Foods. A.I.E.","Dirección del operador: Avenida de los Olmos, 2, 01013 - Vitoria, España","Cantidad Neta: 180 g","Otras menciones obligatorias en la etiqueta: Envasado en atmósfera protectora"],"ingredients":[" Sémola de maiz (59%), aceite de maíz, aroma a bacon y a queso [suero de leche en polvo, lactosa, queso en polvo (de leche), preparaciones y sustancias aromatizantes, potenciadores del sabor (glutamato monosódico, inosinato y guanilato disódicos), azúcar, cloruro potásico, aroma de humo, colorantes (extracto de pimentón, annato)], sal,"],"conservation":" Conservar en lugar fresco y seco","ean":"8410199012579"},{"full_name":"CHEETOS snack Pelotazos sabor a queso bolsa 162 g","name":"snack Pelotazos sabor a queso bolsa 162 g","brand":"CHEETOS ","img":"https://sgfm.elcorteingles.es/SGFM/dctm/MEDIA02/CONTENIDOS/201509/17/00120952900585____1__600x600.jpg","price":"1,05 €","price_unit":"(8,08 € / Kilo)","categories":["Supermercado","Alimentación General","Aperitivos y frutos secos","Aperitivos diversos y snacks","CHEETOS snack Pelotazos sabor a queso bolsa 162 g"],"general_information":["Denominación del alimento: Producto de aperitivo de maíz horneado con sabor a queso","Nombre del operador: PepsiCo Foods. A.I.E.","Dirección del operador: Avenida de los Olmos, 2, 01013 - Vitoria, España","Cantidad Neta: 130 g"],"ingredients":[" Sémola de maíz (73%). aceite de maíz. aroma de queso [lactosa. sustancias aromatizantes. suero de leche en polvo. queso en polvo (de leche). potenciadores del sabor (glutamato monosódico. inosinato y guanilato disódicos). aromas de humo]. azúcar. sal. colorantes (concentrado de vegetales. extracto de pimentón. annato)."],"conservation":" Conservar en lugar fresco y seco","ean":"8410199790958"},{"full_name":"CHEETOS snack Rizos sabor a queso bolsa 100 g","name":"snack Rizos sabor a queso bolsa 100 g","brand":"CHEETOS ","img":"https://sgfm.elcorteingles.es/SGFM/dctm/MEDIA03/201702/13/00120952900601____1__600x600.jpg","price":"1,63 €","price_unit":"(16,30 € / Kilo)","categories":["Supermercado","Alimentación General","Aperitivos y frutos secos","Aperitivos diversos y snacks","CHEETOS snack Rizos sabor a queso bolsa 100 g"],"general_information":["Denominación del alimento: Producto de aperitivo de maíz horneado con sabor a queso","Nombre del operador: PepsiCo Foods. A.I.E.","Dirección del operador: Avenida de los Olmos, 2, 01013 - Vitoria, España","Cantidad Neta: 100 g"],"ingredients":[" Sémola de maíz (75%). aceite de maíz. aroma de queso [lactosa. potenciadores del sabor (glutamato monosódico. guanilato e inosinato disódicos). sustancias aromatizantes. cloruro potásico. proteínas de leche. colorante (extracto de pimentón)]. sal. Puede contener trazas de trigo."],"conservation":" Conservar en lugar fresco y seco","ean":"8410199150905"},{"full_name":"CHEETOS snack Pandilla sabor a queso bolsa 75 g","name":"snack Pandilla sabor a queso bolsa 75 g","brand":"CHEETOS ","img":"https://sgfm.elcorteingles.es/SGFM/dctm/MEDIA03/201702/13/00120952900593____1__600x600.jpg","price":"1,05 €","price_unit":"(14 € / Kilo)","categories":["Supermercado","Alimentación General","Aperitivos y frutos secos","Aperitivos diversos y snacks","CHEETOS snack Pandilla sabor a queso bolsa 75 g"],"general_information":["Denominación del alimento: Producto de aperitivo frito con sabor a queso","Nombre del operador: PepsiCo Foods. A.I.E.","Dirección del operador: Avenida de los Olmos, 2, 01013 - Vitoria, España","Cantidad Neta: 75 g"],"ingredients":[" Copos de patata (45%). aceite de maíz. fécula de patata (16%). harinas de arroz y maíz. aroma de queso [lactosa. sustancias aromatizantes. suero de leche en polvo. queso en polvo (de leche). potenciadores del sabor (glutamato monosódico. inosinato y guanilato disódicos). cloruro potásico. colorantes (extracto de pimentón. annato). aroma de humo]. levadura. sal."],"conservation":" Conservar en lugar fresco y seco","ean":"8410199810656"},{"full_name":"CHEETOS Gustosines snack bolsa 80 g","name":"Gustosines snack bolsa 80 g","brand":"CHEETOS ","img":"https://sgfm.elcorteingles.es/SGFM/dctm/MEDIA02/CONTENIDOS/201412/29/00120952900650____1__600x600.jpg","price":"1,14 €","price_unit":"(14,25 € / Kilo)","categories":["Supermercado","Alimentación General","Aperitivos y frutos secos","Aperitivos diversos y snacks","CHEETOS Gustosines snack bolsa 80 g"],"general_information":["Denominación del alimento: Producto de aperitivo de maíz horneado","Nombre del operador: PepsiCo Foods. A.I.E.","Dirección del operador: Avenida de los Olmos, 2, 01013 - Vitoria, España","Cantidad Neta: 96 g"],"ingredients":[" Sémola de maíz (86%). aceite de maíz. sal. sustancias aromatizantes (contiene trigo). potenciador del sabor (glutamato monosódico). Puede contener trazas de leche."],"conservation":" Conservar en lugar fresco y seco","ean":"8410199001153"},{"full_name":"ESPADA cortezas de tocino bolsa 200 g","name":"cortezas de tocino bolsa 200 g","brand":"ESPADA ","img":"https://sgfm.elcorteingles.es/SGFM/00/05/9/0120951800059/0120951800059000g01011.jpg","price":"1,85 €","price_unit":"(9,25 € / Kilo)","categories":["Supermercado","Alimentación General","Aperitivos y frutos secos","Aperitivos diversos y snacks","ESPADA cortezas de tocino bolsa 200 g"],"general_information":["Denominación del alimento: Corteza de cerdo frita","Nombre del operador: Espafrima S.L","Dirección del operador: C/ Fundidores, 45. Poligono Industrial Los Ángeles 28906 Getafe (Madrid) España","Cantidad Neta: 200 g","Otras menciones obligatorias en la etiqueta: El producto se encuentra libre de GMO´s al no proceder sus ingredientes ni de soja ni de maíz. El producto esta libre de gluten. Si se detectan cortezas con restos o puntos de colores, se trata de colorantes autorizados para uso alimentario con los que se marca la piel del cerdo para las inspecciones sanitarias y poder seguir su trazabilidad. No rechazar el producto. Es APTO para su consumo."],"ingredients":[" Cortezas de cerdo deshidratadas, grasa de cerdo, sal y antioxidantes: tocoferol (E-306) y palmitato de ascorbilo (E-304i)"],"conservation":" Consumo preferente desde la fecha de envasado: 6 meses Almacenar en lugar fresco y seco y aislado del suelo","ean":"8423856012003"},{"full_name":"ESPADA El Aperitivo cóctel de snacks bolsa 175 g","name":"El Aperitivo cóctel de snacks bolsa 175 g","brand":"ESPADA ","img":"https://sgfm.elcorteingles.es/SGFM//01/05/7/0120977801057/0120977801057000g01011.jpg","price":"1,00 €","price_unit":"(5,71 € / Kilo)","categories":["Supermercado","Alimentación General","Aperitivos y frutos secos","Aperitivos diversos y snacks","ESPADA El Aperitivo cóctel de snacks bolsa 175 g"],"general_information":["Denominación del alimento: Cocktail mix","Nombre del operador: Espafrima S.L","Dirección del operador: C/ Fundidores, 45. Poligono Industrial Los Ángeles 28906 Getafe (Madrid) España","Cantidad Neta: 175,0 g"],"ingredients":[" Boliche multicereal [(Sémolas maíz y arroz), azúcar y sal), aceite de girasol y aroma barbacoa (sal, potenciadores del sabor E-621 y E-631)], corn chip [maíz, grasa vegetal y aroma], kikos chip [maíz, grsa vegetal y sal]. Puede contener trazas de soja, gluten, lactosa y frutos con cáscara."],"conservation":" Conservar en lugar fresco y seco.","ean":"8423856000451"},{"full_name":"ESPADA cóctel de snacks bolsa 125 g","name":"cóctel de snacks bolsa 125 g","brand":"ESPADA ","img":"https://sgfm.elcorteingles.es/SGFM//01/04/0/0120977801040/0120977801040000g01011.jpg","price":"1,00 €","price_unit":"(5,88 € / Kilo)","categories":["Supermercado","Alimentación General","Aperitivos y frutos secos","Aperitivos diversos y snacks","ESPADA cóctel de snacks bolsa 125 g"],"general_information":["Denominación del alimento: Cocktail pellets","Nombre del operador: Espafrima S.L","Dirección del operador: C/ Fundidores, 45. Poligono Industrial Los Ángeles 28906 Getafe (Madrid) España","Cantidad Neta: 125 g","Otras menciones obligatorias en la etiqueta: Contiene leche y gluten. Puede contener soja."],"ingredients":[" Harina de\ntrigo, harina de trigo tostada, patata deshidratada,\nfécula de patata, sémola de maíz, cebolla en polvo, almidón modificado de\npatata, sal, azúcar, suero\nde leche, aroma bacon, aroma queso rojo,\ngasificante E 500ii , estabiliante E 471 \n, colorantes E 100, E 124, E 160 b, E 132, E 160c y E 172, potenciadores\ndel sabor E 621, E 631 y E 627"],"conservation":" Conservar en lugar fresco y seco. Si no consume la totalidad cierre la bolsa con una pinza.","ean":"8423856001823"},{"full_name":"PRINGLES tortilla chips Original envase 160 g","name":"tortilla chips Original envase 160 g","brand":"PRINGLES ","img":"https://sgfm.elcorteingles.es/SGFM/dctm/MEDIA03/201603/02/00120952901419____1__600x600.jpg","price":"1,99 €","price_unit":"(12,44 € / Kilo)","categories":["Supermercado","Alimentación General","Aperitivos y frutos secos","Aperitivos diversos y snacks","PRINGLES tortilla chips Original envase 160 g"],"general_information":["Denominación del alimento: Producto de aperitivo frito","Nombre del operador: Kellogg España, S.L.","Dirección del operador: KELLOGG ESPAÑA, S.L. Av. de Europa, 19, 2ª planta, 28108, Alcobendas, Madrid (España). Fabricado en la UE. ?, ®, © 2015 Kellogg Company. Todos los derechos reservados.","Lugar de procedencia del alimento: Fabricado en la UE","Cantidad Neta: 160 g"],"ingredients":[" Harina de maíz (59%), aceites vegetales (girasol, maíz), maltodextrina, emulgente (E471), azúcar, judías negras en polvo, sal, corrector de acidez  (bicarbonato de sodio), aroma de maíz, dextrosa de trigo.Para alérgenos ver ingredientes destacados en negrita."],"conservation":" Conservar en lugar seco","ean":"5053990113637"},{"full_name":"MR.B Western Corn maíz frito bolsa 130 g","name":"Western Corn maíz frito bolsa 130 g","brand":"MR.B ","img":"https://sgfm.elcorteingles.es/SGFM/dctm/MEDIA03/201709/25/00200471601096____1__600x600.jpg","price":"0,99 €","price_unit":"(7,62 € / Kilo)","categories":["Supermercado","Alimentación General","Aperitivos y frutos secos","Aperitivos diversos y snacks","MR.B Western Corn maíz frito bolsa 130 g"],"general_information":[],"ingredients":[],"ean":"8410148506593"},{"full_name":"ASPIL Jojitos maíz horneado natural envase 160 g","name":"Jojitos maíz horneado natural envase 160 g","brand":"ASPIL ","img":"https://sgfm.elcorteingles.es/SGFM/dctm/MEDIA02/CONTENIDOS/201504/24/00120952901344____1__600x600.jpg","price":"1,00 €","price_unit":"(6,25 € / Kilo)","categories":["Supermercado","Alimentación General","Aperitivos y frutos secos","Aperitivos diversos y snacks","ASPIL Jojitos maíz horneado natural envase 160 g"],"general_information":["Denominación del alimento: Producto de aperitivo de maíz horneado","Nombre del operador: Aperitivos y Extrusionados S.A.U","Dirección del operador: Polígono El Ginestar, A-68, km. 104 31550 Ribaforada (Navarra)","Cantidad Neta: 160 g"],"ingredients":[" Sémola de maíz, aceite de girasol (11%) y sal. Puede contener trazas de lácteos/derivados."],"conservation":" Manténgase en lugar fresco, seco y alejado de la luz","ean":"8410573100359"},{"full_name":"ASPIL cocktail de snacks bolsa 250 g","name":"cocktail de snacks bolsa 250 g","brand":"ASPIL ","img":"https://sgfm.elcorteingles.es/SGFM//01/11/2/0120952901112/0120952901112000g01011.jpg","price":"1,32 €","price_unit":"(5,28 € / Kilo)","categories":["Supermercado","Alimentación General","Aperitivos y frutos secos","Aperitivos diversos y snacks","ASPIL cocktail de snacks bolsa 250 g"],"general_information":["Denominación del alimento: Surtido de aperitivos horneados","Nombre del operador: Aperitivos y Extrusionados S.A.U","Dirección del operador: Polígono El Ginestar, A-68, km. 104 31550 Ribaforada (Navarra)","Cantidad Neta: 250 g"],"ingredients":[" Sémola de maíz, aceite de girasol (22%), aroma queso (aroma, lactosa, sal, maltodextrina de patata y antiaglomerantes: dióxido de silicio) y aroma mantequilla (aromas, lactosa, sal y dextrosa) y colorante E-160c. Contiene lácteos y/o sus derivados."],"conservation":" Manténgase en lugar fresco, seco y alejado de la luz","ean":"8410573100076"},{"full_name":"INES ROSALES tortas de aceite 100% natural con tomillo y romero paquete 180 g","name":"tortas de aceite 100% natural con tomillo y romero paquete 180 g","brand":"INES ROSALES ","img":"https://sgfm.elcorteingles.es/SGFM/dctm/MEDIA03/201705/17/00120660905546____6__600x600.jpg","price":"2,25 €","price_unit":"(12,50 € / Kilo)","categories":["Supermercado","Alimentación General","Aperitivos y frutos secos","Aperitivos diversos y snacks","INES ROSALES tortas de aceite 100% natural con tomillo y romero paquete 180 g"],"general_information":["Denominación del alimento: Tortas de Aceite con Tomillo y Romero","Nombre del operador: INÉS ROSALES, S.A.U.","Dirección del operador: P.E. Vereda de la Herrería. C/ de la mujer trabajadora 5, Huévar del Aljarafe, Sevilla (España)","Cantidad Neta: 180 g"],"ingredients":[" Harina de trigo, aceite de oliva virgen extra (26%), harina de trigo integral, azúcar, sal, tomillo (0,6%), romero (0,3%). Contiene gluten y trazas de semillas de sésamo y frutos de cáscara (almendra)."],"conservation":" Conservar en lugar fresco y seco. Proteger de la luz y del calor.","ean":"8410637115732"},{"full_name":"INES ROSALES tortas de aceite con sésamo y sal ideales para aperitivo paquete 180 g","name":"tortas de aceite con sésamo y sal ideales para aperitivo paquete 180 g","brand":"INES ROSALES ","img":"https://sgfm.elcorteingles.es/SGFM/dctm/MEDIA03/201705/17/00120660905553____6__600x600.jpg","price":"2,25 €","price_unit":"(12,50 € / Kilo)","categories":["Supermercado","Alimentación General","Aperitivos y frutos secos","Aperitivos diversos y snacks","INES ROSALES tortas de aceite con sésamo y sal ideales para aperitivo paquete 180 g"],"general_information":[],"ingredients":[],"ean":"8410637116371"},{"full_name":"EL GALLO ROJO torreznos 100% natural bolsa 100 g","name":"torreznos 100% natural bolsa 100 g","brand":"EL GALLO ROJO ","img":"https://sgfm.elcorteingles.es/SGFM/00/10/9/0120951800109/0120951800109000g01011.jpg","price":"1,15 €","price_unit":"(11,50 € / Kilo)","categories":["Supermercado","Alimentación General","Aperitivos y frutos secos","Aperitivos diversos y snacks","EL GALLO ROJO torreznos 100% natural bolsa 100 g"],"general_information":["Denominación del alimento: Torreznos.","Nombre del operador: El Gallo Rojo S.L.","Dirección del operador: Ctra. Logroño Km. 14. Polígono La Casaza, nave 9-11-12 (50180 Utebo, Zaragoza).","Cantidad Neta: 100,0 g"],"ingredients":[" Caretas de cerdo recién fritas, manteca y sal."],"ean":"8411276070109"},{"full_name":"EL GALLO ROJO snack Gallitos al queso bolsa 175 g","name":"snack Gallitos al queso bolsa 175 g","brand":"EL GALLO ROJO ","img":"https://sgfm.elcorteingles.es/SGFM//00/51/0/0120952900510/0120952900510000g01011.jpg","price":"1,15 €","price_unit":"(5,75 € / Kilo)","categories":["Supermercado","Alimentación General","Aperitivos y frutos secos","Aperitivos diversos y snacks","EL GALLO ROJO snack Gallitos al queso bolsa 175 g"],"general_information":["Denominación del alimento: Gallitos al queso.","Nombre del operador: El Gallo Rojo S.L.","Dirección del operador: Ctra. Logroño Km. 14. Polígono La Casaza, nave 9-11-12 (50180 Utebo, Zaragoza).","Cantidad Neta: 175,0 g"],"ingredients":[" Sémola de maíz, aceite de girasol, aroma de queso rojo, suero lácteo, potenciador del sabor E621, E631, E627, antiapelmazante E55, colorante anaranjado E110 y sal."],"ean":"8411276050255"},{"full_name":"TRUJITAS snack de cortezas de cerdo receta tradicional bolsa 75 g","name":"snack de cortezas de cerdo receta tradicional bolsa 75 g","brand":"TRUJITAS ","img":"https://sgfm.elcorteingles.es/SGFM/dctm/MEDIA02/CONTENIDOS/201506/22/00120951803103____1__600x600.jpg","price":"0,69 €","price_unit":"(9,20 € / Kilo)","categories":["Supermercado","Alimentación General","Aperitivos y frutos secos","Aperitivos diversos y snacks","TRUJITAS snack de cortezas de cerdo receta tradicional bolsa 75 g"],"general_information":["Denominación del alimento: Cortezas de cerdo fritas.","Nombre del operador: Aperitivos tapa S.A.","Dirección del operador: Avda. de la Industria nº 22  (19110 Mondéjar, Guadalajara).","Cantidad Neta: 75 g"],"ingredients":[" Corteza de cerdo, grasa de cerdo, sal y antioxidantes (E306, E304i)."],"conservation":" Conservese en lugar fresco y seco","ean":"8420331000562"},{"full_name":"CELIGÜETA cóctel de snacks Classic Fiesta bolsa 85 g","name":"cóctel de snacks Classic Fiesta bolsa 85 g","brand":"CELIGÜETA ","img":"https://sgfm.elcorteingles.es/SGFM/dctm/MEDIA02/CONTENIDOS/201505/26/00120952901252____1__600x600.jpg","price":"1,35 €","price_unit":"(15,88 € / Kilo)","categories":["Supermercado","Alimentación General","Aperitivos y frutos secos","Aperitivos diversos y snacks","CELIGÜETA cóctel de snacks Classic Fiesta bolsa 85 g"],"general_information":[],"ingredients":[],"ean":"8424818422700"},{"full_name":"TAPA Chicharricos envase 150 g","name":"Chicharricos envase 150 g","brand":"TAPA ","img":"https://sgfm.elcorteingles.es/SGFM/dctm/MEDIA02/CONTENIDOS/201503/20/00120951800851____1__600x600.jpg","price":"2,49 €","price_unit":"(16,60 € / Kilo)","categories":["Supermercado","Alimentación General","Aperitivos y frutos secos","Aperitivos diversos y snacks","TAPA Chicharricos envase 150 g"],"general_information":["Denominación del alimento: Cortezas de cerdo fritas.","Nombre del operador: Aperitivos tapa S.A.","Dirección del operador: Avda. de la Industria nº 22  (19110 Mondéjar, Guadalajara).","Cantidad Neta: 150,0 g"],"ingredients":[" Corteza de cerdo con tocino veteado, grasa de cerdo, sal, ajo, pimentón, orégano, pimienta blanca y antioxidantes (E-306, E-304i)"],"conservation":" Conservese en lugar fresco y seco","ean":"8420331000180"},{"full_name":"TAPA Chicharricos cortezas de cerdo fritas envase 120 g","name":"Chicharricos cortezas de cerdo fritas envase 120 g","brand":"TAPA ","img":"https://sgfm.elcorteingles.es/SGFM/02/06/3/0120951802063/0120951802063000g01011.jpg","price":"1,65 €","price_unit":"(13,75 € / Kilo)","categories":["Supermercado","Alimentación General","Aperitivos y frutos secos","Aperitivos diversos y snacks","TAPA Chicharricos cortezas de cerdo fritas envase 120 g"],"general_information":["Denominación del alimento: Cortezas de cerdo fritas.","Nombre del operador: Aperitivos tapa S.A.","Dirección del operador: Avda. de la Industria nº 22  (19110 Mondéjar, Guadalajara).","Cantidad Neta: 120 g"],"ingredients":[" Corteza de cerdo con tocino veteado, grasa de cerdo, sal, ajo, pimentón, orégano, pimienta blanca y antioxidantes (E-306, E-304i)"],"conservation":" Conservese en lugar fresco y seco","ean":"8420331000388"},{"full_name":"SUNBITES snacks ondulados de multicereales al toque de sal bolsa 95 g","name":"snacks ondulados de multicereales al toque de sal bolsa 95 g","brand":"SUNBITES ","img":"https://sgfm.elcorteingles.es/SGFM/dctm/MEDIA03/201706/29/00120951803467____1__600x600.jpg","price":"1,52 €","price_unit":"(16 € / Kilo)","categories":["Supermercado","Alimentación General","Aperitivos y frutos secos","Aperitivos diversos y snacks","SUNBITES snacks ondulados de multicereales al toque de sal bolsa 95 g"],"general_information":["Denominación del alimento: Producto de aperitivo multicereal con sal marina.","Nombre del operador: PepsiCo Foods. A.I.E.","Dirección del operador: Avenida de los Olmos, 2, 01013 - Vitoria, España","Cantidad Neta: 95 g","Otras menciones obligatorias en la etiqueta: Envasado en atmósfera protectora."],"ingredients":[" Cereales integrales (58%) (maíz, trigo, avena), aceite de girasol, harina de arroz, azúcar, aroma a sal marina [sal marina, sal, preparaciones y sustancias aromatizantes, especias, hierbas aromáticas, acidulante (ácido cítrico)]. Este producto ha sido elaborado en los mismos equipos de producción utilizados para otros que contienen cebada, leche, soja, apio y mostaza."],"conservation":" Conservar en lugar fresco y seco.","ean":"8410199015679"},{"full_name":"SUNBITES snacks ondulados de multicereales con sabor a cheddar y cebolla caramelizada bolsa 95 g","name":"snacks ondulados de multicereales con sabor a cheddar y cebolla caramelizada bolsa 95 g","brand":"SUNBITES ","img":"https://sgfm.elcorteingles.es/SGFM/dctm/MEDIA03/201708/25/00120951803475____1__600x600.jpg","price":"1,52 €","price_unit":"(16 € / Kilo)","categories":["Supermercado","Alimentación General","Aperitivos y frutos secos","Aperitivos diversos y snacks","SUNBITES snacks ondulados de multicereales con sabor a cheddar y cebolla caramelizada bolsa 95 g"],"general_information":["Denominación del alimento: Producto de aperitivo de multicereal con sabor a queso cheddar y cebolla caramelizada.","Nombre del operador: PepsiCo Foods. A.I.E.","Dirección del operador: Avenida de los Olmos, 2, 01013 - Vitoria, España","Cantidad Neta: 95 g","Otras menciones obligatorias en la etiqueta: Envasado en atmósfera protectora."],"ingredients":[" Cereales integrales (58%) (maíz, trigo, avena), aceite de girasol, harina de arroz, azúcar, aroma a queso cheddar y cebolla caramelizada [suero de leche en polvo, sal, cebolla en polvo, preparaciones y substancias aromatizantes (contiene leche), azúcar, queso en polvo (de leche), ajo en polvo, especias, hierbas aromáticas].  Este producto ha sido elaborado en los mismos equipos de producción utilizados para otros que contienen cebada, soja, apio y mostaza."],"conservation":" Conservar en lugar fresco y seco.","ean":"8410199015693"},{"full_name":"SCHAR Salinis aperitivo salado sin gluten y sin lactosa envase 60 g","name":"Salinis aperitivo salado sin gluten y sin lactosa envase 60 g","brand":"SCHAR ","img":"https://sgfm.elcorteingles.es/SGFM/00/36/9/0120745600369/0120745600369000g01011.jpg","price":"1,08 €","price_unit":"(18 € / Kilo)","categories":["Supermercado","Alimentación General","Aperitivos y frutos secos","Aperitivos diversos y snacks","SCHAR Salinis aperitivo salado sin gluten y sin lactosa envase 60 g"],"general_information":["Denominación del alimento: Snack sin gluten","País de origen: Italia","Nombre del operador: Dr. Schär AG / SPA","Dirección del operador: Winkelau 9 I-39014 Burgstall / Postal","Cantidad Neta: 60 g"],"ingredients":[" Ingredientes: Almidón de maíz, aceite de palma, fécula de patata, sal de mar, azúcar, levadura seca, estabilizador: carboximetil celulosa, emulgente: lecitina de SOJA, gasificantes: pirofosfato acido de sodio, bicarbonato de sodio"],"conservation":"Modo de empleo: No especificado","ean":"8008698002070"},{"full_name":"CEREAL BIO rulos de maíz al punto de sal ecológicos envase 75 g","name":"rulos de maíz al punto de sal ecológicos envase 75 g","brand":"CEREAL BIO ","img":"https://sgfm.elcorteingles.es/SGFM/dctm/MEDIA02/CONTENIDOS/201406/20/00120752700243____1__600x600.jpg","price":"1,85 €","price_unit":"(24,67 € / Kilo)","categories":["Supermercado","Alimentación General","Aperitivos y frutos secos","Aperitivos diversos y snacks","CEREAL BIO rulos de maíz al punto de sal ecológicos envase 75 g"],"general_information":["Denominación del alimento: Rulos Bio de maíz al punto de sal","Nombre del operador: Nutrition & Santé Iberia, S.L.","Dirección del operador: c/ Jesús Serra i Santamans, nº 4 - 1ª planta. 08174 Sant Cugat del Vallés - Barcelona","Cantidad Neta: 75 g"],"ingredients":[" Maíz* (74%), aceite de girasol*, sal marina: 1%. *Ingredientes procedentes de Agricultura Ecológica. Elaborado en una fábrica que utilizan gluten, soja y leche."],"conservation":" Conservar en lugar fresco y seco.","ean":"3175681146778"},{"full_name":"SORIA NATURAL snack mixto vegetal de patata zanahoria y remolacha Bio bolsa 30 g","name":"snack mixto vegetal de patata zanahoria y remolacha Bio bolsa 30 g","brand":"SORIA NATURAL ","img":"https://sgfm.elcorteingles.es/SGFM/dctm/MEDIA03/201611/25/00120753600186____7__600x600.jpg","price":"0,76 €","price_unit":"(25,33 € / Kilo)","categories":["Supermercado","Alimentación General","Aperitivos y frutos secos","Aperitivos diversos y snacks","SORIA NATURAL snack mixto vegetal de patata zanahoria y remolacha Bio bolsa 30 g"],"general_information":["Denominación del alimento: Mixto vegetal. Patata, zanahoria, remolacha fritas","País de origen: España","Nombre del operador: Soria Natural S.A.","Dirección del operador: Poligono La Sacea,s/n -42162 Garray (Soria)","Lugar de procedencia del alimento: España","Cantidad Neta: 30 g","Otras menciones obligatorias en la etiqueta: Envasado en atmósfera protectora"],"ingredients":[" Patatas* fritas (47%)(patatas*, aceite de oliva* virgen y sal), zanahoria* frita (43%)(zanahoria*, aceite de oliva* virgen y sal), remolacha* roja frita(14%)(remolacha* roja, aceite de oliva* virgen y sal).*Procedente de Agricultura Ecológica."],"conservation":" Manténgase en lugar seco y fresco","ean":"8422947800338"},{"full_name":"GREFUSA 2 bolsas Gublins barbacoa + 1 bolsa Papa Delta Original envase 305 g","name":"2 bolsas Gublins barbacoa + 1 bolsa Papa Delta Original envase 305 g","brand":"GREFUSA ","img":"https://sgfm.elcorteingles.es/SGFM//00/48/4/0120948400484/0120948400484000g01011.jpg","price":"2,00 €","price_unit":"(6,56 € / Kilo)","categories":["Supermercado","Alimentación General","Aperitivos y frutos secos","Aperitivos diversos y snacks","GREFUSA 2 bolsas Gublins barbacoa + 1 bolsa Papa Delta Original envase 305 g"],"general_information":["Denominación del alimento: Producto de aperitivo frito con sabor a barbacoa // producto de aperitivo frito con sabor a jamón","Nombre del operador: Grefusa S.L","Dirección del operador: Avda de la Llibertat d'Ensenyança nº 20. 46600 Alzira (Valencia)","Cantidad Neta: 305 g","Número de raciones por envase: 7","Otras menciones obligatorias en la etiqueta: Envasado en atmosfera protectora"],"ingredients":[" Sémola de maíz ( 62%), aceite de girasol (20%), sémola de maiz integral (5%), sal, harina de maíz, aromas, potenciador del sabor: glutamato de monosodio, levadura inactiva, fécula de patata, dextrosa, proteínas de SOJA y maíz hidrolizadas, aroma de humo, acidulante: ácido cítrico y extracto de especias.. Puede contener : LECHE, TRIGO, FRUTOS DE CÁSCARA, CACAHUETES y SOJA // Fécula de patata, aceite de girasol, patata deshidratada, harina de maíz, almidón modificado, sal, aceite de oliva, aroma,  potenciador del sabor: glutamato de monosodio, acidulante: ácido cítrico, aroma de humo. Puede contener: LECHE, TRIGO, FRUTOS DE CÁSCARA, CACAHUETE y SOJA"],"conservation":" Conservar en lugar fresco y seco.","ean":"8413164006481"},{"full_name":"GREFUSA MISTER CORN MIX 5 coctel de frutos secos y snacks bolsa 300 g","name":"MIX 5 coctel de frutos secos y snacks bolsa 300 g","brand":"GREFUSA MISTER CORN ","img":"https://sgfm.elcorteingles.es/SGFM/00/96/8/0120977800968/0120977800968000g01011.jpg","price":"2,00 €","price_unit":"(6,67 € / Kilo)","categories":["Supermercado","Alimentación General","Aperitivos y frutos secos","Aperitivos diversos y snacks","GREFUSA MISTER CORN MIX 5 coctel de frutos secos y snacks bolsa 300 g"],"general_information":["Denominación del alimento: Cocktail de frutos secos y productos de aperitivos con sabor a barbacoa.","País de origen: España","Nombre del operador: GREFUSA S.L.","Dirección del operador: Av. de la Llibertat d'ensenyança nº 20 46600-Alzira (VALENCIA)","Cantidad Neta: 300 g"],"ingredients":[" maíz (29%), CACAHUETE (25%), aceite de girasol (10%), garbanzo (8%), sémola de maíz (7%), pasas (5%), sal, azúcar, aroma, harina de arroz (0,3%), harina de TRIGO, potenciadores del sabor(glutamato de monosodio, 5'ribonucleotidos de disodio), aroma de humo, levadura inactiva. Puede contener FRUTOS DE CÁSCARA, LECHE, SOJA."],"conservation":" CONSERVAR EN LUGAR FRESCO Y SECO.Una vez abierto el envase, conservarlo cerrado y consumir el producto preferentemente en el plazo de una semana.","ean":"8413164009123"},{"full_name":"GREFUSA MISTER CORN MIX 5 Snack Attacttion coctel de frutos secos y snacks bolsa 115 g","name":"MIX 5 Snack Attacttion coctel de frutos secos y snacks bolsa 115 g","brand":"GREFUSA MISTER CORN ","img":"https://sgfm.elcorteingles.es/SGFM/dctm/MEDIA03/201606/22/00120977801297____1__600x600.jpg","price":"1,13 €","categories":["Supermercado","Alimentación General","Aperitivos y frutos secos","Aperitivos diversos y snacks","GREFUSA MISTER CORN MIX 5 Snack Attacttion coctel de frutos secos y snacks bolsa 115 g"],"general_information":["Denominación del alimento: Surtido de maíz, cacahuete y productos de aperitivos fritos con sabor a barbacoa picante","Nombre del operador: Grefusa S.L","Dirección del operador: Avda de la Llibertat d'Ensenyança nº 20. 46600 Alzira (Valencia)","Cantidad Neta: 115 g","Número de raciones por envase: 4","Otras menciones obligatorias en la etiqueta: Envasado en atmosfera protectora"],"ingredients":[" Maiz frito con sabor a barbacoa (35%): maíz (75%), aceite de girasol (20%), sal, aromas, harina de arroz (0,8%), harina de TRIGO, potenciadores del sabor: glutamato de monosodio y 5'ribonucleotidos de disodio, aroma de humo y levadura inactiva. Cacahuete frito con sal (20%): CACAHUETE (90%), aceite de girasol (6%), sal. Producto de aperitivo frito con sabor a barbacoa picante (20%): sémola de maíz (65%), aceite de girasol (25%), sal, potenciador del sabor: glutamato de monosodio, azúcar, cebolla en polvo, tomate en polvo, ajo en polvo, aromas, especias, corrector de acidez: acetatos de sodio, aroma de humo, colorante: extracto de pimentón. Maíz frito XL con sabor a queso (15%): maíz( 75%), aceite de girasol (16%), sal, suero de LECHE, QUESO en polvo, azúcar, potenciador del sabor: glutamato de monosodio, LECHE en polvo,  cebolla y ajo deshidratados, aromas, colorante: extracto de pimentón, acidulante: acido cítrico. Producto de aperitivo frito con sabor a barbacoa picante (10%): harina de maíz (45%), aceite de girasol (15%), almidón de patata, patata deshidratada, sal, fibra de patata, aceite de oliva (0,8%), potenciador del sabor: glutamato de monosodio, azúcar, cebolla en polvo, tomate en polvo, ajo en polvo, aromas, especias, corrector de acidez: acetatos de sodio, aroma de humo, colorante: extracto de pimentón. Puede contener: FRUTOS DE CÁSCARA Y SOJA"],"conservation":" Conservar en lugar fresco y seco.","ean":"8413164011232"},{"full_name":"GREFUSA Gublins snacks de maíz bolsa 120 g","name":"Gublins snacks de maíz bolsa 120 g","brand":"GREFUSA ","img":"https://sgfm.elcorteingles.es/SGFM//00/54/4/0120952900544/0120952900544000g01011.jpg","price":"1,13 €","price_unit":"(9,42 € / Kilo)","categories":["Supermercado","Alimentación General","Aperitivos y frutos secos","Aperitivos diversos y snacks","GREFUSA Gublins snacks de maíz bolsa 120 g"],"general_information":["Denominación del alimento: Producto de aperitivo frito con sabor a barbacoa","País de origen: España","Nombre del operador: GREFUSA S.L.","Dirección del operador: Av. de la Llibertat d'ensenyança nº 20 46600-Alzira (VALENCIA)","Cantidad Neta: 120 g"],"ingredients":[" sémola de maíz (62%), aceite de girasol (20%), sémola de maíz integral (5%), sal, harina de maíz, aromas, potenciador del sabor(glutamato de monosodio), levadura inactiva, fécula de patata, dextrosa, agente de recubrimiento: proteina de SOJA hidrolizada, proteína de maíz hidrolizada, aroma de humo, acidulante(ácido cítrico). extracto de especias. Puede contener CACAHUETE, FRUTOS DE CÁSCARA, LECHE, TRIGO, habas de SOJA."],"conservation":" CONSERVAR EN LUGAR FRESCO Y SECO.Una vez abierto el envase, conservarlo cerrado y consumir el producto preferentemente en el plazo de una semana.","ean":"8413164001844"},{"full_name":"GREFUSA MISTER CORN Sabores de Arizona misterchips de maíz sabor salsa rodeo grill bolsa 90 g","name":"Sabores de Arizona misterchips de maíz sabor salsa rodeo grill bolsa 90 g","brand":"GREFUSA MISTER CORN ","img":"https://sgfm.elcorteingles.es/SGFM/dctm/MEDIA03/201702/27/00120952901526____1__600x600.jpg","price":"1,17 €","price_unit":"(13 € / Kilo)","categories":["Supermercado","Alimentación General","Aperitivos y frutos secos","Aperitivos diversos y snacks","GREFUSA MISTER CORN Sabores de Arizona misterchips de maíz sabor salsa rodeo grill bolsa 90 g"],"general_information":["Denominación del alimento: Producto de aperitivo frito con sabor a barbacoa","País de origen: España","Nombre del operador: GREFUSA S.L.","Dirección del operador: Av. de la Llibertat d'ensenyança nº 20 46600-Alzira (VALENCIA)","Cantidad Neta: 90 g"],"ingredients":[" harina de maíz (68%), aceite de girasol (20%), azúcar, maltodextrina, sal, aromas, especias, corrector de acidez(acetatos de sodio), colorantes(extracto de pimentón, carmines), acidulante(ácido cítrico), aromas de humo. Puede contener CACAHUETE, FRUTOS DE CÁSCARA, SOJA, TRIGO."],"conservation":" CONSERVAR EN LUGAR FRESCO Y SECO.Una vez abierto el envase, conservarlo cerrado y consumir el producto preferentemente en el plazo de una semana.","ean":"8413164011713"},{"full_name":"GREFUSA MISTER CORN Sabores de la Toscana misterchips de maíz sabor queso al horno bolsa 90 g","name":"Sabores de la Toscana misterchips de maíz sabor queso al horno bolsa 90 g","brand":"GREFUSA MISTER CORN ","img":"https://sgfm.elcorteingles.es/SGFM/dctm/MEDIA03/201702/27/00120952901518____1__600x600.jpg","price":"1,11 €","price_unit":"(12,33 € / Kilo)","categories":["Supermercado","Alimentación General","Aperitivos y frutos secos","Aperitivos diversos y snacks","GREFUSA MISTER CORN Sabores de la Toscana misterchips de maíz sabor queso al horno bolsa 90 g"],"general_information":["Denominación del alimento: Producto de aperitivo frito con sabor a verduras especiadas","País de origen: España","Nombre del operador: GREFUSA S.L.","Dirección del operador: Av. de la Llibertat d'ensenyança nº 20 46600-Alzira (VALENCIA)","Cantidad Neta: 90 g"],"ingredients":[" harina de maíz (68%), aceite de girasol (20%), sal, LACTOSA, aromas (LECHE), azúcar, QUESO en polvo (0,3%), potenciadores del sabor(glutamato de monosodio, guanilato disódico, inosinato disódico), maltodextrina, especias (0,2%), colorante(extracto de pimentón), corrector de acidez(citratos de sodio), acidulante(ácido cítrico), aromas de humo. Puede contener CACAHUETE, FRUTOS DE CÁSCARA, LECHE, SOJA, TRIGO."],"conservation":" CONSERVAR EN LUGAR FRESCO Y SECO.Una vez abierto el envase, conservarlo cerrado y consumir el producto preferentemente en el plazo de una semana.","ean":"8413164011706"},{"full_name":"GREFUSA Grefutubo snacks de maíz envase 105 g","name":"Grefutubo snacks de maíz envase 105 g","brand":"GREFUSA ","img":"https://sgfm.elcorteingles.es/SGFM//02/86/2/0200451802862/0200451802862000g01011.jpg","price":"1,00 €","price_unit":"(9,52 € / Kilo)","categories":["Supermercado","Alimentación General","Aperitivos y frutos secos","Aperitivos diversos y snacks","GREFUSA Grefutubo snacks de maíz envase 105 g"],"general_information":["Denominación del alimento: Producto de aperitivo horneado con sabor a mantequilla","País de origen: España","Nombre del operador: GREFUSA S.L.","Dirección del operador: Av. de la Llibertat d'ensenyança nº 20 46600-Alzira (VALENCIA)","Cantidad Neta: 105 g"],"ingredients":[" cereales 80%(sémola de maíz), aceite de girasol (11%), suero de LECHE, sal, potenciador del sabor(glutamato de monosodio), aroma (LECHE). Puede contener CACAHUETE, FRUTOS DE CÁSCARA, SOJA."],"conservation":" CONSERVAR EN LUGAR FRESCO Y SECO.","ean":"8413164009079"},{"full_name":"GREFUSA Papadelta snack triángulos de patata bolsa 65 g","name":"Papadelta snack triángulos de patata bolsa 65 g","brand":"GREFUSA ","img":"https://sgfm.elcorteingles.es/SGFM//00/63/2/0200452900632/0200452900632000g01011.jpg","price":"1,06 €","price_unit":"(16,31 € / Kilo)","categories":["Supermercado","Alimentación General","Aperitivos y frutos secos","Aperitivos diversos y snacks","GREFUSA Papadelta snack triángulos de patata bolsa 65 g"],"general_information":["Denominación del alimento: Producto de aperitivo frito con sabor a jamón","País de origen: España","Nombre del operador: GREFUSA S.L.","Dirección del operador: Av. de la Llibertat d'ensenyança nº 20 46600-Alzira (VALENCIA)","Cantidad Neta: 65 g"],"ingredients":[" fécula de patata, patata deshidratada, aceite de girasol (15%), harina de maíz (10%), almidón de patata, fibra de patata, sal, aceite de oliva (0,5%), aroma, potenciador del sabor(glutamato de monosodio), acidulante(ácido cítrico), aroma de humo. Puede contener CACAHUETE, FRUTOS DE CÁSCARA, LECHE, SOJA, TRIGO."],"conservation":" CONSERVAR EN LUGAR FRESCO Y SECO.Una vez abierto el envase, conservarlo cerrado y consumir el producto preferentemente en el plazo de una semana.","ean":"8413164002483"},{"full_name":"GREFUSA Snatt's NatuChips Barbacoa a base de cereales, patata y soja 100% ingredientes generales envase 85 g","name":"Snatt's NatuChips Barbacoa a base de cereales, patata y soja 100% ingredientes generales envase 85 g","brand":"GREFUSA ","img":"https://sgfm.elcorteingles.es/SGFM/dctm/MEDIA02/CONTENIDOS/201409/01/00120951802568____1__600x600.jpg","price":"1,41 €            ","price_unit":"(14 € / Kilo)","categories":["Supermercado","Alimentación General","Aperitivos y frutos secos","Aperitivos diversos y snacks","GREFUSA Snatt's NatuChips Barbacoa a base de cereales, patata y soja 100% ingredientes generales envase 85 g"],"general_information":["Denominación del alimento: Producto de aperitivo horneado con sabor a barbacoa.","País de origen: España","Nombre del operador: GREFUSA S.L.","Dirección del operador: Av. de la Llibertat d'ensenyança nº 20 46600-Alzira (VALENCIA)","Cantidad Neta: 85 g"],"ingredients":[" harina de maíz (42%), almidón de patata (13%), patata deshidratada (13%), aceite de girasol (12%), habas de SOJA (3%), azúcar, sal, aromas, fibra de patata, aceite de oliva (0,5%), tomate en polvo, cebolla en polvo (0,2%), ajo en polvo (0,1%), pimiento en polvo (0,1%), corrector de acidez(acetatos de sodio), acidulante(ácido cítrico), especias, colorante(extracto de pimentón), aroma de humo. Puede contener LECHE."],"conservation":" CONSERVAR EN LUGAR FRESCO Y SECO.Una vez abierto el envase, conservarlo cerrado y consumir el producto preferentemente en el plazo de una semana.","ean":"8413164008706"},{"full_name":"GREFUSA Snatt's NatuChips tomate, queso y orégano a base de cereales, patata y soja 100% naturales envase 85 g","name":"Snatt's NatuChips tomate, queso y orégano a base de cereales, patata y soja 100% naturales envase 85 g","brand":"GREFUSA ","img":"https://sgfm.elcorteingles.es/SGFM/02/57/6/0120951802576/0120951802576000g01011.jpg","price":"1,41 €            ","price_unit":"(14 € / Kilo)","categories":["Supermercado","Alimentación General","Aperitivos y frutos secos","Aperitivos diversos y snacks","GREFUSA Snatt's NatuChips tomate, queso y orégano a base de cereales, patata y soja 100% naturales envase 85 g"],"general_information":["Denominación del alimento: Producto de aperitivo horneado con sabor a tomate, queso y orégano.","País de origen: España","Nombre del operador: GREFUSA S.L.","Dirección del operador: Av. de la Llibertat d'ensenyança nº 20 46600-Alzira (VALENCIA)","Cantidad Neta: 85 g"],"ingredients":[" harina de maíz (42%), almidón de patata (13%), patata deshidratada (13%), aceite de girasol (12%), habas de SOJA (3%), sal, azúcar, suero de LECHE, QUESO en polvo (1%), fibra de patata, tomate en polvo (0,8%), aceite de oliva (0,5%), plantas aromáticas, orégano en polvo (0,1%), ajo en polvo, extracto de levadura, MANTEQUILLA en polvo, aromas, especias, colorante(extracto de pimentón), acidulante(ácido cítrico), extracto de plantas aromáticas."],"conservation":" CONSERVAR EN LUGAR FRESCO Y SECO.Una vez abierto el envase, conservarlo cerrado y consumir el producto preferentemente en el plazo de una semana.","ean":"8413164008713"},{"full_name":"GREFUSA Snatt's NatuChips crema fresca y cebollino envase 85 g","name":"Snatt's NatuChips crema fresca y cebollino envase 85 g","brand":"GREFUSA ","img":"https://sgfm.elcorteingles.es/SGFM/dctm/MEDIA03/201609/16/00120951803228____6__600x600.jpg","price":"1,41 €            ","price_unit":"(14 € / Kilo)","categories":["Supermercado","Alimentación General","Aperitivos y frutos secos","Aperitivos diversos y snacks","GREFUSA Snatt's NatuChips crema fresca y cebollino envase 85 g"],"general_information":[],"ingredients":[],"ean":"8413164011003"},{"full_name":"GREFUSA Snatt's NatuChips chili suave envase 85 g","name":"Snatt's NatuChips chili suave envase 85 g","brand":"GREFUSA ","img":"https://sgfm.elcorteingles.es/SGFM/dctm/MEDIA03/201609/16/00120951803368____6__600x600.jpg","price":"1,41 €            ","price_unit":"(14 € / Kilo)","categories":["Supermercado","Alimentación General","Aperitivos y frutos secos","Aperitivos diversos y snacks","GREFUSA Snatt's NatuChips chili suave envase 85 g"],"general_information":["Denominación del alimento: Producto de aperitivo horneado con sabor a chili dulce","País de origen: España","Nombre del operador: GREFUSA S.L.","Dirección del operador: Av. de la Llibertat d'ensenyança nº 20 46600-Alzira (VALENCIA)","Cantidad Neta: 85 g"],"ingredients":[" harina de maíz (42%), almidón de patata (13%), patata deshidratada (13%), aceite de girasol (12%), habas de SOJA (3%), sal, azúcar, especias, cebolla en polvo, fibra de patata, pimiento rojo en polvo (0,6%), aceite de oliva (0,5%), chile en polvo (0,3%), extracto de levadura, ajo en polvo, extracto de especias, acidulante(ácido cítrico). Puede contener LECHE."],"conservation":" CONSERVAR EN LUGAR FRESCO Y SECO.Una vez abierto el envase, conservarlo cerrado y consumir el producto preferentemente en el plazo de una semana.","ean":"8413164011454"},{"full_name":"GREFUSA Snatt's NatuChips Hummus Snack albahaca y perejil envase 110 g","name":"Snatt's NatuChips Hummus Snack albahaca y perejil envase 110 g","brand":"GREFUSA ","img":"https://sgfm.elcorteingles.es/SGFM/dctm/MEDIA03/201705/30/00120951803418____6__600x600.jpg","price":"1,42 €","price_unit":"(12,91 € / Kilo)","categories":["Supermercado","Alimentación General","Aperitivos y frutos secos","Aperitivos diversos y snacks","GREFUSA Snatt's NatuChips Hummus Snack albahaca y perejil envase 110 g"],"general_information":["Denominación del alimento: Producto de aperitivo horneado con sabor a albahaca y perejil","País de origen: España","Nombre del operador: GREFUSA S.L.","Dirección del operador: Av. de la Llibertat d'ensenyança nº 20 46600-Alzira (VALENCIA)","Cantidad Neta: 110 g"],"ingredients":[" harina de arroz (39%), harina integral de garbanzo (26%), aceite de girasol (15%), sal, azúcar, dextrosa, aromas, cebolla en polvo (0,5%), albahaca deshidratada (0,2%), ajo en polvo, perejil deshidratado (0,15%), ácido cítrico, pimienta negra. Puede contener CACAHUETE, FRUTOS DE CÁSCARA, LECHE, SOJA."],"conservation":" CONSERVAR EN LUGAR FRESCO Y SECO.","ean":"8413164011843"},{"full_name":"GREFUSA Snatt's NatuChips Guisante Snack queso y eneldo envase 95 g","name":"Snatt's NatuChips Guisante Snack queso y eneldo envase 95 g","brand":"GREFUSA ","img":"https://sgfm.elcorteingles.es/SGFM/dctm/MEDIA03/201705/30/00120951803426____6__600x600.jpg","price":"1,45 €","price_unit":"(15,26 € / Kilo)","categories":["Supermercado","Alimentación General","Aperitivos y frutos secos","Aperitivos diversos y snacks","GREFUSA Snatt's NatuChips Guisante Snack queso y eneldo envase 95 g"],"general_information":["Denominación del alimento: Producto de aperitivo horneado con sabor a queso y eneldo","País de origen: España","Nombre del operador: GREFUSA S.L.","Dirección del operador: Av. de la Llibertat d'ensenyança nº 20 46600-Alzira (VALENCIA)","Cantidad Neta: 95 g"],"ingredients":[" sémola de arroz (35%), harina integral de guisante (35%), aceite de girasol (16%), azúcar, sal, aromas, suero de LECHE en polvo, QUESO en polvo (0,3%), jarabe de glucosa, eneldo deshidratado (0,1%). Puede contener CACAHUETE, FRUTOS DE CÁSCARA, SOJA."],"conservation":" CONSERVAR EN LUGAR FRESCO Y SECO.","ean":"8413164011959"},{"full_name":"RISI Mios! chips de maíz y cebolla con sal marina Sin Gluten bolsa 150 g","name":"Mios! chips de maíz y cebolla con sal marina Sin Gluten bolsa 150 g","brand":"RISI ","img":"https://sgfm.elcorteingles.es/SGFM/dctm/MEDIA03/201710/10/00120951803509____1__600x600.jpg","price":"1,38 €","price_unit":"(9,20 € / Kilo)","categories":["Supermercado","Alimentación General","Aperitivos y frutos secos","Aperitivos diversos y snacks","RISI Mios! chips de maíz y cebolla con sal marina Sin Gluten bolsa 150 g"],"general_information":["Denominación del alimento: Aperitivo de maíz frito con cebolla y sabor a vinagre balsámico","Nombre del operador: Risi, S.A.","Dirección del operador: C/ Severo Ochoa 2. 28814 Daganzo de Arriba (Madrid)","Cantidad Neta: 150 g"],"ingredients":[" Maíz (65%), aceite de girasol alto oleico (26.5%), cebolla deshidratada (4%), aroma de  vinagre balsámico de Módena (0.01%) y cebolla"],"conservation":" Almacenar en lugar fresco y seco y aislado del suelo","ean":"8411859553647"},{"full_name":"RISI Mios! chips de maíz y chia con sal marina Sin Gluten bolsa 150 g","name":"Mios! chips de maíz y chia con sal marina Sin Gluten bolsa 150 g","brand":"RISI ","img":"https://sgfm.elcorteingles.es/SGFM/dctm/MEDIA03/201710/10/00120951803491____1__600x600.jpg","price":"1,38 €","price_unit":"(9,20 € / Kilo)","categories":["Supermercado","Alimentación General","Aperitivos y frutos secos","Aperitivos diversos y snacks","RISI Mios! chips de maíz y chia con sal marina Sin Gluten bolsa 150 g"],"general_information":["Denominación del alimento: Aperitivo de maíz frito con semillas de chía y sal marina","Nombre del operador: Risi, S.A.","Dirección del operador: C/ Severo Ochoa 2. 28814 Daganzo de Arriba (Madrid)","Cantidad Neta: 150 g"],"ingredients":[" Maíz (70%), aceite de girasol alto oleico (24%), semillas de chía (3%) y sal marina"],"conservation":" Almacenar en lugar fresco y seco y aislado del suelo","ean":"8411859553623"},{"full_name":"RISI Risketos snack Sin Gluten bolsa 120 g","name":"Risketos snack Sin Gluten bolsa 120 g","brand":"RISI ","img":"https://sgfm.elcorteingles.es/SGFM/dctm/MEDIA03/201611/18/00120952901070____1__600x600.jpg","price":"1,06 €","price_unit":"(8,83 € / Kilo)","categories":["Supermercado","Alimentación General","Aperitivos y frutos secos","Aperitivos diversos y snacks","RISI Risketos snack Sin Gluten bolsa 120 g"],"general_information":["Denominación del alimento: Producto de aperitivo frito con sabor a queso","Nombre del operador: Risi, S.A.","Dirección del operador: C/ Severo Ochoa 2. 28814 Daganzo de Arriba (Madrid)","Cantidad Neta: 120 g"],"ingredients":[" Sémola de maíz, grasa de palma, aroma de queso [suero de leche en polvo, maltodextrina, sustancias aromatizantes y potenciador del sabor (E-621)], sal, colorante (extracto de pimentón) y emulgente (E-471)."],"conservation":" Almacenar en lugar fresco y seco y aislado del suelo","ean":"8411859553081"},{"full_name":"RISI Triskys BBQ snack sabor Sin Gluten bolsa 115 g","name":"Triskys BBQ snack sabor Sin Gluten bolsa 115 g","brand":"RISI ","img":"https://sgfm.elcorteingles.es/SGFM/dctm/MEDIA03/201703/24/00200452901754____11__600x600.jpg","price":"1,06 €","price_unit":"(9,22 € / Kilo)","categories":["Supermercado","Alimentación General","Aperitivos y frutos secos","Aperitivos diversos y snacks","RISI Triskys BBQ snack sabor Sin Gluten bolsa 115 g"],"general_information":["Denominación del alimento: Producto de aperitivo frito con sabor a salsa barbacoa con azúcar y edulcorante.","Nombre del operador: Risi, S.A.","Dirección del operador: C/ Severo Ochoa 2. 28814 Daganzo de Arriba (Madrid)","Cantidad Neta: 130 g"],"ingredients":[" Sémola de maíz, grasa de palma, almidón de maíz, sal, aroma de salsa barbacoa [sustancias aromatizantes, azúcar, maltodextrina, especias, potenciador del sabor (E-621), colorante (extracto de pimentón) y edulcorante (E-954)] gasificante (bicarbonato sódico), emulgente (E-471), acidulante (ácido cítrico) y corrector de acidez (E-526). Puede contener proteína de leche"],"conservation":" Almacenar en lugar fresco y seco y aislado del suelo","ean":"8411859553449"},{"full_name":"RISI Triskys snack Sin Gluten bolsa 115 g","name":"Triskys snack Sin Gluten bolsa 115 g","brand":"RISI ","img":"https://sgfm.elcorteingles.es/SGFM/dctm/MEDIA03/201611/18/00120952901088____1__600x600.jpg","price":"1,06 €","price_unit":"(9,22 € / Kilo)","categories":["Supermercado","Alimentación General","Aperitivos y frutos secos","Aperitivos diversos y snacks","RISI Triskys snack Sin Gluten bolsa 115 g"],"general_information":["Denominación del alimento: Producto de aperitivo frito","Nombre del operador: Risi, S.A.","Dirección del operador: C/ Severo Ochoa 2. 28814 Daganzo de Arriba (Madrid)","Cantidad Neta: 115 g"],"ingredients":[" Sémola de maíz, grasa de palma, almidón de maíz, sal, gasificante (bicarbonato sódico), emulgente (E-471), acidulante (ácido cítrico) y corrector de acidez (E-526). Puede contener proteína de leche."],"conservation":" Almacenar en lugar fresco y seco y aislado del suelo","ean":"8411859553074"},{"full_name":"RISI palomitas sabor ketchup y mostaza Sin Gluten bolsa 90 g","name":"palomitas sabor ketchup y mostaza Sin Gluten bolsa 90 g","brand":"RISI ","img":"https://sgfm.elcorteingles.es/SGFM/dctm/MEDIA03/201611/18/00120974000778____1__600x600.jpg","price":"1,06 €","price_unit":"(11,78 € / Kilo)","categories":["Supermercado","Alimentación General","Aperitivos y frutos secos","Aperitivos diversos y snacks","RISI palomitas sabor ketchup y mostaza Sin Gluten bolsa 90 g"],"general_information":["Denominación del alimento: Producto de aperitivo horneado con sabor a ketchup y mostaza con azúcar y edulcorante","Nombre del operador: Risi, S.A.","Dirección del operador: C/ Severo Ochoa 2. 28814 Daganzo de Arriba (Madrid)","Cantidad Neta: 90 g","Otras menciones obligatorias en la etiqueta: *Contiene aspartamo (una fuente de fenilalanina)"],"ingredients":[" Sémola de maíz, aceite de girasol (17.1%), aroma de Ketchup-Mostaza [sustancias aromatizantes, maltodextrina, azúcar, dextrosa, potenciadores del sabor (E-621 y E-635), mostaza, colorantes (extracto de pimentón y E-100), acidulante (ácido cítrico), miel  y edulcorante (E-951)*] y sal. Puede contener proteína de leche."],"conservation":" Almacenar en lugar fresco y seco y aislado del suelo","ean":"8411859553265"},{"full_name":"RISI Gusanitos Sin Gluten, sin conservantes y sin colorantes bolsa 85 g","name":"Gusanitos Sin Gluten, sin conservantes y sin colorantes bolsa 85 g","brand":"RISI ","img":"https://sgfm.elcorteingles.es/SGFM/dctm/MEDIA03/201611/18/00120952901096____1__600x600.jpg","price":"1,06 €","price_unit":"(12,47 € / Kilo)","categories":["Supermercado","Alimentación General","Aperitivos y frutos secos","Aperitivos diversos y snacks","RISI Gusanitos Sin Gluten, sin conservantes y sin colorantes bolsa 85 g"],"general_information":["Denominación del alimento: Producto de aperitivo horneado","Nombre del operador: Risi, S.A.","Dirección del operador: C/ Severo Ochoa 2. 28814 Daganzo de Arriba (Madrid)","Cantidad Neta: 85 g"],"ingredients":[" Sémola de maíz, aceite de girasol (17.4%),  sal  y  potenciador del sabor (E-621). Puede contener proteína de leche."],"conservation":" Almacenar en lugar fresco y seco y aislado del suelo","ean":"8411859553180"},{"full_name":"FATIMA cóctel de snacks bolsa 100 g","name":"cóctel de snacks bolsa 100 g","brand":"FATIMA ","img":"https://sgfm.elcorteingles.es/SGFM/dctm/MEDIA02/CONTENIDOS/201409/27/00120952900825____1__600x600.jpg","price":"0,89 €","price_unit":"(8,90 € / Kilo)","categories":["Supermercado","Alimentación General","Aperitivos y frutos secos","Aperitivos diversos y snacks","FATIMA cóctel de snacks bolsa 100 g"],"general_information":["Denominación del alimento: Cocktail.","Nombre del operador: Patatas Fritas Fátima S.L.U.","Dirección del operador: C/ José Mendez 31, Polígono Los Villares (37184 Salamanca).","Lugar de procedencia del alimento: Artesanos Castilla y León (EEA/SA0314).","Cantidad Neta: 100,0 g"],"ingredients":[" Harina de cereales (trigo, maíz, centeno), fecula de patata, harina de patata, almidón de maíz, semola de maíz, sal, aceite de girasol, cebolla en polvo, gasificante (E500i), potenciador del sabor (E621, E631, E627), suéro lácteo en polvo, lecitina de soja, colorantes autorizados (E110 y E102) y azúcar. Puede contener trazas de frutos secos. Contiene gluten."],"conservation":" Proteger de la humedad, calor, olores y protegido de la luz. Conservar en lugar fresco y seco. Una vez abierto mantener el envase cerrado en las mismas condiciones anteriores.","ean":"8414235060036"},{"full_name":"FATIMA cortezas snack de trigo bolsa 100 g","name":"cortezas snack de trigo bolsa 100 g","brand":"FATIMA ","img":"https://sgfm.elcorteingles.es/SGFM/dctm/MEDIA02/CONTENIDOS/201410/22/00120951801784____1__600x600.jpg","price":"1,00 €","price_unit":"(10 € / Kilo)","categories":["Supermercado","Alimentación General","Aperitivos y frutos secos","Aperitivos diversos y snacks","FATIMA cortezas snack de trigo bolsa 100 g"],"general_information":["Denominación del alimento: Cortezas de trigo.","Nombre del operador: Patatas Fritas Fátima S.L.U.","Dirección del operador: C/ José Mendez 31, Polígono Los Villares (37184 Salamanca).","Lugar de procedencia del alimento: Artesanos Castilla y León (EEA/SA0314).","Cantidad Neta: 100,0 g"],"ingredients":[" Harina de trigo, almidón, sal, aceite de girasol, gasificante (E500i), potenciador del sabor (E621). Puede contener trazas de frutos secos y gluten."],"conservation":" Proteger de la humedad, calor, olores y protegido de la luz. Conservar en lugar fresco y seco. Una vez abierto mantener el envase cerrado en las mismas condiciones anteriores.","ean":"8414235011502"},{"full_name":"FATIMA cortezas de cerdo bolsa 80 g","name":"cortezas de cerdo bolsa 80 g","brand":"FATIMA ","img":"https://sgfm.elcorteingles.es/SGFM/dctm/MEDIA02/CONTENIDOS/201409/23/00200451802953____1__600x600.jpg","price":"1,15 €","price_unit":"(14,38 € / Kilo)","categories":["Supermercado","Alimentación General","Aperitivos y frutos secos","Aperitivos diversos y snacks","FATIMA cortezas de cerdo bolsa 80 g"],"general_information":["Denominación del alimento: Cortezas de cerdo.","Nombre del operador: Patatas Fritas Fátima S.L.U.","Dirección del operador: C/ José Mendez 31, Polígono Los Villares (37184 Salamanca).","Lugar de procedencia del alimento: Artesanos Castilla y León (EEA/SA0314).","Cantidad Neta: 80 g"],"ingredients":[" Corteza de cerdo frita en su propia grasa, sal y antioxidante natural (E306). Puede contener trazas de frutos secos."],"conservation":" Proteger de la humedad, calor, olores y protegido de la luz. Conservar en lugar fresco y seco. Una vez abierto mantener el envase cerrado en las mismas condiciones anteriores.","ean":"8414235011007"},{"full_name":"SANTO REINO snack Bolas al queso bolsa 120 g","name":"snack Bolas al queso bolsa 120 g","brand":"SANTO REINO ","img":"https://sgfm.elcorteingles.es/SGFM//00/72/6/0120952900726/0120952900726000g01011.jpg","price":"0,85 €","price_unit":"(7,08 € / Kilo)","categories":["Supermercado","Alimentación General","Aperitivos y frutos secos","Aperitivos diversos y snacks","SANTO REINO snack Bolas al queso bolsa 120 g"],"general_information":["Denominación del alimento: Bolas de Queso","Nombre del operador: Patatas Fritas Santo Reino, S.L.","Dirección del operador: Calle Beatriz Nuñez 41, Jaén - 23009","Cantidad Neta: 110 g","Número de raciones por envase: 4"],"ingredients":[" Sémola de maíz, aceite de girasol y aroma de queso (suero deleche, sal, potenciadores de sabor (E-621 y E-635) y aromas)."],"conservation":" Conservese en lugar fresco y seco.","ean":"8425469200020"},{"full_name":"SANTO REINO snack barritas al kétchup bolsa 200 g","name":"snack barritas al kétchup bolsa 200 g","brand":"SANTO REINO ","img":"https://sgfm.elcorteingles.es/SGFM//00/73/4/0120952900734/0120952900734000g01011.jpg","price":"1,85 €","price_unit":"(9,25 € / Kilo)","categories":["Supermercado","Alimentación General","Aperitivos y frutos secos","Aperitivos diversos y snacks","SANTO REINO snack barritas al kétchup bolsa 200 g"],"general_information":["Denominación del alimento: Barritas al Ketchup","Nombre del operador: Patatas Fritas Santo Reino, S.L.","Dirección del operador: Calle Beatriz Nuñez 41, Jaén - 23009","Cantidad Neta: 180 g","Número de raciones por envase: 6"],"ingredients":[" Harina de patata, fécula de patata, aceite de oliva, aroma de sabor ketchup, dextrosa, sal, potenciadores de sabor (E-621 y E-160c), tomate en polvo, azúcar, cebolla en polvo, pimentón, antioxidante (E-300), colorantes (E-160b y E-160c) y estabilizante (E-414)."],"conservation":" Conservese en lugar fresco y seco.","ean":"8425469200129"},{"full_name":"SANTO REINO snack ruedas de patata bolsa 100 g","name":"snack ruedas de patata bolsa 100 g","brand":"SANTO REINO ","img":"https://sgfm.elcorteingles.es/SGFM//00/67/6/0120952900676/0120952900676000g01011.jpg","price":"0,90 €","price_unit":"(9 € / Kilo)","categories":["Supermercado","Alimentación General","Aperitivos y frutos secos","Aperitivos diversos y snacks","SANTO REINO snack ruedas de patata bolsa 100 g"],"general_information":["Denominación del alimento: Ruedas de Patata","Nombre del operador: Patatas Fritas Santo Reino, S.L.","Dirección del operador: Calle Beatriz Nuñez 41, Jaén - 23009","Cantidad Neta: 90 g","Número de raciones por envase: 3"],"ingredients":[" Fécula de patata, aceite de oliva, harina de centeno, harina de trigo, sal, potenciador del sabor (E-621) y cúrcuma."],"conservation":" Conservese en lugar fresco y seco.","ean":"8425469200174"},{"full_name":"SANTO REINO torreznos crujientes bolsa 100 g","name":"torreznos crujientes bolsa 100 g","brand":"SANTO REINO ","img":"https://sgfm.elcorteingles.es/SGFM/dctm/MEDIA02/CONTENIDOS/201511/05/00120951803137____1__600x600.jpg","price":"1,49 €","price_unit":"(14,90 € / Kilo)","categories":["Supermercado","Alimentación General","Aperitivos y frutos secos","Aperitivos diversos y snacks","SANTO REINO torreznos crujientes bolsa 100 g"],"general_information":["Denominación del alimento: Torreznitos Barbacoa","Nombre del operador: Patatas Fritas Santo Reino, S.L.","Dirección del operador: Calle Beatriz Nuñez 41, Jaén - 23009","Cantidad Neta: 100 g","Número de raciones por envase: 3"],"ingredients":[" Corteza con tocino frita en su misma grasa, sal, antioxidante (E-320) y potenciadores del sabor (E-621, E-631 y E-627)"],"conservation":" Conservese en lugar fresco y seco.","ean":"8425469700490"},{"full_name":"LORENZ Nic Nacs cacahuetes bolsa 125 g","name":"Nic Nacs cacahuetes bolsa 125 g","brand":"LORENZ ","img":"https://sgfm.elcorteingles.es/SGFM//00/71/1/0120952300711/0120952300711000g01011.jpg","price":"1,99 €","price_unit":"(15,92 € / Kilo)","categories":["Supermercado","Alimentación General","Aperitivos y frutos secos","Aperitivos diversos y snacks","LORENZ Nic Nacs cacahuetes bolsa 125 g"],"general_information":["Denominación del alimento: Cacahuetes recubiertos de sal.","Nombre del operador: Comercial Masoliver S.A.","Dirección del operador: Calle Puntia, 18 - 17857 Begudà (Girona) España","Lugar de procedencia del alimento: 276 - Alemania","Cantidad Neta: 125 g"],"ingredients":[" Cacahuetes (49%), almidón, aceite de palma (certificado sostenibilidad del aceite de palma), harina de trigo, azúcar, sal, grasa de palma parcialmente hidrogenada (certificado sostenibilidad del aceite de palma), maltodextrina, almidón modificado, suero lácteo en polvo, cebolla en polvo, queso en polvo, especias, aroma (contiene productos lácteos, trigo, centeno), aroma a humo, proteína de soja hidrogenada, levadura, gasificante: difosfatos, carbonato de sodio."],"conservation":" Mantener en lugar seco. Preservar del calor.","ean":"4017100759000"},{"full_name":"LORENZ Peppies snack sabor bacon bolsa 75 g","name":"Peppies snack sabor bacon bolsa 75 g","brand":"LORENZ ","img":"https://sgfm.elcorteingles.es/SGFM//00/87/4/0120952900874/0120952900874000g01011.jpg","price":"1,55 €","price_unit":"(20,67 € / Kilo)","categories":["Supermercado","Alimentación General","Aperitivos y frutos secos","Aperitivos diversos y snacks","LORENZ Peppies snack sabor bacon bolsa 75 g"],"general_information":["Denominación del alimento: Aperitivo de patata y trigo con sabor a bacon.","Nombre del operador: Comercial Masoliver S.A.","Dirección del operador: Calle Puntia, 18 - 17857 Begudà (Girona) España","Lugar de procedencia del alimento: 276 - Alemania","Cantidad Neta: 75 g"],"ingredients":[" Harina de trigo (31%), almidón de patata, aceite de palma, patata en polvo (11%), sal suero de leche en polvo, azúcar, bacon en polvo (cocido), saborizantes (contiene cebada, aroma de humo, levadura en polvo, colorantes. Contiene trigo, cebada y productos lácteos."],"conservation":" Almacene lejos de calor","ean":"4017100693908"},{"full_name":"LORENZ Monster Munch snacks original bolsa 75 g","name":"Monster Munch snacks original bolsa 75 g","brand":"LORENZ ","img":"https://sgfm.elcorteingles.es/SGFM//00/88/2/0120952900882/0120952900882000g01011.jpg","price":"1,64 €","price_unit":"(21,87 € / Kilo)","categories":["Supermercado","Alimentación General","Aperitivos y frutos secos","Aperitivos diversos y snacks","LORENZ Monster Munch snacks original bolsa 75 g"],"general_information":["Denominación del alimento: Aperitivo de patata aromatizada.","Nombre del operador: Comercial Masoliver S.A.","Dirección del operador: Calle Puntia, 18 - 17857 Begudà (Girona) España","Lugar de procedencia del alimento: 276 - Alemania","Cantidad Neta: 75 g"],"ingredients":[" Aceite de palma (certificado de sostenibilidad del aceite de palma), patata en polvo (21%), almidón de maíz, harina de trigo, almidón de patata, suero lácteo en polvo, azúcar, sal, queso en polvo, pimentón en polvo, saborizantes naturales, extracto de levadura en polvo, levadura, colorante: extracto de pimentón."],"conservation":" Mantener en lugar seco. Preservar del calor. Almacenar lejos del calor.","ean":"4018077632006"},{"full_name":"TAKIS rollitos de maíz sabor a lima picante Pack XXL bolsa 150 g","name":"rollitos de maíz sabor a lima picante Pack XXL bolsa 150 g","brand":"TAKIS ","img":"https://sgfm.elcorteingles.es/SGFM/dctm/MEDIA03/201604/28/00120951803319____1__600x600.jpg","price":"1,38 €","price_unit":"(9,20 € / Kilo)","categories":["Supermercado","Alimentación General","Aperitivos y frutos secos","Aperitivos diversos y snacks","TAKIS rollitos de maíz sabor a lima picante Pack XXL bolsa 150 g"],"general_information":["Denominación del alimento: PRODUCTO DE APERITIVO DE MAÍZ FRITO SABOR A CHILE Y LIMA","Nombre del operador: Bimbo, S.A.U.","Dirección del operador: avda. Prat de la Riba s/n 08401 Granollers (Barcelona-España/Espanha)","Cantidad Neta: 150 g","Otras menciones obligatorias en la etiqueta: Envasado en atmósfera protectora"],"ingredients":[" Harina de maíz, grasa vegetal (palma), condimento preparado sabor a chile y lima [maltodextrina de patata, sal azúcar, correctores de acidez (ácido cítrico, carbonatos de sodio, acetatos de sodio), potenciadores del sabor (glutamato de monosodio, 5'-ribonucleótidos de disodio), extracto de levadura, cebolla en polvo, aromas, colorante (extracto de pimentón), aceite vegetal (colza), acidulante (ácido tartárico [L(+)-]). Puede contener leche"],"conservation":" Mantener en lugar fresco y seco","ean":"8412600028636"},{"full_name":"TAKIS rollitos de maíz sabor a queso picante Pack XXL bolsa 150 g","name":"rollitos de maíz sabor a queso picante Pack XXL bolsa 150 g","brand":"TAKIS ","img":"https://sgfm.elcorteingles.es/SGFM/dctm/MEDIA03/201604/28/00120951803327____1__600x600.jpg","price":"1,49 €","price_unit":"(9,93 € / Kilo)","categories":["Supermercado","Alimentación General","Aperitivos y frutos secos","Aperitivos diversos y snacks","TAKIS rollitos de maíz sabor a queso picante Pack XXL bolsa 150 g"],"general_information":["Denominación del alimento: PRODUCTO DE APERITIVO DE MAÍZ FRITO SABOR QUESO Y CHILE","Nombre del operador: Bimbo, S.A.U.","Dirección del operador: avda. Prat de la Riba s/n 08401 Granollers (Barcelona-España/Espanha)","Cantidad Neta: 150 g","Otras menciones obligatorias en la etiqueta: Envasado en atmósfera protectora"],"ingredients":[" Harina de maíz, grasa vegetal (palma), condimento preparado sabor a queso y chile [almidón de maíz, sal, suero de leche en polvo, potenciadores del sabor (glutamato de monosodio, inosinato y guanilato disódico), aroma, queso en polvo (0,4%), correctores de acidez (acetatos de sódio, ácido cítrico), maltodextrina de patata y maíz, colorantes (extracto de pimentón, annato), antioxidantes (alfa-tocoferol, extracto rico en tocoferoles)]."],"conservation":" Mantener en lugar fresco y seco","ean":"8412600028643"},{"full_name":"CARNES OLESA snack de morro frito cubo 200 g","name":"snack de morro frito cubo 200 g","brand":"CARNES OLESA ","img":"https://sgfm.elcorteingles.es/SGFM/dctm/MEDIA02/CONTENIDOS/201410/02/00120951800638____1__600x600.jpg","price":"2,50 €","price_unit":"(12,50 € / Kilo)","categories":["Supermercado","Alimentación General","Aperitivos y frutos secos","Aperitivos diversos y snacks","CARNES OLESA snack de morro frito cubo 200 g"],"general_information":["Denominación del alimento: Morro frito","País de origen: España","Nombre del operador: CARNES OLESA, S.L.","Dirección del operador: Ctra. Abrera a Manresa, Km 4,5 08640 Olesa de Montserrat (Barcelona)","Lugar de procedencia del alimento: España"],"ingredients":[" Morro de cerdo, aceite vegetal, sal y antioxidantes (E-304 y E-310)."],"conservation":" Conservar en lugar fresco y seco.","ean":"8424811000066"},{"full_name":"007 snack Cukis al queso bolsa 95 g","name":"snack Cukis al queso bolsa 95 g","brand":"007 ","img":"https://sgfm.elcorteingles.es/SGFM//00/53/6/0120952900536/0120952900536000g01011.jpg","price":"1,00 €","price_unit":"(10,53 € / Kilo)","categories":["Supermercado","Alimentación General","Aperitivos y frutos secos","Aperitivos diversos y snacks","007 snack Cukis al queso bolsa 95 g"],"general_information":[],"ingredients":[],"ean":"8411221001042"},{"full_name":"007 Cocktail de snacks bolsa 65 g","name":"Cocktail de snacks bolsa 65 g","brand":"007 ","img":"https://sgfm.elcorteingles.es/SGFM//00/57/7/0120952900577/0120952900577000g01011.jpg","price":"1,00 €","price_unit":"(15,38 € / Kilo)","categories":["Supermercado","Alimentación General","Aperitivos y frutos secos","Aperitivos diversos y snacks","007 Cocktail de snacks bolsa 65 g"],"general_information":[],"ingredients":[],"ean":"8411221005453"},{"full_name":"007 Rodis snack ruedas de patata bolsa 55 g","name":"Rodis snack ruedas de patata bolsa 55 g","brand":"007 ","img":"https://sgfm.elcorteingles.es/SGFM//00/55/1/0120952900551/0120952900551000g01011.jpg","price":"0,85 €","price_unit":"(15,45 € / Kilo)","categories":["Supermercado","Alimentación General","Aperitivos y frutos secos","Aperitivos diversos y snacks","007 Rodis snack ruedas de patata bolsa 55 g"],"general_information":[],"ingredients":[],"ean":"8411221002049"},{"full_name":"TERRA Original chips de vegetales bolsa 00110 g","name":"Original chips de vegetales bolsa 00110 g","brand":"TERRA ","img":"https://sgfm.elcorteingles.es/SGFM/dctm/MEDIA03/201603/28/00120951803236____1__600x600.jpg","price":"3,75 €","price_unit":"(34,09 € / Kilo)","categories":["Supermercado","Alimentación General","Aperitivos y frutos secos","Aperitivos diversos y snacks","TERRA Original chips de vegetales bolsa 00110 g"],"general_information":["Denominación del alimento: Patatas fritas hechas de hortalizas exóticas","País de origen: Estados Unidos","Nombre del operador: Alimentación Varma, S.L.","Dirección del operador: C/ La granja, 15 - Pol. Industrial Alcobendas. 28108 Alcobendas (Madrid) - España","Cantidad Neta: 110 g"],"ingredients":[" Mezcla de tubérculos de tempora (las proporciones pueden varias: Taro, colorantes naturals: jugo de remolacha), batabas, yuca, patata dulce (patata dulce, colorantes naturales: jugo de remolcha, chirivía), aceite vegetal (aceite de canola y/o cartamo y/o girasol), sal."],"conservation":" Conservar en lugar fresco y seco.","ean":"0728229123590"},{"full_name":"TYRRELL'S verduras fritas (remolacha, nabo, zanahoria) ligeramente saladas bolsa 150 g","name":"verduras fritas (remolacha, nabo, zanahoria) ligeramente saladas bolsa 150 g","brand":"TYRRELL'S ","img":"https://sgfm.elcorteingles.es/SGFM//02/83/2/0120951802832/0120951802832000g01011.jpg","price":"3,88 €","price_unit":"(25,87 € / Kilo)","categories":["Supermercado","Alimentación General","Aperitivos y frutos secos","Aperitivos diversos y snacks","TYRRELL'S verduras fritas (remolacha, nabo, zanahoria) ligeramente saladas bolsa 150 g"],"general_information":[],"ingredients":[],"ean":"5060042640515"},{"full_name":"SNYDER'S OF HANOVER snacks salados de trocitos de pretzels con queso cheddar bolsa 125 g","name":"snacks salados de trocitos de pretzels con queso cheddar bolsa 125 g","brand":"SNYDER'S OF HANOVER ","img":"https://sgfm.elcorteingles.es/SGFM/dctm/MEDIA03/201607/27/00120953000310____2__600x600.jpg","price":"1,45 €","price_unit":"(11,60 € / Kilo)","categories":["Supermercado","Alimentación General","Aperitivos y frutos secos","Aperitivos diversos y snacks","SNYDER'S OF HANOVER snacks salados de trocitos de pretzels con queso cheddar bolsa 125 g"],"general_information":[],"ingredients":[],"ean":"0077975503485"},{"full_name":"SNYDER'S OF HANOVER snacks salados de trocitos de pretzels con sabor a mostaza con miel y cebolla bolsa 125 g","name":"snacks salados de trocitos de pretzels con sabor a mostaza con miel y cebolla bolsa 125 g","brand":"SNYDER'S OF HANOVER ","img":"https://sgfm.elcorteingles.es/SGFM/dctm/MEDIA03/201607/27/00120953000328____2__600x600.jpg","price":"1,45 €","price_unit":"(11,60 € / Kilo)","categories":["Supermercado","Alimentación General","Aperitivos y frutos secos","Aperitivos diversos y snacks","SNYDER'S OF HANOVER snacks salados de trocitos de pretzels con sabor a mostaza con miel y cebolla bolsa 125 g"],"general_information":[],"ingredients":[],"ean":"0077975022269"},{"full_name":"SNYDER'S OF HANOVER Pretzel crujiente sabor Original envase 85 g","name":"Pretzel crujiente sabor Original envase 85 g","brand":"SNYDER'S OF HANOVER ","img":"https://sgfm.elcorteingles.es/SGFM/dctm/MEDIA02/CONTENIDOS/201509/10/00120953000336____1__600x600.jpg","price":"2,79 €","price_unit":"(32,82 € / Kilo)","categories":["Supermercado","Alimentación General","Aperitivos y frutos secos","Aperitivos diversos y snacks","SNYDER'S OF HANOVER Pretzel crujiente sabor Original envase 85 g"],"general_information":[],"ingredients":[],"ean":"0049508004202"},{"full_name":"SNYDER'S OF HANOVER Pretzel crujiente sabor miel, mostaza y cebolla envase 85 g","name":"Pretzel crujiente sabor miel, mostaza y cebolla envase 85 g","brand":"SNYDER'S OF HANOVER ","img":"https://sgfm.elcorteingles.es/SGFM/dctm/MEDIA02/CONTENIDOS/201509/10/00120953000344____1__600x600.jpg","price":"2,79 €","price_unit":"(32,82 € / Kilo)","categories":["Supermercado","Alimentación General","Aperitivos y frutos secos","Aperitivos diversos y snacks","SNYDER'S OF HANOVER Pretzel crujiente sabor miel, mostaza y cebolla envase 85 g"],"general_information":[],"ingredients":[],"ean":"0049508004226"},{"full_name":"GARIJO BAIGORRI crujientes de vegetales con aceite de oliva bolsa 50 g","name":"crujientes de vegetales con aceite de oliva bolsa 50 g","brand":"GARIJO BAIGORRI ","img":"https://sgfm.elcorteingles.es/SGFM/02/64/2/0120951802642/0120951802642000g01011.jpg","price":"1,10 €","price_unit":"(22 € / Kilo)","categories":["Supermercado","Alimentación General","Aperitivos y frutos secos","Aperitivos diversos y snacks","GARIJO BAIGORRI crujientes de vegetales con aceite de oliva bolsa 50 g"],"general_information":["Denominación del alimento: Crujiente de vegetales","Nombre del operador: La Antigua León Artesanos, S.L.","Dirección del operador: C. Arquímedes 58. P.I. El Palomo, Fuenlabrada 28945 (Madrid)","Cantidad Neta: 50 g","Otras menciones obligatorias en la etiqueta: No contiene gluten."],"ingredients":[" 65% (Remolacha roja, zanahoria y yuca), aceite de oliva suave y sal."],"conservation":" Ambiente ","ean":"8437000957720"},{"full_name":"FRIT RAVICH cóctel de snacks sabor chilli picante envase 180 g","name":"cóctel de snacks sabor chilli picante envase 180 g","brand":"FRIT RAVICH ","img":"https://sgfm.elcorteingles.es/SGFM/dctm/MEDIA03/201706/30/00120977801321____6__600x600.jpg","price":"1,37 €","price_unit":"(7,61 € / Kilo)","categories":["Supermercado","Alimentación General","Aperitivos y frutos secos","Aperitivos diversos y snacks","FRIT RAVICH cóctel de snacks sabor chilli picante envase 180 g"],"general_information":["Denominación del alimento: Cóctel de maíz, productos de aperitivo y cacahuetes fritos con sabor a barbacoa y chile.","Nombre del operador: Frit Ravich, SL","Dirección del operador: Polígono Industrial Massanet s/n. 17412 Massanet de la Selva (Girona)","Cantidad Neta: 180 g"],"ingredients":[" Maíz y productos de aperitivo fritos con sabor a barbacoa [maíz, grasa vegetal de palma, sal, aroma (contiene leche), maltodextrina de maíz, potenciadores del sabor (E-621, E-627, E-631, E-635), aroma de humo, acidulante (E-330), colorantes (E-160c, E-160b)], cacahuetes repelados, grasa vegetal de palma, aceite de girasol, aroma de chile [sal, almidón de maíz, chile en polvo, potenciadores del sabor (E-621, E-631, E-627), dextrosa, aroma, cebolla en polvo, conservador (E-262ii), tomate en polvo, colorante (E-160c), aroma de humo] y sal. Puede contener trazas de frutos de cáscara."],"conservation":" Conservar en lugar fresco, seco y protegido de la luz. Una vez abierto, mantener el envase cerrado en condiciones frescas y secas.","ean":"8410564011978"},{"full_name":"FRIT RAVICH cóctel de snacks tamaño ahorro bolsa 120 g","name":"cóctel de snacks tamaño ahorro bolsa 120 g","brand":"FRIT RAVICH ","img":"https://sgfm.elcorteingles.es/SGFM/dctm/MEDIA03/201706/30/00120977800364____6__600x600.jpg","price":"0,99 €","price_unit":"(8,25 € / Kilo)","categories":["Supermercado","Alimentación General","Aperitivos y frutos secos","Aperitivos diversos y snacks","FRIT RAVICH cóctel de snacks tamaño ahorro bolsa 120 g"],"general_information":["Denominación del alimento: Mezcla de productos de aperitivo fritos y horneados con sabor a queso.","Nombre del operador: Frit Ravich, SL","Dirección del operador: Polígono Industrial Massanet s/n. 17412 Massanet de la Selva (Girona)","Cantidad Neta: 110 g"],"ingredients":[" Harina de maíz, aceite de girasol, fécula de patata, harina de trigo, almidón de trigo, grasa vegetal de palma, sémola de maíz, harina de patata, aroma de queso (contiene suero de leche), sal, almidón de maíz, potenciador del sabor (E-621), gasificante (E-500), colorante (E-160c), emulgente (E-471), acidulante (E-330), corrector de acidez (E-526) y cúrcuma. Puede contener trazas de soja."],"conservation":" Conservar en lugar fresco, seco y protegido de la luz. Una vez abierto, mantener el envase cerrado en condiciones frescas y secas.","ean":"8410564033239"},{"full_name":"FRIT RAVICH Galácticas Snack estrellas de patata bolsa 85 g","name":"Galácticas Snack estrellas de patata bolsa 85 g","brand":"FRIT RAVICH ","img":"https://sgfm.elcorteingles.es/SGFM/dctm/MEDIA03/201706/30/00120952900668____1__600x600.jpg","price":"0,99 €","price_unit":"(11,65 € / Kilo)","categories":["Supermercado","Alimentación General","Aperitivos y frutos secos","Aperitivos diversos y snacks","FRIT RAVICH Galácticas Snack estrellas de patata bolsa 85 g"],"general_information":["Denominación del alimento: Producto de aperitivo frito.","Nombre del operador: Frit Ravich, SL","Dirección del operador: Polígono Industrial Massanet s/n. 17412 Massanet de la Selva (Girona)","Cantidad Neta: 90 g"],"ingredients":[" Harina de patata, fécula de patata, aceite de girasol, harina de centeno, sal, potenciador del sabor (E-621) y cúrcuma. Puede contener trazas de soja."],"conservation":" Conservar en lugar fresco, seco y protegido de la luz. Una vez abierto, mantener el envase cerrado en condiciones frescas y secas.","ean":"8410564032218"},{"full_name":"FRIT RAVICH snack cintas de bacon bolsa 80 g","name":"snack cintas de bacon bolsa 80 g","brand":"FRIT RAVICH ","img":"https://sgfm.elcorteingles.es/SGFM/dctm/MEDIA03/201706/30/00120951801263____1__600x600.jpg","price":"0,98 €","price_unit":"(12,25 € / Kilo)","categories":["Supermercado","Alimentación General","Aperitivos y frutos secos","Aperitivos diversos y snacks","FRIT RAVICH snack cintas de bacon bolsa 80 g"],"general_information":["Denominación del alimento: Producto de aperitivo frito sabor a beicon.","Nombre del operador: Frit Ravich, SL","Dirección del operador: Polígono Industrial Massanet s/n. 17412 Massanet de la Selva (Girona)","Cantidad Neta: 80 g"],"ingredients":[" Harina de patata, almidón de trigo, aceite de girasol, harina de centeno, sal, aroma de beicon [aroma de humo, potenciadores del sabor (E-621, E-627, E-631)] y cúrcuma. Puede contener trazas de soja. Contiene gluten."],"conservation":" Conservar en lugar fresco, seco y protegido de la luz. Una vez abierto, mantener el envase cerrado en condiciones frescas y secas.","ean":"8410564033093"},{"full_name":"SOLDAZA platanitos salados envase 71 g","name":"platanitos salados envase 71 g","brand":"SOLDAZA ","img":"https://sgfm.elcorteingles.es/SGFM/dctm/MEDIA02/CONTENIDOS/201507/02/00120951803145____1__600x600.jpg","price":"1,21 €","price_unit":"(17,04 € / Kilo)","categories":["Supermercado","Alimentación General","Aperitivos y frutos secos","Aperitivos diversos y snacks","SOLDAZA platanitos salados envase 71 g"],"general_information":["Denominación del alimento: Snack Fritos","Nombre del operador: Saexma, S.L.","Dirección del operador: Avda. Laredo, 2  Pol.Ind. El Álamo, 28946 Fuenlabrada, Madrid.","Lugar de procedencia del alimento: 40,00004643/M","Cantidad Neta: 71 g"],"ingredients":[" Plátanos verdes ,aceite de girasol y/o aceite de palma y/o aceite canola, sal."],"conservation":" Consérvese en lugar fresco, seco y ventilado. Mantener perfectamente cerrado, protegido de la luz directa y a una temperatura oscilante a 25°C.","ean":"7441163910288"},{"full_name":"EL TIO DE LAS PAPAS snack ruedas bolsa 95 g","name":"snack ruedas bolsa 95 g","brand":"EL TIO DE LAS PAPAS ","img":"https://sgfm.elcorteingles.es/SGFM/dctm/MEDIA02/CONTENIDOS/201507/03/00200452900202____1__600x600.jpg","price":"1,00 €","price_unit":"(10,53 € / Kilo)","categories":["Supermercado","Alimentación General","Aperitivos y frutos secos","Aperitivos diversos y snacks","EL TIO DE LAS PAPAS snack ruedas bolsa 95 g"],"general_information":["Denominación del alimento: Ruedas de patata frita","Nombre del operador: El Tío de las papas","Dirección del operador: C. Sabadell, 8 (Pol. Ind. Sierra de Yeguas) - 29328 Sierra Yeguas (Málaga)","Cantidad Neta: 95,0 g"],"ingredients":[" Fécula de patata, harina de centeno, harina de tirgo, aceite de girasol alto oléico, sal, potenciador del sabor (E621), cúrcuma."],"conservation":" Conservar en lugar fresco y seco. Proteger de la luz solar y en su envase original.","ean":"8437002366117"},{"full_name":"TRIO triskis de maíz bolsa 200 g","name":"triskis de maíz bolsa 200 g","brand":"TRIO ","img":"https://sgfm.elcorteingles.es/SGFM//01/14/6/0120952901146/0120952901146000g01011.jpg","price":"1,39 €","price_unit":"(6,95 € / Kilo)","categories":["Supermercado","Alimentación General","Aperitivos y frutos secos","Aperitivos diversos y snacks","TRIO triskis de maíz bolsa 200 g"],"general_information":["Denominación del alimento: Triskis de Maíz","País de origen: España","Nombre del operador: Roman Duran, S.L.","Dirección del operador: Avda. del Alcornoque, 22 - 06011 Badajoz","Cantidad Neta: 200 g"],"ingredients":[" Harina de maíz, aceite de girasol, gasificante E-500ii, potenciador de sabor E-621, extractos naturales de plantas."],"ean":"8436044310225"},{"full_name":"TRIO conos de maíz bolsa 160 g","name":"conos de maíz bolsa 160 g","brand":"TRIO ","img":"https://sgfm.elcorteingles.es/SGFM//01/13/8/0120952901138/0120952901138000g01011.jpg","price":"1,39 €","price_unit":"(8,69 € / Kilo)","categories":["Supermercado","Alimentación General","Aperitivos y frutos secos","Aperitivos diversos y snacks","TRIO conos de maíz bolsa 160 g"],"general_information":["Denominación del alimento: Konos de Maíz","País de origen: España","Nombre del operador: Roman Duran, S.L.","Dirección del operador: Avda. del Alcornoque, 22 - 06011 Badajoz","Cantidad Neta: 160 g"],"ingredients":[" Harina de maíz (62%), aceite de girasol, azúcar, sal, aroma con sabor a queso-bacon {(lactosa, sal, suero de leche en polvo, queso), potenciadores del sabor (E-621, E-627, E-631), corrector de acidez (E-330), colorante (E-160c)}, gasificante (E-500ii) y extractos naturales de plantas. Puede contener: trazas de cacahuetes, frutos secos de cáscara, de trigo, centeno, apio y altramuces."],"ean":"8436044310904"},{"full_name":"CHIO Maxi Mix snacks paquete 180 g","name":"Maxi Mix snacks paquete 180 g","brand":"CHIO ","img":"https://sgfm.elcorteingles.es/SGFM/dctm/MEDIA03/201612/08/00120953000369____1__600x600.jpg","price":"2,05 €","price_unit":"(11,39 € / Kilo)","categories":["Supermercado","Alimentación General","Aperitivos y frutos secos","Aperitivos diversos y snacks","CHIO Maxi Mix snacks paquete 180 g"],"general_information":["Denominación del alimento: Galletitas aperitivo","Nombre del operador: Bolton Cile España","Dirección del operador: C/ Ombú nº3 28045 Madrid, España","Cantidad Neta: 125 g"],"ingredients":[" Harina de TRIGO, almidón de patata, aceite de girasol, aceite de palma, patata en polvo, sal, semilla de SESAMO, azúcar, suero de LECHE, jarabe de glucosa, semillas de amapola, QUESO en polvo, levadura, corrector de acidez (hidróxido sódico), MANTEQUILLA en polvo, almidón modificado, aroma, harina de TRIGO malteada, emulgentes (mono y diglicéridos de ácidos grasos), proteína LACTEA, YOGURT, especia, LECHE entera en polvo, colorante (curcumina)"],"ean":"4000522062919"},{"full_name":"FACUNDO Chaskis snack de maíz bolsa 100 g","name":"Chaskis snack de maíz bolsa 100 g","brand":"FACUNDO ","img":"https://sgfm.elcorteingles.es/SGFM//00/52/8/0120952900528/0120952900528000g01011.jpg","price":"1,21 €","price_unit":"(12,10 € / Kilo)","categories":["Supermercado","Alimentación General","Aperitivos y frutos secos","Aperitivos diversos y snacks","FACUNDO Chaskis snack de maíz bolsa 100 g"],"general_information":["Denominación del alimento: Producto de aperitivo frito","Nombre del operador: FACUNDO BLANCO, S. A.","Dirección del operador: Carretera Vecilla S/N","Cantidad Neta: 100 g"],"ingredients":[" Harina de maíz, Aceite de girasol, Sal, Azúcar, Gasificante (Bicarbonato sódico),Acidulante ( Ácido Cítrico )."],"conservation":" Conservar en lugar fresco y seco.","ean":"8413671022202"},{"full_name":"FACUNDO chaskis con sabor barbacoa bolsa 100 g","name":"chaskis con sabor barbacoa bolsa 100 g","brand":"FACUNDO ","img":"https://sgfm.elcorteingles.es/SGFM//00/99/9/0120952900999/0120952900999000g01011.jpg","price":"1,21 €","price_unit":"(12,10 € / Kilo)","categories":["Supermercado","Alimentación General","Aperitivos y frutos secos","Aperitivos diversos y snacks","FACUNDO chaskis con sabor barbacoa bolsa 100 g"],"general_information":["Denominación del alimento: Producto de Aperitivo frito con sabor a barbacoa","Nombre del operador: FACUNDO BLANCO, S. A.","Dirección del operador: Carretera Vecilla, S/N","Cantidad Neta: 100,0 g"],"ingredients":[" Harina de maíz, Aceite de girasol (17%), Aroma {Sustancias Aromatizantes,  Maltodextrina de maíz, Hidrolizado de proteína de soja, Proteína animal hidrolizada, Proteína de leche, Lactosa, Potenciador del sabor (Glutamato sódico, Inosinato sódico, Guanilato sódico)}, Sal, Azúcar, Gasificante (Bicarbonato Sódico ), Acidulante (Ácido cítrico)."],"conservation":" Conservar en lugar fresco y seco.","ean":"8413671022219"},{"full_name":"ROMAN DURAN coctel de aperitivos bolsa 100 g","name":"coctel de aperitivos bolsa 100 g","brand":"ROMAN DURAN ","img":"https://sgfm.elcorteingles.es/SGFM/dctm/MEDIA02/CONTENIDOS/201409/02/00120952901229____1__600x600.jpg","price":"1,25 €","price_unit":"(12,50 € / Kilo)","categories":["Supermercado","Alimentación General","Aperitivos y frutos secos","Aperitivos diversos y snacks","ROMAN DURAN coctel de aperitivos bolsa 100 g"],"general_information":["Denominación del alimento: Cocktail de Snacks","País de origen: España","Nombre del operador: Roman Duran, S.L.","Dirección del operador: Avda. del Alcornoque, 22 - 06011 Badajoz","Cantidad Neta: 100 g"],"ingredients":[" Fécula de patata, harina de trigo, harina de arroz, harina de centeno, harina de maíz, sal, azúcar, cebolla en polvo, aroma potenciador del sabor (E-621), curcurna, colorante E-130, E-102, E-110, E-150,E-122, emulante E-500, antioxidantes autorizados y aceite vegetal. Puede contener: trazas de gluten."],"ean":"8436044310201"},{"full_name":"ROMAN DURAN cortezas de trigo bolsa 100 g","name":"cortezas de trigo bolsa 100 g","brand":"ROMAN DURAN ","img":"https://sgfm.elcorteingles.es/SGFM/dctm/MEDIA02/CONTENIDOS/201409/02/00120951802949____1__600x600.jpg","price":"1,25 €","price_unit":"(12,50 € / Kilo)","categories":["Supermercado","Alimentación General","Aperitivos y frutos secos","Aperitivos diversos y snacks","ROMAN DURAN cortezas de trigo bolsa 100 g"],"general_information":["Denominación del alimento: Cortezas de trigo","País de origen: España","Nombre del operador: Roman Duran, S.L.","Dirección del operador: Avda. del Alcornoque, 22 - 06011 Badajoz","Cantidad Neta: 90 g"],"ingredients":[" Harina de trigo, gasificante (E-500-ii), potenciador del sabor (E-621), sal y aceite vegetal. Puede contener trazas de gluten."],"ean":"8436044310102"},{"full_name":"SANTO REINO snack Konos bolsa 280 g","name":"snack Konos bolsa 280 g","brand":"SANTO REINO ","img":"https://sgfm.elcorteingles.es/SGFM//00/70/0/0120952900700/0120952900700000g01011.jpg","price":"2,26 €","price_unit":"(8,07 € / Kilo)","categories":["Supermercado","Alimentación General","Aperitivos y frutos secos","Aperitivos diversos y snacks","SANTO REINO snack Konos bolsa 280 g"],"general_information":["Denominación del alimento: Konos","Nombre del operador: Patatas Fritas Santo Reino, S.L.","Dirección del operador: Calle Beatriz Nuñez 41, Jaén - 23009","Cantidad Neta: 250 g","Número de raciones por envase: 8"],"ingredients":[" Harina de maíz, aceite de oliva, azúcar, sal, aroma al gusto de queso-beicon (leche), aroma de humo, potenciadores del sabor (E-621 y E-635), gasificante (E-500ii), corrector de acidez (E-330) y colorante (E-160c)."],"conservation":" Conservese en lugar fresco y seco.","ean":"8425469200099"},{"full_name":"SANTO REINO cóctel de snacks bolsa 160 g","name":"cóctel de snacks bolsa 160 g","brand":"SANTO REINO ","img":"https://sgfm.elcorteingles.es/SGFM//00/68/4/0120952900684/0120952900684000g01011.jpg","price":"1,35 €","price_unit":"(8,44 € / Kilo)","categories":["Supermercado","Alimentación General","Aperitivos y frutos secos","Aperitivos diversos y snacks","SANTO REINO cóctel de snacks bolsa 160 g"],"general_information":["Denominación del alimento: Coctel Aperitivos","Nombre del operador: Patatas Fritas Santo Reino, S.L.","Dirección del operador: Calle Beatriz Nuñez 41, Jaén - 23009","Cantidad Neta: 150 g","Número de raciones por envase: 5"],"ingredients":[" Almidón de trigo y patata, sémola de maíz, harina de arroz, centeno y trigo, patata, maíz, aceite de oliva, aceite de girasol, grasa vegetal de palma, fibra vegetal, extractos vegetales, fécula de patata, sal, cúrcuma, tomate en polvo, pimentón, glucosa, azúcar, maltodextrina, cebolla deshidratada, proteínas vegetales hidrolizadas (soja), aromas al gusto de ketchup, jamón, beicon y queso blanco (suero de leche, potenciadores del sabor (E-631, E-621, E-635 y E-627), colorantes (E-122, E-102, E-110, E-160c, E-160b, E-160a y E-150d), gasificante (E-500ii), antiapelmazante (E-551), antioxidante (E-300), estabilizante (E-414) y corrector de acidez (E-330)."],"conservation":" Conservese en lugar fresco y seco.","ean":"8425469200075"},{"full_name":"SANTO REINO snack gusanitos al queso bolsa 120 g","name":"snack gusanitos al queso bolsa 120 g","brand":"SANTO REINO ","img":"https://sgfm.elcorteingles.es/SGFM//00/71/8/0120952900718/0120952900718000g01011.jpg","price":"0,85 €","price_unit":"(7,08 € / Kilo)","categories":["Supermercado","Alimentación General","Aperitivos y frutos secos","Aperitivos diversos y snacks","SANTO REINO snack gusanitos al queso bolsa 120 g"],"general_information":["Denominación del alimento: Gusanitos al Queso","Nombre del operador: Patatas Fritas Santo Reino, S.L.","Dirección del operador: Calle Beatriz Nuñez 41, Jaén - 23009","Cantidad Neta: 110 g","Número de raciones por envase: 4"],"ingredients":[" Maíz, grasa vegetal (oleína de palma), aroma con sabor a queso (leche), suero de leche, sal, potenciador del sabor (E-621) y colorante (E-160c)."],"conservation":" Conservese en lugar fresco y seco.","ean":"8425469200037"},{"full_name":"SANTO REINO snack de cortezas de trigo bolsa 110 g","name":"snack de cortezas de trigo bolsa 110 g","brand":"SANTO REINO ","img":"https://sgfm.elcorteingles.es/SGFM/01/28/9/0120951801289/0120951801289000g01011.jpg","price":"0,93 €","price_unit":"(8,45 € / Kilo)","categories":["Supermercado","Alimentación General","Aperitivos y frutos secos","Aperitivos diversos y snacks","SANTO REINO snack de cortezas de trigo bolsa 110 g"],"general_information":["Denominación del alimento: Cortezas de Trigo","Nombre del operador: Patatas Fritas Santo Reino, S.L.","Dirección del operador: Calle Beatriz Nuñez 41, Jaén - 23009","Cantidad Neta: 100 g","Número de raciones por envase: 3"],"ingredients":[" Harina de trigo, aceite de oliva, sal, gasificante (E-500ii) y potenciador del sabor (E-621)."],"conservation":" Conservese en lugar fresco y seco.","ean":"8425469200105"},{"full_name":"GULLON tortitas de maíz paquete 130 g","name":"tortitas de maíz paquete 130 g","brand":"GULLON ","img":"https://sgfm.elcorteingles.es/SGFM/01/23/6/0200213801236/0200213801236000g01011.jpg","price":"1,13 €","price_unit":"(8,69 € / Kilo)","categories":["Supermercado","Alimentación General","Aperitivos y frutos secos","Aperitivos diversos y snacks","GULLON tortitas de maíz paquete 130 g"],"general_information":["Denominación del alimento: Tortitas de Maíz","Nombre del operador: GALLETAS GULLON, S.A","Dirección del operador: Ctra, Burgos km 1,5- 34800 Aguilar de Campoo (Palencia)","Cantidad Neta: 130 g"],"ingredients":[" Maiz 99%, sal, emulgente: lecitina de soja. Puede contener trazas de gluten, leche. Sin azucares añadidos"],"conservation":" Almacenar en lugar fresco y seco. Proteger de los rayos solares. Una vez abierto, mantener en las mismas condiciones y cerrar después de cada uso.","ean":"8410376033144"},{"full_name":"GULLON tortitas de arroz paquete 130 g","name":"tortitas de arroz paquete 130 g","brand":"GULLON ","img":"https://sgfm.elcorteingles.es/SGFM/01/24/4/0200213801244/0200213801244000g01011.jpg","price":"1,16 €","price_unit":"(8,92 € / Kilo)","categories":["Supermercado","Alimentación General","Aperitivos y frutos secos","Aperitivos diversos y snacks","GULLON tortitas de arroz paquete 130 g"],"general_information":["Denominación del alimento: Tortitas de Arroz","Nombre del operador: GALLETAS GULLON, S.A","Dirección del operador: Ctra, Burgos km 1,5- 34800 Aguilar de Campoo (Palencia)","Cantidad Neta: 130 g"],"ingredients":[" Arroz integral 99%, sal, emulgente: lecitina de soja. Puede contener trazas de gluten. Sin azucares añadidos"],"conservation":" Almacenar en lugar fresco y seco. Proteger de los rayos solares. Una vez abierto, mantener en las mismas condiciones y cerrar después de cada uso.","ean":"8410376033151"},{"full_name":"TOT SNACK cortezas de trigo gigantes bolsa 100 g","name":"cortezas de trigo gigantes bolsa 100 g","brand":"TOT SNACK ","img":"https://sgfm.elcorteingles.es/SGFM/dctm/MEDIA03/201706/16/00120951803392____1__600x600.jpg","price":"2,36 €","price_unit":"(23,60 € / Kilo)","categories":["Supermercado","Alimentación General","Aperitivos y frutos secos","Aperitivos diversos y snacks","TOT SNACK cortezas de trigo gigantes bolsa 100 g"],"general_information":["Denominación del alimento: Cortezas trigo gigantes","Nombre del operador: Tot Snack, S.L.","Dirección del operador: C/ Molí d'en planes, 26 - 08210 Barberà del Vallès (Barcelona)","Cantidad Neta: 100 g"],"ingredients":[" Harina de trigo, aceite de palma refinada con alto contenido oleico, sal, gasificante ( E-500ii), potenciador del sabor ( E621), extracto de pimentón. Contiene gluten"],"conservation":" Conservar en lugar fresco y seco.","ean":"8413575000009"},{"full_name":"EL CORTE INGLES galletas saladas redondas bote 350 g","name":"galletas saladas redondas bote 350 g","brand":"EL CORTE INGLES ","img":"https://sgfm.elcorteingles.es/SGFM/dctm/MEDIA03/201703/21/00120953000401____1__600x600.jpg","price":"1,06 €","price_unit":"(3,03 € / Kilo)","categories":["Supermercado","Alimentación General","Aperitivos y frutos secos","Galletas saladas","EL CORTE INGLES galletas saladas redondas bote 350 g"],"general_information":["Denominación del alimento: Galletas de aperitivo.","Nombre del operador: Distribuido para El Corte Inglés\n por \nSeurodis\n C/ Lepanto 367 bajos. 08025 Barcelona (España)","Cantidad Neta: 350 g","Número de raciones por envase: aprox. 14"],"ingredients":[" Ingredientes: Harina de trigo, grasa de palma (antioxidante: extracto rico en tocoferoles), jarabe de glucosa y fructosa, azúcar, jarabe de malta de cebada, sal (1,8%), gasificantes (carbonatos de sodio y amonio), corrector de la acidez (fosfatos de calcio), levadura y agente de tratamiento de la harina (metabisulfito sódico). Puede contener leche, huevos, soja y sésamo."],"conservation":" Conservar en lugar fresco, seco y protegido de los rayos solares, en ausencia de olores. Una vez abierto conservar bien cerrado.","ean":"8433329079068"},{"full_name":"EL CORTE INGLES galletas saladas mix bote 350 g","name":"galletas saladas mix bote 350 g","brand":"EL CORTE INGLES ","img":"https://sgfm.elcorteingles.es/SGFM/dctm/MEDIA03/201703/21/00120953000419____3__600x600.jpg","price":"1,46 €","price_unit":"(4,17 € / Kilo)","categories":["Supermercado","Alimentación General","Aperitivos y frutos secos","Galletas saladas","EL CORTE INGLES galletas saladas mix bote 350 g"],"general_information":["Denominación del alimento: Galletas de aperitivo","Nombre del operador: Distribuido para El Corte Inglés\n por \nSeurodis\n C/ Lepanto 367 bajos. 08025 Barcelona (España)","Cantidad Neta: 350 g","Número de raciones por envase: aprox. 14"],"ingredients":[" Ingredientes: Harina de trigo, grasa de palma (antioxidante: extracto rico en tocoferoles), jarabe de glucosa y fructosa, azúcar, sal (3,6%), jarabe de malta de cebada, gasificantes (carbonatos de sodio y amonio), corrector de la acidez (fosfatos de calcio), levadura y agente de tratamiento de la harina (metabisulfito sódico). Puede contener leche, huevo, soja y sésamo. Puede contener leche, huevos, soja y sésamo."],"conservation":" Conservar en lugar fresco, seco y protegido de los rayos solares, en ausencia de olores. Una vez abierto conservar bien cerrado.","ean":"8433329079075"},{"full_name":"EL CORTE INGLES galletas saladas peces bote 350 g","name":"galletas saladas peces bote 350 g","brand":"EL CORTE INGLES ","img":"https://sgfm.elcorteingles.es/SGFM/dctm/MEDIA03/201703/21/00120953000427____4__600x600.jpg","price":"1,06 €","price_unit":"(3,03 € / Kilo)","categories":["Supermercado","Alimentación General","Aperitivos y frutos secos","Galletas saladas","EL CORTE INGLES galletas saladas peces bote 350 g"],"general_information":["Denominación del alimento: Galletas de aperitivo","Cantidad Neta: 350 g","Número de raciones por envase: aprox. 14"],"ingredients":[" Ingredientes: Harina de cereales (trigo y arroz), grasa de palma (antioxidante: extracto rico en tocoferoles), suero lácteo en polvo, semillas de sésamo, sal (3,5%), gasificantes (carbonatos de sodio y amonio), azúcar, extracto de malta de cebada, corrector de acidez (fosfatos de calcio), levadura y agente de tratamiento de la harina (metabisulfito sódico). Puede contener huevo y soja."],"conservation":" Conservar en lugar fresco, seco y protegido de los rayos solares, en ausencia de olores. Una vez abierto conservar bien cerrado.","ean":"8433329079082"},{"full_name":"CUETARA KRIT Piscis galletitas saladas de aperitivo bote 350 g","name":"KRIT Piscis galletitas saladas de aperitivo bote 350 g","brand":"CUETARA ","img":"https://sgfm.elcorteingles.es/SGFM//00/14/3/0200453000143/0200453000143000g01011.jpg","price":"3,15 €","price_unit":"(9 € / Kilo)","categories":["Supermercado","Alimentación General","Aperitivos y frutos secos","Galletas saladas","CUETARA KRIT Piscis galletitas saladas de aperitivo bote 350 g"],"general_information":["Denominación del alimento: Galletitas de aperitivo        Bolachitas de aperitivoPiscis Savoury biscuitsBiscuits salés","País de origen: España","Nombre del operador: Cuétara S.L.U.","Dirección del operador: Avda. Hermanos Gómez Cuétara núm. 1","Cantidad Neta: 350 g"],"ingredients":[" Harina de cereales (trigo y arroz), aceites vegetales (palma, girasol alto oleico), suero de leche en polvo, semilla de sésamo, sal, azúcar, gasificantes (carbonatos de sodio y de amonio), extracto de malta de cebada, corrector de acidez (fosfato de calcio), levadura, agente de tratamiento de la harina (metabisulfito sódico). Contiene soja, huevos."],"conservation":" Conservar en lugar fresco y seco. Preservar de los rayos solares Armazenar em lugar fresco e seco. Preservar dos raios solaresKeep in a cool and dry place. Protect from direct sunlight.A conserver dans un lieu frais et sec. Protéger du rayonnement solaire.","ean":"8410014311146"},{"full_name":"CUETARA KRIT Krititas galletas saladas bote 350 g","name":"KRIT Krititas galletas saladas bote 350 g","brand":"CUETARA ","img":"https://sgfm.elcorteingles.es/SGFM//00/15/0/0200453000150/0200453000150000g01011.jpg","price":"3,15 €","price_unit":"(9 € / Kilo)","categories":["Supermercado","Alimentación General","Aperitivos y frutos secos","Galletas saladas","CUETARA KRIT Krititas galletas saladas bote 350 g"],"general_information":["Denominación del alimento: Galletitas de aperitivo      Bolachas salgadasKrititas Savoury biscuitsBiscuits salés","País de origen: España","Nombre del operador: Cuétara S.L.U.","Dirección del operador: Avda. Hermanos Gómez Cuétara núm. 1","Cantidad Neta: 350 g"],"ingredients":[" Harina de trigo, aceites vegetales (palma, girasol alto oleico), jarabe de glucosa y fructosa, azúcar, extracto de malta de cebada, sal, gasificantes (carbonatos de amonio y de sodio), corrector de acidez (fosfato de calcio), levadura, agente de tratamiento de la harina (metabisulfito sódico). Contiene huevos. Puede contener sésamo, leche, soja."],"conservation":" Conservar en lugar fresco y seco. Preservar de los rayos solares Armazenar em lugar fresco e seco. Preservar dos raios solaresKeep in a cool and dry place. Protect from direct sunlight.A conserver dans un lieu frais et sec. Protéger du rayonnement solaire.","ean":"8410014311955"},{"full_name":"CUETARA KRIT ORIGINAL galletas saladas envase 100 g","name":"KRIT ORIGINAL galletas saladas envase 100 g","brand":"CUETARA ","img":"https://sgfm.elcorteingles.es/SGFM/dctm/MEDIA02/CONTENIDOS/201507/02/00120953000302____1__600x600.jpg","price":"0,87 €","price_unit":"(8,70 € / Kilo)","categories":["Supermercado","Alimentación General","Aperitivos y frutos secos","Galletas saladas","CUETARA KRIT ORIGINAL galletas saladas envase 100 g"],"general_information":["Denominación del alimento: Galletas Saladas  Bolachas SalgadasBiscuits salés","País de origen: España","Nombre del operador: Cuétara S.L.U.","Dirección del operador: Avda. Hermanos Gómez Cuétara núm. 1","Cantidad Neta: 100 g"],"ingredients":[" Harina de trigo, aceites vegetales (palma, girasol), jarabe de glucosa y fructosa, azúcar, extracto de malta de cebada, sal, corrector de acidez (fosfato de calcio), levadura, agente de tratamiento de la harina (metabisulfito sódico), gasificantes (carbonatos de amonio y de sodio). Puede contener leche, soja, huevos, semilla de sésamo."],"conservation":" Conservar en lugar fresco y seco. Preservar de los rayos solares Armazenar em lugar fresco e seco. Preservar dos raios solaresA conserver dans un lieu frais et sec. Protéger du soleil.","ean":"8410014398093"},{"full_name":"LORENZ SALTLETTS palitos de pan salados clásicos bandeja 250 g","name":"palitos de pan salados clásicos bandeja 250 g","brand":"LORENZ SALTLETTS ","img":"https://sgfm.elcorteingles.es/SGFM//00/10/4/0120953000104/0120953000104000g01011.jpg","price":"2,20 €","price_unit":"(8,80 € / Kilo)","categories":["Supermercado","Alimentación General","Aperitivos y frutos secos","Galletas saladas","LORENZ SALTLETTS palitos de pan salados clásicos bandeja 250 g"],"general_information":["Denominación del alimento: Palitos salados.","Nombre del operador: Comercial Masoliver S.A.","Dirección del operador: Calle Puntia, 18 - 17857 Begudà (Girona) España","Lugar de procedencia del alimento: 276 - Alemania","Cantidad Neta: 250 g"],"ingredients":[" Harina de trigo, aceite de palma (certificado de sostenibilidad del aceite de palma), sal, sal marina (1,3%), extracto de malta de cebada, levadura, regulador de acidez: hidróxido de sodio. Contiene trigo y cebada. Puede contener semillas de sésamo."],"conservation":" Mantener en lugar seco. Preservar del calor.","ean":"4017100706004"},{"full_name":"LORENZ SALTLETTS palitos de pan salados clásicos envase 150 g","name":"palitos de pan salados clásicos envase 150 g","brand":"LORENZ SALTLETTS ","img":"https://sgfm.elcorteingles.es/SGFM//00/09/6/0120953000096/0120953000096000g01011.jpg","price":"1,35 €","price_unit":"(9 € / Kilo)","categories":["Supermercado","Alimentación General","Aperitivos y frutos secos","Galletas saladas","LORENZ SALTLETTS palitos de pan salados clásicos envase 150 g"],"general_information":["Denominación del alimento: Palitos salados.","Nombre del operador: Comercial Masoliver S.A.","Dirección del operador: Calle Puntia, 18 - 17857 Begudà (Girona) España","Lugar de procedencia del alimento: 276 - Alemania","Cantidad Neta: 150 g"],"ingredients":[" Harina de trigo, aceite de palma (certificado de sostenibilidad del aceite de palma), sal, sal marina (1,3%), extracto de malta de cebada, levadura, regulador de acidez: hidróxido de sodio. Contiene trigo y cebada. Puede contener semillas de sésamo."],"conservation":" Mantener en lugar seco. Preservar del calor.","ean":"4017100737909"},{"full_name":"LORENZ SALTLETTS Classic mini brezel galletas saladas bolsa 150 g","name":"Classic mini brezel galletas saladas bolsa 150 g","brand":"LORENZ SALTLETTS ","img":"https://sgfm.elcorteingles.es/SGFM//00/12/0/0120953000120/0120953000120000g01011.jpg","price":"1,05 €","price_unit":"(7 € / Kilo)","categories":["Supermercado","Alimentación General","Aperitivos y frutos secos","Galletas saladas","LORENZ SALTLETTS Classic mini brezel galletas saladas bolsa 150 g"],"general_information":["Denominación del alimento: Palitos salados en forma de lazo.","Nombre del operador: Comercial Masoliver S.A.","Dirección del operador: Calle Puntia, 18 - 17857 Begudà (Girona) España","Lugar de procedencia del alimento: 276 - Alemania","Cantidad Neta: 150 g"],"ingredients":[" Harina de trigo, aceite de palma (certificado de sostenibilidad del aceite de palma), sal, sal marina (1,2%), levadura, extracto de malta de cebada,  corrector de acidez: hidróxido de sodio, gasificante: hidrógenocarbonato de sodio."],"conservation":" Mantener en lugar seco. Preservar del calor.","ean":"4018077662614"},{"full_name":"CHIO galletas saladas Stickletti + Brezli paquete 250 g","name":"galletas saladas Stickletti + Brezli paquete 250 g","brand":"CHIO ","img":"https://sgfm.elcorteingles.es/SGFM//00/06/2/0120953000062/0120953000062000g01011.jpg","price":"2,99 €","price_unit":"(11,96 € / Kilo)","categories":["Supermercado","Alimentación General","Aperitivos y frutos secos","Galletas saladas","CHIO galletas saladas Stickletti + Brezli paquete 250 g"],"general_information":[],"ingredients":[],"ean":"4000522007996"},{"full_name":"CHIO Stickletti palitos de galleta salados paquete 125 g","name":"Stickletti palitos de galleta salados paquete 125 g","brand":"CHIO ","img":"https://sgfm.elcorteingles.es/SGFM//00/05/4/0120953000054/0120953000054000g01011.jpg","price":"1,35 €","price_unit":"(10,80 € / Kilo)","categories":["Supermercado","Alimentación General","Aperitivos y frutos secos","Galletas saladas","CHIO Stickletti palitos de galleta salados paquete 125 g"],"general_information":["Denominación del alimento: Galletitas aperitivo","Nombre del operador: Bolton Cile España","Dirección del operador: C/ Ombú nº3 28045 Madrid, España","Cantidad Neta: 125 g"],"ingredients":[" Harina de TRIGO, sal, aceite de palma, corrector de acidez (hidróxido sódico), harina de TRIGO malteada, emulgentes (mono y diglicéridos de ácidos grasos)"],"ean":"4000522061752"},{"full_name":"SOLETTI palitos de pan salados bolsa 120 g","name":"palitos de pan salados bolsa 120 g","brand":"SOLETTI ","img":"https://sgfm.elcorteingles.es/SGFM//00/04/7/0120953000047/0120953000047000g01011.jpg","price":"0,95 €","price_unit":"(7,92 € / Kilo)","categories":["Supermercado","Alimentación General","Aperitivos y frutos secos","Galletas saladas","SOLETTI palitos de pan salados bolsa 120 g"],"general_information":["Denominación del alimento: Palitos salados","País de origen: Austria","Nombre del operador: BAHLSEN ESPAÑA, S.A.U.","Dirección del operador: Avda.Somosierra, 24 - 1ºB. 28703 San Sebastián de los Reyes, ESPAÑA","Cantidad Neta: 120 g"],"ingredients":[" Harina de trigo, sal, aceite vegetal, levadura, azucar, malta de cebada, corrector de ácidez: E 524. Esta planta de producción también procesa sésamo y componentes lácteos."],"conservation":" Proteger de la luz solar, almacenar en lugar seco.","ean":"9000189013427"},{"full_name":"KAMBLY panecillos Twist con queso receta De Champagne estuche 100 g","name":"panecillos Twist con queso receta De Champagne estuche 100 g","brand":"KAMBLY ","img":"https://sgfm.elcorteingles.es/SGFM//00/14/6/0120953000146/0120953000146000g01011.jpg","price":"2,90 €","price_unit":"(29 € / Kilo)","categories":["Supermercado","Alimentación General","Aperitivos y frutos secos","Galletas saladas","KAMBLY panecillos Twist con queso receta De Champagne estuche 100 g"],"general_information":[],"ingredients":[],"ean":"7610216121081"},{"full_name":"KAMBLY Twist palitos de hojaldre con mantequilla y sal envase 100 g","name":"Twist palitos de hojaldre con mantequilla y sal envase 100 g","brand":"KAMBLY ","img":"https://sgfm.elcorteingles.es/SGFM/dctm/MEDIA02/CONTENIDOS/201410/30/00120953000153____1__600x600.jpg","price":"2,90 €","price_unit":"(29 € / Kilo)","categories":["Supermercado","Alimentación General","Aperitivos y frutos secos","Galletas saladas","KAMBLY Twist palitos de hojaldre con mantequilla y sal envase 100 g"],"general_information":[],"ingredients":[],"ean":"7610216089992"},{"full_name":"CASA DE ALBA aperitivo de galletas sabor tomate y cebolla envase 150 g","name":"aperitivo de galletas sabor tomate y cebolla envase 150 g","brand":"CASA DE ALBA ","img":"https://sgfm.elcorteingles.es/SGFM/dctm/MEDIA03/201702/13/00120953000377____1__600x600.jpg","price":"3,25 €","price_unit":"(21,67 € / Kilo)","categories":["Supermercado","Alimentación General","Aperitivos y frutos secos","Galletas saladas","CASA DE ALBA aperitivo de galletas sabor tomate y cebolla envase 150 g"],"general_information":[],"ingredients":[],"ean":"8412522050210"},{"full_name":"LAS ERAS DE CHIVA galletitas de aperitivo saladas con aceite de oliva bolsa 175 g","name":"galletitas de aperitivo saladas con aceite de oliva bolsa 175 g","brand":"LAS ERAS DE CHIVA ","img":"https://sgfm.elcorteingles.es/SGFM/00/83/6/0120660900836/0120660900836000g01011.jpg","price":"1,39 €","price_unit":"(7,94 € / Kilo)","categories":["Supermercado","Alimentación General","Aperitivos y frutos secos","Galletas saladas","LAS ERAS DE CHIVA galletitas de aperitivo saladas con aceite de oliva bolsa 175 g"],"general_information":[],"ingredients":[],"ean":"8412558000012"},{"full_name":"LAS ERAS DE CHIVA galletitas saladas integrales con fibra y aceite de oliva bolsa 175 g","name":"galletitas saladas integrales con fibra y aceite de oliva bolsa 175 g","brand":"LAS ERAS DE CHIVA ","img":"https://sgfm.elcorteingles.es/SGFM/00/84/4/0120660900844/0120660900844000g01011.jpg","price":"1,39 €","price_unit":"(7,94 € / Kilo)","categories":["Supermercado","Alimentación General","Aperitivos y frutos secos","Galletas saladas","LAS ERAS DE CHIVA galletitas saladas integrales con fibra y aceite de oliva bolsa 175 g"],"general_information":[],"ingredients":[],"ean":"8412558000029"},{"full_name":"EL CORTE INGLES nueces con cascara bolsa 650 g","name":"nueces con cascara bolsa 650 g","brand":"EL CORTE INGLES ","img":"https://sgfm.elcorteingles.es/SGFM/dctm/MEDIA03/201710/27/00118141500316____1__600x600.jpg","price":"5,95 €            ","price_unit":"(7,62 € / Kilo)","categories":["Supermercado","Alimentación General","Aperitivos y frutos secos","Nueces","EL CORTE INGLES nueces con cascara bolsa 650 g"],"general_information":["Denominación del alimento: NUECES","Nombre del operador: Elaborado para El Corte Inglés por\nInterbari, S.L. - C/ Moncayo, 2\nPol. Ind. Los Vientos \n46119 Náquera - (Valencia) España","Lugar de procedencia del alimento: Origen del fruto: Chile / EE.UU","Cantidad Neta: 650 g","Número de raciones por envase: 33"],"ingredients":[" Ingredientes: Nueces Puede contener trazas de cacahuetes y otros frutos de cáscara."],"conservation":" Envasado en atmósfera protectora.  Conservar en lugar fresco y seco. Evitar la luz directa y fuentes de calor. Una vez abierto consumir en pocos días.","ean":"8433329044943"},{"full_name":"EL CORTE INGLES nueces crudas peladas tarrina 325 g","name":"nueces crudas peladas tarrina 325 g","brand":"EL CORTE INGLES ","img":"https://sgfm.elcorteingles.es/SGFM/dctm/MEDIA03/201605/20/00118141500274____1__600x600.jpg","price":"6,99 €            ","price_unit":"(18,43 € / Kilo)","categories":["Supermercado","Alimentación General","Aperitivos y frutos secos","Nueces","EL CORTE INGLES nueces crudas peladas tarrina 325 g"],"general_information":["Denominación del alimento: NUECES","Nombre del operador: Elaborado para El Corte Inglés por\nInterbari, S.L. - C/ Moncayo, 2\nPol. Ind. Los Vientos \n46119 Náquera - (Valencia) España","Lugar de procedencia del alimento: Origen del fruto: EE.UU.","Cantidad Neta: 325 g","Número de raciones por envase: 16"],"ingredients":[" Ingredientes: Nueces Puede contener trazas de cacahuetes y otros frutos de cáscara."],"conservation":" Envasado en atmósfera protectora.  Conservar en lugar fresco y seco. Evitar la luz directa y fuentes de calor. Una vez abierto consumir en 10 días.","ean":"8433329023337"},{"full_name":"EL CORTE INGLES nueces de macadamia tostadas tarrina 150 g","name":"nueces de macadamia tostadas tarrina 150 g","brand":"EL CORTE INGLES ","img":"https://sgfm.elcorteingles.es/SGFM/dctm/MEDIA03/201606/20/00118141500340____2__600x600.jpg","price":"5,99 €","price_unit":"(39,93 € / Kilo)","categories":["Supermercado","Alimentación General","Aperitivos y frutos secos","Nueces","EL CORTE INGLES nueces de macadamia tostadas tarrina 150 g"],"general_information":["Denominación del alimento: Nueces de macadamia tostadas","Nombre del operador: Elaborado para El Corte Inglés por\nAperitivos Medina 3, S.L. - Puerto Linera, 1 \nPol. Ind. Nº 6 Expansión - Móstoles (Madrid) España","Lugar de procedencia del alimento: Origen del fruto:  AUSTRALIA\nKENIA\nMALAWI\nSUDÁFRICA","Cantidad Neta: 150 g","Número de raciones por envase: 6"],"ingredients":[" Ingredientes: Nuez de macadamia y sal. Puede contener cacahuetes y otros frutos de cáscara."],"conservation":" Envasado en atmósfera protectora. Conservar en lugar fresco y seco.","ean":"8433329065481"},{"full_name":"EL CORTE INGLES nuez pelada ecológica bolsa 200 g","name":"nuez pelada ecológica bolsa 200 g","brand":"EL CORTE INGLES ","img":"https://sgfm.elcorteingles.es/SGFM/dctm/MEDIA03/201708/04/00118144700137____1__600x600.jpg","price":"5,25 €","price_unit":"(26,25 € / Kilo)","categories":["Supermercado","Alimentación General","Aperitivos y frutos secos","Nueces","EL CORTE INGLES nuez pelada ecológica bolsa 200 g"],"general_information":["Denominación del alimento: NUEZ PELADA ECOLÓGICA","Nombre del operador: Envasado para El Corte Inglés por\nAperitivos Medina 3, S.L. \nC/ Puerto Linera, 1 \n 28935 (Móstoles) Madrid\n España","Lugar de procedencia del alimento: Origen: INDIA /POLONIA / MOLDOVA, REPÚBLICA DE /BULGARIA","Cantidad Neta: 200 g"],"ingredients":[" Ingredientes: Nuez pelada ecológica Puede contener trazas de otros frutos de cáscara."],"conservation":" Conservar en lugar fresco y seco. Evitar la luz directa y fuentes de calor. Una vez abierto consumir antes de 30 días.","ean":"8433329082068"},{"full_name":"EL CORTE INGLES nueces de macadamia crudas ecológicas bolsa 200 g","name":"nueces de macadamia crudas ecológicas bolsa 200 g","brand":"EL CORTE INGLES ","img":"https://sgfm.elcorteingles.es/SGFM/dctm/MEDIA03/201708/04/00118144700111____1__600x600.jpg","price":"9,95 €","price_unit":"(49,75 € / Kilo)","categories":["Supermercado","Alimentación General","Aperitivos y frutos secos","Nueces","EL CORTE INGLES nueces de macadamia crudas ecológicas bolsa 200 g"],"general_information":["Denominación del alimento: MACADAMIA CRUDA ECOLÓGICA","Nombre del operador: Envasado para El Corte Inglés por\nAperitivos Medina 3, S.L. \nC/ Puerto Linera, 1 \n 28935 (Móstoles) Madrid\n España","Lugar de procedencia del alimento: Origen: Kenia, Malawi, Sudáfrica, Australia","Cantidad Neta: 200 g"],"ingredients":[" Ingredientes: Macadamia cruda ecológica. Puede contener trazas de otros frutos de cáscara."],"conservation":" Conservar en lugar fresco y seco. Evitar la luz directa y fuentes de calor. Una vez abierto consumir antes de 30 días.","ean":"8433329082136"},{"full_name":"EL CORTE INGLES nuez pecana ecológica bolsa 150 g","name":"nuez pecana ecológica bolsa 150 g","brand":"EL CORTE INGLES ","img":"https://sgfm.elcorteingles.es/SGFM/dctm/MEDIA03/201708/04/00118144700129____1__600x600.jpg","price":"6,50 €","price_unit":"(43,33 € / Kilo)","categories":["Supermercado","Alimentación General","Aperitivos y frutos secos","Nueces","EL CORTE INGLES nuez pecana ecológica bolsa 150 g"],"general_information":["Denominación del alimento: NUEZ PECANA ECOLÓGICA","Nombre del operador: Envasado para El Corte Inglés por\nAperitivos Medina 3, S.L. \nC/ Puerto Linera, 1 \n 28935 (Móstoles) Madrid\n España","Lugar de procedencia del alimento: Origen: Mexico / Australia / Sudáfrica","Cantidad Neta: 150 g"],"ingredients":[" Ingredientes: Nuez pecana ecológica. Puede contener trazas de otros frutos de cáscara."],"conservation":" Conservar en lugar fresco y seco. Evitar la luz directa y fuentes de calor. Una vez abierto consumir antes de 30 días.","ean":"8433329082174"},{"full_name":"Nueces al peso","name":"Nueces al peso  ","brand":" ","img":"https://sgfm.elcorteingles.es/SGFM//00/10/3/0118137200103/0118137200103000g01011.jpg","price":"9,95 €/kg","categories":["Supermercado","Alimentación General","Aperitivos y frutos secos","Nueces","Nueces al peso"],"general_information":[],"ingredients":[],"ean":"8412139004576"},{"full_name":"SANCHEZ nueces ecológicas tarrina 600 g","name":"nueces ecológicas tarrina 600 g","brand":"SANCHEZ ","img":"https://sgfm.elcorteingles.es/SGFM/dctm/MEDIA03/201609/26/00118144700079____2__600x600.jpg","price":"6,95 €","price_unit":"(0,01 € / Unidad)","categories":["Supermercado","Alimentación General","Aperitivos y frutos secos","Nueces","SANCHEZ nueces ecológicas tarrina 600 g"],"general_information":[],"ingredients":[],"ean":"8425957026989"},{"full_name":"BORGES nueces de California con Omega 3 bolsa 500 g","name":"nueces de California con Omega 3 bolsa 500 g","brand":"BORGES ","img":"https://sgfm.elcorteingles.es/SGFM//00/47/1/0120976400471/0120976400471000g01011.jpg","price":"4,72 €","price_unit":"(9,44 € / Kilo)","categories":["Supermercado","Alimentación General","Aperitivos y frutos secos","Nueces","BORGES nueces de California con Omega 3 bolsa 500 g"],"general_information":["Denominación del alimento: Nuez con cáscara de California.","País de origen: España","Nombre del operador: Borges Branded Foods, SLU.","Dirección del operador: C/Flix, 29 - 43205 Reus (Tarragona).","Lugar de procedencia del alimento: California","Cantidad Neta: 500 g"],"ingredients":[" Nueces de California con cáscara. Puede contener trazas de cacahuetes y otros frutos secos."],"conservation":" Conservar en lugar fresco y seco.","ean":"8410148501840"},{"full_name":"BORGES nueces de California con Omega 3 bolsa 130 g","name":"nueces de California con Omega 3 bolsa 130 g","brand":"BORGES ","img":"https://sgfm.elcorteingles.es/SGFM//00/46/3/0120976400463/0120976400463000g01011.jpg","price":"3,09 €            ","price_unit":"(20,69 € / Kilo)","categories":["Supermercado","Alimentación General","Aperitivos y frutos secos","Nueces","BORGES nueces de California con Omega 3 bolsa 130 g"],"general_information":["Denominación del alimento: Nueces de California en grano.","País de origen: España","Nombre del operador: Borges Branded Foods, SLU.","Dirección del operador: C/Flix, 29 - 43205 Reus (Tarragona).","Lugar de procedencia del alimento: California","Cantidad Neta: 130 g"],"ingredients":[" Nueces en grano de California. Puede contener trazas de cacahuetes y otros frutos secos."],"conservation":" Conservar en lugar fresco y seco.","ean":"8410148501833"},{"full_name":"BORGES nueces en grano tarro 150 g","name":"nueces en grano tarro 150 g","brand":"BORGES ","img":"https://sgfm.elcorteingles.es/SGFM/dctm/MEDIA03/201709/19/00120976400570____1__600x600.jpg","price":"5,30 €","price_unit":"(35,33 € / Kilo)","categories":["Supermercado","Alimentación General","Aperitivos y frutos secos","Nueces","BORGES nueces en grano tarro 150 g"],"general_information":["Denominación del alimento: Nueces de California en grano.","País de origen: España","Nombre del operador: Borges Branded Foods, SLU.","Dirección del operador: C/Flix, 29 - 43205 Reus (Tarragona).","Lugar de procedencia del alimento: California","Cantidad Neta: 120 g"],"ingredients":[" Nuez en grano de California. Puede contener trazas de cacahuetes y otros frutos secos."],"conservation":" Conservar en lugar fresco y seco.","ean":"8410148050027"},{"full_name":"GANCEDO nueces de California peladas bolsa 100 g","name":"nueces de California peladas bolsa 100 g","brand":"GANCEDO ","img":"https://sgfm.elcorteingles.es/SGFM/dctm/MEDIA02/CONTENIDOS/201411/14/00200476400379____1__600x600.jpg","price":"3,03 €","price_unit":"(30,30 € / Kilo)","categories":["Supermercado","Alimentación General","Aperitivos y frutos secos","Nueces","GANCEDO nueces de California peladas bolsa 100 g"],"general_information":[],"ingredients":[],"ean":"8412177037284"},{"full_name":"PAÑO NATURAE nueces de macadamia ecológicas bolsa 90 g","name":"nueces de macadamia ecológicas bolsa 90 g","brand":"PAÑO NATURAE ","img":"https://sgfm.elcorteingles.es/SGFM/dctm/MEDIA03/201702/16/00120971800048____1__600x600.jpg","price":"5,39 €","price_unit":"(59,89 € / Kilo)","categories":["Supermercado","Alimentación General","Aperitivos y frutos secos","Nueces","PAÑO NATURAE nueces de macadamia ecológicas bolsa 90 g"],"general_information":["Denominación del alimento: Macadamia","Nombre del operador: Paño Fruits S.L.","Dirección del operador: Av. Montblanc 28, 43460 Alcover (Tarragona)","Cantidad Neta: 90 g"],"ingredients":[" 100% macadamias crudas procedentes de agricultura ecológica. Puede contener cacahuete y otros frutos de cáscara."],"conservation":" Mantener en lugar seco, fresco y protegido de la luz.","ean":"8430175893039"},{"full_name":"PAÑO NATURAE nueces en grano ecológicas envase 90 g","name":"nueces en grano ecológicas envase 90 g","brand":"PAÑO NATURAE ","img":"https://sgfm.elcorteingles.es/SGFM/dctm/MEDIA03/201702/16/00120976600013____1__600x600.jpg","price":"2,73 €","price_unit":"(30,33 € / Kilo)","categories":["Supermercado","Alimentación General","Aperitivos y frutos secos","Nueces","PAÑO NATURAE nueces en grano ecológicas envase 90 g"],"general_information":["Denominación del alimento: Nueces grano","Nombre del operador: Paño Fruits S.L.","Dirección del operador: Av. Montblanc 28, 43460 Alcover (Tarragona)","Cantidad Neta: 90 g"],"ingredients":[" Nueces grano ecólogicas. Puede contener cacahuete y otros frutos de cáscara. No contiene GMO."],"conservation":" Mantener en lugar seco, fresco y protegido de la luz.","ean":"8430175813907"},{"full_name":"PAÑO Naturae nueces del Pecán ecológicas bolsa 90 g","name":"Naturae nueces del Pecán ecológicas bolsa 90 g","brand":"PAÑO ","img":"https://sgfm.elcorteingles.es/SGFM/dctm/MEDIA03/201702/16/00120976600039____1__600x600.jpg","price":"4,57 €","price_unit":"(50,78 € / Kilo)","categories":["Supermercado","Alimentación General","Aperitivos y frutos secos","Nueces","PAÑO Naturae nueces del Pecán ecológicas bolsa 90 g"],"general_information":["Denominación del alimento: Nuez de Pecan","Nombre del operador: Paño Fruits S.L.","Dirección del operador: Av. Montblanc 28, 43460 Alcover (Tarragona)","Cantidad Neta: 90 g"],"ingredients":[" 100 % Nuez de Pecan eco. Puede contener cacahuetes y otros frutos de cáscara."],"conservation":" Mantener en lugar seco, fresco y protegido de la luz.","ean":"8430175814003"},{"full_name":"GANCEDO nueces peladas envase 200 g","name":"nueces peladas envase 200 g","brand":"GANCEDO ","img":"https://sgfm.elcorteingles.es/SGFM//00/45/5/0120976400455/0120976400455000g01011.jpg","price":"7,95 €","price_unit":"(39,75 € / Kilo)","categories":["Supermercado","Alimentación General","Aperitivos y frutos secos","Nueces","GANCEDO nueces peladas envase 200 g"],"general_information":[],"ingredients":[],"ean":"8422915148004"},{"full_name":"FRIT RAVICH nueves estilo mediterraneo envase 160 g","name":"nueves estilo mediterraneo envase 160 g","brand":"FRIT RAVICH ","img":"https://sgfm.elcorteingles.es/SGFM/dctm/MEDIA03/201706/30/00120976400513____2__600x600.jpg","price":"3,32 €","price_unit":"(20,75 € / Kilo)","categories":["Supermercado","Alimentación General","Aperitivos y frutos secos","Nueces","FRIT RAVICH nueves estilo mediterraneo envase 160 g"],"general_information":["Denominación del alimento: Nueces grano crudas.","Nombre del operador: Frit Ravich, SL","Dirección del operador: Polígono Industrial Massanet s/n. 17412 Massanet de la Selva (Girona)","Cantidad Neta: 150 g"],"ingredients":[" Nueces. Puede contener trazas de cacahuetes y otros frutos de cáscara."],"conservation":" Conservar en lugar fresco, seco y protegido de la luz. Una vez abierto, mantener el envase cerrado en condiciones frescas y secas.","ean":"8410564022127"},{"full_name":"ESPADA El Aperitivo nuez pelada bolsa 100 g","name":"El Aperitivo nuez pelada bolsa 100 g","brand":"ESPADA ","img":"https://sgfm.elcorteingles.es/SGFM/dctm/MEDIA02/CONTENIDOS/201409/03/00120976400505____1__600x600.jpg","price":"2,43 €","price_unit":"(24,30 € / Kilo)","categories":["Supermercado","Alimentación General","Aperitivos y frutos secos","Nueces","ESPADA El Aperitivo nuez pelada bolsa 100 g"],"general_information":["Denominación del alimento: Nuez pelada","Nombre del operador: Espafrima S.L","Dirección del operador: C/ Fundidores, 45. Poligono Industrial Los Ángeles 28906 Getafe (Madrid) España","Cantidad Neta: 100,0 g"],"ingredients":[" Nuez pelada llimpia en mitades (producto natural). Puede contener trazas de cacahuete, otros frutos con cáscara, gluten, soja."],"conservation":" Conservar en lugar fresco y seco.","ean":"8423856002080"},{"full_name":"PLATINO nueces con cascara de los Alpes saco 550 g","name":"nueces con cascara de los Alpes saco 550 g","brand":"PLATINO ","img":"https://sgfm.elcorteingles.es/SGFM/dctm/MEDIA03/201712/18/00118150200311____1__600x600.jpg","price":"7,95 €            ","price_unit":"(10,89 € / Kilo)","categories":["Supermercado","Alimentación General","Aperitivos y frutos secos","Nueces","PLATINO nueces con cascara de los Alpes saco 550 g"],"general_information":[],"ingredients":[],"ean":"8425328009900"},{"full_name":"PRODUCTOS PARES nueces en grano envase 180 g","name":"nueces en grano envase 180 g","brand":"PRODUCTOS PARES ","img":"https://sgfm.elcorteingles.es/SGFM/dctm/MEDIA03/201602/11/00120976400497____1__600x600.jpg","price":"2,30 €","price_unit":"(12,78 € / Kilo)","categories":["Supermercado","Alimentación General","Aperitivos y frutos secos","Nueces","PRODUCTOS PARES nueces en grano envase 180 g"],"general_information":[],"ingredients":[],"ean":"8410148504186"},{"full_name":"BORGES Pizarro nueces en grano bolsa 200 g","name":"Pizarro nueces en grano bolsa 200 g","brand":"BORGES ","img":"https://sgfm.elcorteingles.es/SGFM/00/28/2/0118141500282/0118141500282000g01011.jpg","price":"5,25 €","price_unit":"(26,25 € / Kilo)","categories":["Supermercado","Alimentación General","Aperitivos y frutos secos","Nueces","BORGES Pizarro nueces en grano bolsa 200 g"],"general_information":["Denominación del alimento: Nuez en grano.","País de origen: España","Nombre del operador: Borges Branded Foods, SLU.","Dirección del operador: C/Flix, 29 - 43205 Reus (Tarragona).","Cantidad Neta: 200 g"],"ingredients":[" Nuez en grano. Puede contener trazas de cacahuetes y otros frutos secos."],"conservation":" Conservar en lugar fresco y seco.","ean":"8410148502533"},{"full_name":"PIZARRO nueces con cáscara tamaño superior bolsa 650 g","name":"nueces con cáscara tamaño superior bolsa 650 g","brand":"PIZARRO ","img":"https://sgfm.elcorteingles.es/SGFM/dctm/MEDIA02/CONTENIDOS/201410/16/00118141500324____1__600x600.jpg","price":"7,45 €","price_unit":"(11,46 € / Kilo)","categories":["Supermercado","Alimentación General","Aperitivos y frutos secos","Nueces","PIZARRO nueces con cáscara tamaño superior bolsa 650 g"],"general_information":["Denominación del alimento: Nuez con cáscara del país.","País de origen: España","Nombre del operador: Borges Branded Foods, SLU.","Dirección del operador: C/Flix, 29 - 43205 Reus (Tarragona).","Lugar de procedencia del alimento: España","Cantidad Neta: 650 g"],"ingredients":[" Nueces del país. Puede contener trazas de cacahuetes y otros frutos secos."],"conservation":" Conservar en lugar fresco y seco.","ean":"8410148100364"},{"full_name":"DARAMA nueces peladas mitades ecológicas bolsa 200 g","name":"nueces peladas mitades ecológicas bolsa 200 g","brand":"DARAMA ","img":"https://sgfm.elcorteingles.es/SGFM/00/06/1/0118144700061/0118144700061000g01011.jpg","price":"4,95 €","price_unit":"(24,75 € / Kilo)","categories":["Supermercado","Alimentación General","Aperitivos y frutos secos","Nueces","DARAMA nueces peladas mitades ecológicas bolsa 200 g"],"general_information":["Denominación del alimento: NUECES PELADAS","Nombre del operador: APERITIVOS MEDINA-3, S.L.","Dirección del operador: C/ Puerto Linera nº 1, 28935 Móstoles (Madrid), España","Cantidad Neta: 200 g"],"ingredients":[" Nueces peladas"],"ean":"8412139007553"},{"full_name":"DARAMA nuez pecana ecológica bolsa 150 g","name":"nuez pecana ecológica bolsa 150 g","brand":"DARAMA ","img":"https://sgfm.elcorteingles.es/SGFM/00/07/4/0202044700074/0202044700074000g01011.jpg","price":"6,25 €","price_unit":"(41,67 € / Kilo)","categories":["Supermercado","Alimentación General","Aperitivos y frutos secos","Nueces","DARAMA nuez pecana ecológica bolsa 150 g"],"general_information":["Denominación del alimento: NUEZ PECANA","Nombre del operador: APERITIVOS MEDINA-3, S.L.","Dirección del operador: C/ Puerto Linera nº 1, 28935 Móstoles (Madrid), España","Cantidad Neta: 250 g"],"ingredients":[" Nuez pecana"],"ean":"8412139007621"},{"full_name":"INTERBARI nuez en grano caramelizada tarrina 150 g","name":"nuez en grano caramelizada tarrina 150 g","brand":"INTERBARI ","img":"https://sgfm.elcorteingles.es/SGFM/dctm/MEDIA02/CONTENIDOS/201601/25/00118141500357____1__600x600.jpg","price":"4,95 €","price_unit":"(33 € / Kilo)","categories":["Supermercado","Alimentación General","Aperitivos y frutos secos","Nueces","INTERBARI nuez en grano caramelizada tarrina 150 g"],"general_information":[],"ingredients":[],"ean":"8413111010752"},{"full_name":"EL CORTE INGLES almendras Marcona tostadas tarrina 225 g","name":"almendras Marcona tostadas tarrina 225 g","brand":"EL CORTE INGLES ","img":"https://sgfm.elcorteingles.es/SGFM/dctm/MEDIA03/201606/20/00118140100530____1__600x600.jpg","price":"5,75 €","price_unit":"(25,56 € / Kilo)","categories":["Supermercado","Alimentación General","Aperitivos y frutos secos","Almendras","EL CORTE INGLES almendras Marcona tostadas tarrina 225 g"],"general_information":["Denominación del alimento: ALMENDRAS MARCONA TOSTADAS Y SALADAS","Nombre del operador: Elaborado para El Corte Inglés por\nAperitivos Medina 3, S.L. - Puerto Linera, 1 \nPol. Ind. Nº 6 Expansión - Móstoles (Madrid) España","Lugar de procedencia del alimento: Origen del fruto: España","Cantidad Neta: 225 g","Número de raciones por envase: 9"],"ingredients":[" Ingredientes: Almendras, sal y harina de arroz Puede contener trazas de cacahuetes y otros frutos de cáscara."],"conservation":" Envasado en atmósfera protectora. Conservar en lugar fresco y seco.","ean":"8433329020619"},{"full_name":"EL CORTE INGLES almendras Marcona crudas tarrina 225 g","name":"almendras Marcona crudas tarrina 225 g","brand":"EL CORTE INGLES ","img":"https://sgfm.elcorteingles.es/SGFM/dctm/MEDIA03/201606/13/00118140100597____2__600x600.jpg","price":"6,95 €","price_unit":"(30,89 € / Kilo)","categories":["Supermercado","Alimentación General","Aperitivos y frutos secos","Almendras","EL CORTE INGLES almendras Marcona crudas tarrina 225 g"],"general_information":["Denominación del alimento: ALMENDRAS MARCONA CRUDAS","Nombre del operador: Elaborado para El Corte Inglés por\nInterbari, S.L. - C/ Moncayo, 2\nPol. Ind. Los Vientos \n46119 Náquera - (Valencia) España","Lugar de procedencia del alimento: Origen del fruto: España","Cantidad Neta: 225 g","Número de raciones por envase: 11.0"],"ingredients":[" Ingredientes: Almendras Puede contener trazas de cacahuetes y otros frutos de cáscara."],"conservation":" Envasado en atmósfera protectora.  Conservar en lugar fresco y seco. Evitar la luz directa y fuentes de calor. Una vez abierto consumir en 5 días.","ean":"8433329023214"},{"full_name":"EL CORTE INGLES almendras Marcona fritas tarrina 250 g","name":"almendras Marcona fritas tarrina 250 g","brand":"EL CORTE INGLES ","img":"https://sgfm.elcorteingles.es/SGFM/dctm/MEDIA03/201606/20/00118140100563____1__600x600.jpg","price":"8,75 €            ","price_unit":"(27,80 € / Kilo)","categories":["Supermercado","Alimentación General","Aperitivos y frutos secos","Almendras","EL CORTE INGLES almendras Marcona fritas tarrina 250 g"],"general_information":["Denominación del alimento: ALMENDRAS MARCONA FRITAS","Nombre del operador: Elaborado para El Corte Inglés por\nAperitivos Medina 3, S.L. - Puerto Linera, 1 \nPol. Ind. Nº 6 Expansión - Móstoles (Madrid) España","Lugar de procedencia del alimento: Origen del fruto: España","Cantidad Neta: 250 g","Número de raciones por envase: 10"],"ingredients":[" Ingredientes: Almendras, aceite de girasol y sal Puede contener trazas de cacahuetes y otros frutos de cáscara."],"conservation":" Envasado en atmósfera protectora. Conservar en lugar fresco y seco.","ean":"8433329020640"},{"full_name":"EL CORTE INGLES almendras Marcona molidas crudas tarrina 175 g","name":"almendras Marcona molidas crudas tarrina 175 g","brand":"EL CORTE INGLES ","img":"https://sgfm.elcorteingles.es/SGFM/dctm/MEDIA03/201606/13/00118140100605____2__600x600.jpg","price":"3,95 €","price_unit":"(22,57 € / Kilo)","categories":["Supermercado","Alimentación General","Aperitivos y frutos secos","Almendras","EL CORTE INGLES almendras Marcona molidas crudas tarrina 175 g"],"general_information":["Denominación del alimento: ALMENDRAS MARCONA MOLIDAS","Nombre del operador: Elaborado para El Corte Inglés por\nInterbari, S.L. - C/ Moncayo, 2\nPol. Ind. Los Vientos \n46119 Náquera - (Valencia) España","Lugar de procedencia del alimento: Origen del fruto: España","Cantidad Neta: 1755 g","Número de raciones por envase: 9.0"],"ingredients":[" Ingredientes: Almendras Puede contener trazas de cacahuetes y otros frutos de cáscara."],"conservation":" Envasado en atmósfera protectora.  Conservar en lugar fresco y seco. Evitar la luz directa y fuentes de calor. Una vez abierto consumir en 5 días.","ean":"8433329023221"},{"full_name":"EL CORTE INGLES almendras Marconas fritas artesanas tarrina 250 g","name":"almendras Marconas fritas artesanas tarrina 250 g","brand":"EL CORTE INGLES ","img":"https://sgfm.elcorteingles.es/SGFM/dctm/MEDIA03/201610/28/00202040100626____1__600x600.jpg","price":"7,95 €","price_unit":"(31,80 € / Kilo)","categories":["Supermercado","Alimentación General","Aperitivos y frutos secos","Almendras","EL CORTE INGLES almendras Marconas fritas artesanas tarrina 250 g"],"general_information":["Denominación del alimento: ALMENDRAS MARCONA FRITAS","Nombre del operador: Elaborado para El Corte Inglés por\nAperitivos Medina 3, S.L. - Puerto Linera, 1 \nPol. Ind. Nº 6 Expansión - Móstoles (Madrid) España","Lugar de procedencia del alimento: Origen del fruto: ver base.","Cantidad Neta: 250 g","Número de raciones por envase: 10"],"ingredients":[" Ingredientes: Almendras, aceite girasol, aceite de girasol alto oleico y sal. Puede contener trazas de cacahuetes y otros frutos de cáscara."],"conservation":" Envasado en atmósfera protectora. Conservar en lugar fresco y seco.","ean":"8433329078030"},{"full_name":"EL CORTE INGLES almendras largueta tostadas con sal tarrina 225 g","name":"almendras largueta tostadas con sal tarrina 225 g","brand":"EL CORTE INGLES ","img":"https://sgfm.elcorteingles.es/SGFM/dctm/MEDIA03/201606/20/00118140100571____1__600x600.jpg","price":"5,25 €","price_unit":"(23,33 € / Kilo)","categories":["Supermercado","Alimentación General","Aperitivos y frutos secos","Almendras","EL CORTE INGLES almendras largueta tostadas con sal tarrina 225 g"],"general_information":["Denominación del alimento: ALMENDRAS LARGUETA TOSTADAS Y SALADAS","Nombre del operador: Elaborado para El Corte Inglés por\nAperitivos Medina 3, S.L. - Puerto Linera, 1 \nPol. Ind. Nº 6 Expansión - Móstoles (Madrid) España","Lugar de procedencia del alimento: Origen del fruto: España","Cantidad Neta: 225 g","Número de raciones por envase: 9"],"ingredients":[" Ingredientes: Almendras, sal y harina de arroz Puede contener trazas de cacahuetes y otros frutos de cáscara."],"conservation":" Envasado en atmósfera protectora. Conservar en lugar fresco y seco.","ean":"8433329020657"},{"full_name":"EL CORTE INGLES almendras largueta tostadas sin sal tarrina 225 g","name":"almendras largueta tostadas sin sal tarrina 225 g","brand":"EL CORTE INGLES ","img":"https://sgfm.elcorteingles.es/SGFM/dctm/MEDIA03/201606/20/00118140100555____1__600x600.jpg","price":"5,95 €","price_unit":"(26,44 € / Kilo)","categories":["Supermercado","Alimentación General","Aperitivos y frutos secos","Almendras","EL CORTE INGLES almendras largueta tostadas sin sal tarrina 225 g"],"general_information":["Denominación del alimento: Almendras","Nombre del operador: Aperitivos Medina 3, S.L.","Dirección del operador: Puerto Linera, 1 Pol. Ind. Nº6 Expansión - Móstoles - Madrid - España","Cantidad Neta: 225 g"],"ingredients":[" almendras. Contiene frutos de cáscara, puede contener cacahuetes."],"conservation":" Conservar en lugar fresco y seco.","ean":"8433329020633"},{"full_name":"EL CORTE INGLES almendras de California fritas tarrina 250 g","name":"almendras de California fritas tarrina 250 g","brand":"EL CORTE INGLES ","img":"https://sgfm.elcorteingles.es/SGFM/dctm/MEDIA03/201606/20/00118140100548____1__600x600.jpg","price":"4,50 €","price_unit":"(18 € / Kilo)","categories":["Supermercado","Alimentación General","Aperitivos y frutos secos","Almendras","EL CORTE INGLES almendras de California fritas tarrina 250 g"],"general_information":["Denominación del alimento: ALMENDRAS CALIFORNIA FRITAS","Nombre del operador: Elaborado para El Corte Inglés por\nAperitivos Medina 3, S.L. - Puerto Linera, 1 \nPol. Ind. Nº 6 Expansión - Móstoles (Madrid) España","Lugar de procedencia del alimento: Origen del fruto: EE.UU.","Cantidad Neta: 250 g","Número de raciones por envase: 10"],"ingredients":[" Ingredientes: Almendras, aceite de girasol y sal Puede contener trazas de cacahuetes y otros frutos de cáscara."],"conservation":" Envasado en atmósfera protectora. Conservar en lugar fresco y seco.","ean":"8433329020626"},{"full_name":"EL CORTE INGLES almendra con piel cruda ecológica bolsa 200 g","name":"almendra con piel cruda ecológica bolsa 200 g","brand":"EL CORTE INGLES ","img":"https://sgfm.elcorteingles.es/SGFM/dctm/MEDIA03/201708/04/00118144100064____1__600x600.jpg","price":"5,25 €","price_unit":"(26,25 € / Kilo)","categories":["Supermercado","Alimentación General","Aperitivos y frutos secos","Almendras","EL CORTE INGLES almendra con piel cruda ecológica bolsa 200 g"],"general_information":["Denominación del alimento: ALMENDRA CON PIEL CRUDA ECOLÓGICA","Nombre del operador: Envasado para El Corte Inglés por\nAperitivos Medina 3, S.L. \nC/ Puerto Linera, 1 \n 28935 (Móstoles) Madrid\n España","Lugar de procedencia del alimento: Origen: España","Cantidad Neta: 200 g"],"ingredients":[" Ingredientes: Almendra con piel cruda ecológica Puede contener trazas de otros frutos de cáscara."],"conservation":" Conservar en lugar fresco y seco. Evitar la luz directa y fuentes de calor. Una vez abierto consumir antes de 30 días.","ean":"8433329082082"},{"full_name":"EL CORTE INGLES almendra sin piel cruda ecológica bolsa 200 g","name":"almendra sin piel cruda ecológica bolsa 200 g","brand":"EL CORTE INGLES ","img":"https://sgfm.elcorteingles.es/SGFM/dctm/MEDIA03/201708/04/00118144100080____1__600x600.jpg","price":"5,95 €","price_unit":"(29,75 € / Kilo)","categories":["Supermercado","Alimentación General","Aperitivos y frutos secos","Almendras","EL CORTE INGLES almendra sin piel cruda ecológica bolsa 200 g"],"general_information":["Denominación del alimento: ALMENDRA SIN PIEL CRUDA ECOLÓGICA","Nombre del operador: Envasado para El Corte Inglés por\nAperitivos Medina 3, S.L. \nC/ Puerto Linera, 1 \n 28935 (Móstoles) Madrid\n España","Lugar de procedencia del alimento: Origen: España","Cantidad Neta: 200 g"],"ingredients":[" Ingredientes: Almendra sin piel cruda ecológica Puede contener trazas de otros frutos de cáscara."],"conservation":" Conservar en lugar fresco y seco. Evitar la luz directa y fuentes de calor. Una vez abierto consumir antes de 30 días.","ean":"8433329082099"},{"full_name":"EL CORTE INGLES almendra marcona tostada ecológica bolsa 200 g","name":"almendra marcona tostada ecológica bolsa 200 g","brand":"EL CORTE INGLES ","img":"https://sgfm.elcorteingles.es/SGFM/dctm/MEDIA03/201708/04/00118144100072____1__600x600.jpg","price":"7,50 €","price_unit":"(37,50 € / Kilo)","categories":["Supermercado","Alimentación General","Aperitivos y frutos secos","Almendras","EL CORTE INGLES almendra marcona tostada ecológica bolsa 200 g"],"general_information":["Denominación del alimento: Almendra repelada tostada y salada ecológica","Nombre del operador: Envasado para El Corte Inglés por\nAperitivos Medina 3, S.L. \nC/ Puerto Linera, 1 \n 28935 (Móstoles) Madrid\n España","Lugar de procedencia del alimento: Origen: España","Cantidad Neta: 200 g"],"ingredients":[" Ingredientes: Almendra* repelada tostada  y sal \n*Procedente de cultivo ecológico. Puede contener trazas de otros frutos de cáscara."],"conservation":" Conservar en lugar fresco y seco. Evitar la luz directa y fuentes de calor. Una vez abierto consumir antes de 30 días.","ean":"8433329083690"},{"full_name":"MEDINA SELECCION almendras crudas en palitos tarrina 125 g","name":"almendras crudas en palitos tarrina 125 g","brand":"MEDINA SELECCION ","img":"https://sgfm.elcorteingles.es/SGFM/00/39/9/0118140100399/0118140100399000g01011.jpg","price":"3,50 €","price_unit":"(28 € / Kilo)","categories":["Supermercado","Alimentación General","Aperitivos y frutos secos","Almendras","MEDINA SELECCION almendras crudas en palitos tarrina 125 g"],"general_information":["Denominación del alimento: ALMENDRA CRUDA PALITOS","Nombre del operador: APERITIVOS MEDINA-3, S.L.","Dirección del operador: C/ Puerto Linera nº 1, 28935 Móstoles (Madrid), España","Cantidad Neta: 125 g"],"ingredients":[" Almendra cruda"],"ean":"8412139007164"},{"full_name":"MEDINA SELECCION almendras laminadas tarrina 125 g","name":"almendras laminadas tarrina 125 g","brand":"MEDINA SELECCION ","img":"https://sgfm.elcorteingles.es/SGFM/00/63/9/0118140100639/0118140100639000g01011.jpg","price":"3,50 €","price_unit":"(28 € / Kilo)","categories":["Supermercado","Alimentación General","Aperitivos y frutos secos","Almendras","MEDINA SELECCION almendras laminadas tarrina 125 g"],"general_information":["Denominación del alimento: ALMENDRA LAMINADA CRUDA","Nombre del operador: APERITIVOS MEDINA-3, S.L.","Dirección del operador: C/ Puerto Linera nº 1, 28935 Móstoles (Madrid), España","Cantidad Neta: 125 g"],"ingredients":[" Almendra cruda"],"ean":"8412139007157"},{"full_name":"MATUTANO almendras tostadas al horno bolsa 128 g","name":"almendras tostadas al horno bolsa 128 g","brand":"MATUTANO ","img":"https://sgfm.elcorteingles.es/SGFM/00/49/7/0120968400497/0120968400497000g01011.jpg","price":"3,50 €","price_unit":"(27,34 € / Kilo)","categories":["Supermercado","Alimentación General","Aperitivos y frutos secos","Almendras","MATUTANO almendras tostadas al horno bolsa 128 g"],"general_information":["Denominación del alimento: Almendras tostadas sazonadas","Nombre del operador: PepsiCo Foods. A.I.E.","Dirección del operador: Avenida de los Olmos, 2, 01013 - Vitoria, España","Cantidad Neta: 128 g","Otras menciones obligatorias en la etiqueta: Envasado en atmósfera protectora. Recuerde: los niños pequeños pueden atragantarse con los frutos secos."],"ingredients":[" Almendras. condimento preparado [estabilizante (sorbitol). almidón de patata modificado. harina de arroz. extracto de levadura. levadura en polvo. azúcar caramelizado. dextrosa. preparaciones aromatizantes. especias. cebolla en polvo,sal]. estabilizante (goma arábiga). Puede contener trigo. cacahuetes y otros frutos secos."],"conservation":" Conservar en lugar fresco y seco.","ean":"8410199012951"},{"full_name":"BORGES almendras bolsa 200 g","name":"almendras bolsa 200 g","brand":"BORGES ","img":"https://sgfm.elcorteingles.es/SGFM/00/69/5/0120968400695/0120968400695000g01011.jpg","price":"4,57 €            ","price_unit":"(19,25 € / Kilo)","categories":["Supermercado","Alimentación General","Aperitivos y frutos secos","Almendras","BORGES almendras bolsa 200 g"],"general_information":["Denominación del alimento: Almendras fritas y saladas USA.","País de origen: España","Nombre del operador: Borges Branded Foods, SLU.","Dirección del operador: C/Flix, 29 - 43205 Reus (Tarragona).","Lugar de procedencia del alimento: EUA","Cantidad Neta: 200 g"],"ingredients":[" Almendra común sin piel, aceite vegetal de girasol y sal. Puede contener trazas de cacahuetes y otros frutos secos."],"conservation":" Conservar en lugar fresco y seco.","ean":"8410148501949"},{"full_name":"BORGES almendras largueta tostadas y saladas bolsa 180 g","name":"almendras largueta tostadas y saladas bolsa 180 g","brand":"BORGES ","img":"https://sgfm.elcorteingles.es/SGFM/00/71/1/0120968400711/0120968400711000g01011.jpg","price":"4,51 €","price_unit":"(25,06 € / Kilo)","categories":["Supermercado","Alimentación General","Aperitivos y frutos secos","Almendras","BORGES almendras largueta tostadas y saladas bolsa 180 g"],"general_information":["Denominación del alimento: Almendra largueta con piel tostada y salada.","País de origen: España","Nombre del operador: Borges Branded Foods, SLU.","Dirección del operador: C/Flix, 29 - 43205 Reus (Tarragona).","Cantidad Neta: 180 g"],"ingredients":[" Almendra largueta con piel, sal y harina de arroz. Puede contener trazas de cacahuetes y otros frutos secos."],"conservation":" Conservar en lugar fresco y seco.","ean":"8410148503127"},{"full_name":"BORGES almendra largueta bolsa 150 g","name":"almendra largueta bolsa 150 g","brand":"BORGES ","img":"https://sgfm.elcorteingles.es/SGFM/00/70/3/0120968400703/0120968400703000g01011.jpg","price":"4,43 €","price_unit":"(29,53 € / Kilo)","categories":["Supermercado","Alimentación General","Aperitivos y frutos secos","Almendras","BORGES almendra largueta bolsa 150 g"],"general_information":["Denominación del alimento: Almendra largueta tostada con piel","País de origen: España","Nombre del operador: Borges Branded Foods, SLU.","Dirección del operador: C/Flix, 29 - 43205 Reus (Tarragona).","Cantidad Neta: 150 g"],"ingredients":[" Almendras larguetas con piel. Puede contener trazas de cacahuetes y otros frutos secos"],"conservation":" Conservar en lugar fresco y seco.","ean":"8410148502083"},{"full_name":"BORGES almendras marconas fritas y saladas envase 150 g","name":"almendras marconas fritas y saladas envase 150 g","brand":"BORGES ","img":"https://sgfm.elcorteingles.es/SGFM/dctm/MEDIA03/201709/19/00120968401081____1__600x600.jpg","price":"6,39 €","price_unit":"(42,60 € / Kilo)","categories":["Supermercado","Alimentación General","Aperitivos y frutos secos","Almendras","BORGES almendras marconas fritas y saladas envase 150 g"],"general_information":["Denominación del alimento: Almendras marcona fritas y saladas.","País de origen: España","Nombre del operador: Borges Branded Foods, SLU.","Dirección del operador: C/Flix, 29 - 43205 Reus (Tarragona).","Cantidad Neta: 150 g"],"ingredients":[" Almendra marcona sin piel, aceite vegetal de girasol y sal. Puede contener trazas de cacahuetes y otros frutos secos."],"conservation":" Conservar en lugar fresco y seco.","ean":"8410148010106"},{"full_name":"MEDINA almendra cruda repelada picada tarrina 150 g","name":"almendra cruda repelada picada tarrina 150 g","brand":"MEDINA ","img":"https://sgfm.elcorteingles.es/SGFM/00/06/3/0202040100063/0202040100063000g01011.jpg","price":"3,95 €","price_unit":"(26,33 € / Kilo)","categories":["Supermercado","Alimentación General","Aperitivos y frutos secos","Almendras","MEDINA almendra cruda repelada picada tarrina 150 g"],"general_information":["Denominación del alimento: ALMENDRA CRUDA GRANILLO","Nombre del operador: APERITIVOS MEDINA-3, S.L.","Dirección del operador: C/ Puerto Linera nº 1, 28935 Móstoles (Madrid), España","Cantidad Neta: 150 g"],"ingredients":[" Almendra cruda"],"ean":"8412139007140"},{"full_name":"PAÑO NATURAE almendras en láminas ecológicas envase 90 g","name":"almendras en láminas ecológicas envase 90 g","brand":"PAÑO NATURAE ","img":"https://sgfm.elcorteingles.es/SGFM/dctm/MEDIA03/201702/16/00120968600054____1__600x600.jpg","price":"2,92 €","price_unit":"(32,44 € / Kilo)","categories":["Supermercado","Alimentación General","Aperitivos y frutos secos","Almendras","PAÑO NATURAE almendras en láminas ecológicas envase 90 g"],"general_information":["Denominación del alimento: Lamina de almendra","Nombre del operador: Paño Fruits S.L.","Dirección del operador: Av. Montblanc 28, 43460 Alcover (Tarragona)","Cantidad Neta: 90 g"],"ingredients":[" 100% Laminas de almendra repelada bio. Puede contener cacahuete y otros frutos de cáscara."],"conservation":" Mantener en lugar seco, fresco y protegido de la luz.","ean":"8430175839907"},{"full_name":"PAÑO NATURAE almendras saladas ecológicas envase 90 g","name":"almendras saladas ecológicas envase 90 g","brand":"PAÑO NATURAE ","img":"https://sgfm.elcorteingles.es/SGFM/dctm/MEDIA03/201702/16/00120968600039____1__600x600.jpg","price":"3,14 €","price_unit":"(34,89 € / Kilo)","categories":["Supermercado","Alimentación General","Aperitivos y frutos secos","Almendras","PAÑO NATURAE almendras saladas ecológicas envase 90 g"],"general_information":["Denominación del alimento: Almendra frita y salada","Nombre del operador: Paño Fruits S.L.","Dirección del operador: Av. Montblanc 28, 43460 Alcover (Tarragona)","Cantidad Neta: 90 g"],"ingredients":[" Almendra repelada ecológica (98,1%), aceite de oliva virgen extra ecológico (1%) y sal atlantica sin aditivos aproximadamente 0,9% de sal. Puede contener cacahuetes y otros frutos de cáscara."],"conservation":" Mantener en lugar seco, fresco y protegido de la luz.","ean":"8430175830904"},{"full_name":"PAÑO NATURAE almendras repeladas ecológicas envase 90 g","name":"almendras repeladas ecológicas envase 90 g","brand":"PAÑO NATURAE ","img":"https://sgfm.elcorteingles.es/SGFM/dctm/MEDIA03/201702/16/00120968600021____1__600x600.jpg","price":"3,05 €","price_unit":"(33,89 € / Kilo)","categories":["Supermercado","Alimentación General","Aperitivos y frutos secos","Almendras","PAÑO NATURAE almendras repeladas ecológicas envase 90 g"],"general_information":["Denominación del alimento: Almendra repelada","Nombre del operador: Paño Fruits S.L.","Dirección del operador: Av. Montblanc 28, 43460 Alcover (Tarragona)","Cantidad Neta: 90 g"],"ingredients":[" 100% Almedra repelada bio, Puede contener cacahuete y otros frutos de cáscara."],"conservation":" Mantener en lugar seco, fresco y protegido de la luz.","ean":"8430175833905"},{"full_name":"PAÑO NATURAE almendras tostadas ecológicas envase 90 g","name":"almendras tostadas ecológicas envase 90 g","brand":"PAÑO NATURAE ","img":"https://sgfm.elcorteingles.es/SGFM/dctm/MEDIA03/201702/16/00120968600013____1__600x600.jpg","price":"3,14 €","price_unit":"(34,89 € / Kilo)","categories":["Supermercado","Alimentación General","Aperitivos y frutos secos","Almendras","PAÑO NATURAE almendras tostadas ecológicas envase 90 g"],"general_information":["Denominación del alimento: Almendra tostada","Nombre del operador: Paño Fruits S.L.","Dirección del operador: Av. Montblanc 28, 43460 Alcover (Tarragona)","Cantidad Neta: 90 g"],"ingredients":[" 100% Almendra ecológica. Puede contenercacahuete y otros frutos de cáscara. No contiene GMO."],"conservation":" Mantener en lugar seco, fresco y protegido de la luz.","ean":"8430175810906"},{"full_name":"WONDERFUL almendras con piel naturales envase 200 g","name":"almendras con piel naturales envase 200 g","brand":"WONDERFUL ","img":"https://sgfm.elcorteingles.es/SGFM/dctm/MEDIA02/CONTENIDOS/201507/20/00120968400976____1__600x600.jpg","price":"3,92 €","price_unit":"(19,60 € / Kilo)","categories":["Supermercado","Alimentación General","Aperitivos y frutos secos","Almendras","WONDERFUL almendras con piel naturales envase 200 g"],"general_information":["Denominación del alimento: Almendras naturales","Nombre del operador: Wonderful Brands BVBA","Dirección del operador: Franklin Rooseveltlaan 348U, 9000 Gent, Bélgica","Cantidad Neta: 200 g","Otras menciones obligatorias en la etiqueta: Envasado en Alemania. Kosher. Halal."],"ingredients":[" Almendras (100%). Puede contener trazas de otros frutos secos."],"ean":"0014113230018"},{"full_name":"WONDERFUL almendras tostadas saladas envase 200 g","name":"almendras tostadas saladas envase 200 g","brand":"WONDERFUL ","img":"https://sgfm.elcorteingles.es/SGFM/dctm/MEDIA02/CONTENIDOS/201507/20/00120968400984____1__600x600.jpg","price":"3,92 €","price_unit":"(19,60 € / Kilo)","categories":["Supermercado","Alimentación General","Aperitivos y frutos secos","Almendras","WONDERFUL almendras tostadas saladas envase 200 g"],"general_information":["Denominación del alimento: Almedras tostadas saladas","Nombre del operador: Wonderful Brands BVBA","Dirección del operador: Franklin Rooseveltlaan 348U, 9000 Gent, Bélgica","Cantidad Neta: 200 g","Otras menciones obligatorias en la etiqueta: Hecho en Luxemburgo. Kosher. Halal."],"ingredients":[" Almendras (99%) y sal (1%). Puede contener trazas de otros frutos secos."],"ean":"0014113230025"},{"full_name":"BORGES Pizarro almendras marcona bolsa 200 g","name":"Pizarro almendras marcona bolsa 200 g","brand":"BORGES ","img":"https://sgfm.elcorteingles.es/SGFM/00/64/7/0118140100647/0118140100647000g01011.jpg","price":"5,95 €","price_unit":"(29,75 € / Kilo)","categories":["Supermercado","Alimentación General","Aperitivos y frutos secos","Almendras","BORGES Pizarro almendras marcona bolsa 200 g"],"general_information":["Denominación del alimento: Almendras marconas fritas y saladas.","País de origen: España","Nombre del operador: Borges Branded Foods, SLU.","Dirección del operador: C/Flix, 29 - 43205 Reus (Tarragona).","Lugar de procedencia del alimento: España","Cantidad Neta: 200 g"],"ingredients":[" Almendra marcona sin piel, aceite de oliva (5%), sal marina (1%). Puede contener trazas de cacahuetes y otros frutos secos."],"conservation":" Conservar en lugar fresco y seco.","ean":"8410148502557"},{"full_name":"INDEAL almendra Royal frasco 125 g","name":"almendra Royal frasco 125 g","brand":"INDEAL ","img":"https://sgfm.elcorteingles.es/SGFM/dctm/MEDIA02/CONTENIDOS/201507/09/00120968400992____1__600x600.jpg","price":"4,16 €","price_unit":"(33,28 € / Kilo)","categories":["Supermercado","Alimentación General","Aperitivos y frutos secos","Almendras","INDEAL almendra Royal frasco 125 g"],"general_information":[],"ingredients":[],"ean":"8414606648719"},{"full_name":"INDEAL almendras bañadas en chocolate negro envase 100 g","name":"almendras bañadas en chocolate negro envase 100 g","brand":"INDEAL ","img":"https://sgfm.elcorteingles.es/SGFM/dctm/MEDIA02/CONTENIDOS/201511/10/00120968401032____1__600x600.jpg","price":"3,45 €","price_unit":"(34,50 € / Kilo)","categories":["Supermercado","Alimentación General","Aperitivos y frutos secos","Almendras","INDEAL almendras bañadas en chocolate negro envase 100 g"],"general_information":[],"ingredients":[],"ean":"8414606648573"},{"full_name":"ESPADA El Aperitivo almendra comuna frita bolsa 120 g","name":"El Aperitivo almendra comuna frita bolsa 120 g","brand":"ESPADA ","img":"https://sgfm.elcorteingles.es/SGFM/dctm/MEDIA02/CONTENIDOS/201409/03/00120968400935____1__600x600.jpg","price":"2,65 €","price_unit":"(22,08 € / Kilo)","categories":["Supermercado","Alimentación General","Aperitivos y frutos secos","Almendras","ESPADA El Aperitivo almendra comuna frita bolsa 120 g"],"general_information":["Denominación del alimento: Almendra comuna frita","Nombre del operador: Espafrima S.L","Dirección del operador: C/ Fundidores, 45. Poligono Industrial Los Ángeles 28906 Getafe (Madrid) España","Cantidad Neta: 120,0 g"],"ingredients":[" Almendra comuna repelada frita (producto natural), aceite de girasol y sal. Puede contener trazas de cacahuete, otros frutos  con cáscara, gluten, soja y lactosa."],"conservation":" Conservar en lugar fresco y seco.","ean":"8423856002011"},{"full_name":"ESPADA El Aperitivo almendra comuna pelada bolsa 120 g","name":"El Aperitivo almendra comuna pelada bolsa 120 g","brand":"ESPADA ","img":"https://sgfm.elcorteingles.es/SGFM/dctm/MEDIA02/CONTENIDOS/201409/03/00120968400927____1__600x600.jpg","price":"2,65 €","price_unit":"(22,08 € / Kilo)","categories":["Supermercado","Alimentación General","Aperitivos y frutos secos","Almendras","ESPADA El Aperitivo almendra comuna pelada bolsa 120 g"],"general_information":["Denominación del alimento: Almendra comuna repelada","Nombre del operador: Espafrima S.L","Dirección del operador: C/ Fundidores, 45. Poligono Industrial Los Ángeles 28906 Getafe (Madrid) España","Cantidad Neta: 120 g"],"ingredients":[" Almendra comuna repelada cruda (producto natural). Puede contener trazas de cacahuete, otros frutos  con cáscara, gluten, soja y lactosa."],"conservation":" Conservar en lugar fresco y seco.","ean":"8423856002004"},{"full_name":"SANTO REINO almendras tostadas bolsa 180 g","name":"almendras tostadas bolsa 180 g","brand":"SANTO REINO ","img":"https://sgfm.elcorteingles.es/SGFM/00/39/8/0120968400398/0120968400398000g01011.jpg","price":"3,45 €","price_unit":"(19,17 € / Kilo)","categories":["Supermercado","Alimentación General","Aperitivos y frutos secos","Almendras","SANTO REINO almendras tostadas bolsa 180 g"],"general_information":["Denominación del alimento: Almendra Tostada","Nombre del operador: Patatas Fritas Santo Reino, S.L.","Dirección del operador: Calle Beatriz Nuñez 41, Jaén - 23009","Cantidad Neta: 180 g","Número de raciones por envase: 6","Otras menciones obligatorias en la etiqueta: Envasado en atmósfera protectora."],"ingredients":[" Almendra largueta, sal y harina de arroz."],"conservation":" Conservese en lugar fresco y seco.","ean":"8425469100016"},{"full_name":"SANTO REINO almendras fritas bolsa 180 g","name":"almendras fritas bolsa 180 g","brand":"SANTO REINO ","img":"https://sgfm.elcorteingles.es/SGFM/00/40/6/0120968400406/0120968400406000g01011.jpg","price":"3,75 €","price_unit":"(20,83 € / Kilo)","categories":["Supermercado","Alimentación General","Aperitivos y frutos secos","Almendras","SANTO REINO almendras fritas bolsa 180 g"],"general_information":["Denominación del alimento: Almendras Fritas \"Estilo Caseras\"","Nombre del operador: Patatas Fritas Santo Reino, S.L.","Dirección del operador: Calle Beatriz Nuñez 41, Jaén - 23009","Cantidad Neta: 180 g","Número de raciones por envase: 6","Otras menciones obligatorias en la etiqueta: Envasado en atmósfera protectora."],"ingredients":[" Almendra nacional, aceite de oliva y sal."],"conservation":" Conservese en lugar fresco y seco.","ean":"8425469100092"},{"full_name":"MALLORCA FRUITS almendras de Mallorca repeladas gran selección bote 275 g","name":"almendras de Mallorca repeladas gran selección bote 275 g","brand":"MALLORCA FRUITS ","img":"https://sgfm.elcorteingles.es/SGFM/00/58/8/0120968400588/0120968400588000g01011.jpg","price":"7,50 €","price_unit":"(27,27 € / Kilo)","categories":["Supermercado","Alimentación General","Aperitivos y frutos secos","Almendras","MALLORCA FRUITS almendras de Mallorca repeladas gran selección bote 275 g"],"general_information":["Denominación del alimento: Almendra natural sin piel","Nombre del operador: Vitalmend Baleares, SL","Dirección del operador: Ctra. Palma-Inca, KM 23.4 07350 Binissalem","Lugar de procedencia del alimento: Almendra de Mallorca","Cantidad Neta: 275 g","Otras menciones obligatorias en la etiqueta: Sin gluten. Sin colesterol. Sin aditivos ni conservantes."],"ingredients":[" almendra de Mallorca repelada."],"ean":"8436014780232"},{"full_name":"MALLORCA FRUITS almendras de Mallorca repeladas tostadas gran Selección bote 275 g","name":"almendras de Mallorca repeladas tostadas gran Selección bote 275 g","brand":"MALLORCA FRUITS ","img":"https://sgfm.elcorteingles.es/SGFM/00/59/6/0120968400596/0120968400596000g01011.jpg","price":"7,50 €","price_unit":"(27,27 € / Kilo)","categories":["Supermercado","Alimentación General","Aperitivos y frutos secos","Almendras","MALLORCA FRUITS almendras de Mallorca repeladas tostadas gran Selección bote 275 g"],"general_information":["Denominación del alimento: Almendra natural sin piel y tostada","Nombre del operador: Vitalmend Baleares, SL","Dirección del operador: Ctra. Palma-Inca, KM 23.4 07350 Binissalem","Lugar de procedencia del alimento: Almendra de Mallorca","Cantidad Neta: 275 g","Otras menciones obligatorias en la etiqueta: Sin gluten. Sin colesterol. Sin aditivos ni conservantes."],"ingredients":[" almendra de Mallorca repelada."],"ean":"8436014780249"},{"full_name":"PRODUCTOS PARES almendras sin piel frita y salada envase 200 g","name":"almendras sin piel frita y salada envase 200 g","brand":"PRODUCTOS PARES ","img":"https://sgfm.elcorteingles.es/SGFM/dctm/MEDIA03/201602/11/00120968400901____1__600x600.jpg","price":"2,50 €","price_unit":"(12,50 € / Kilo)","categories":["Supermercado","Alimentación General","Aperitivos y frutos secos","Almendras","PRODUCTOS PARES almendras sin piel frita y salada envase 200 g"],"general_information":[],"ingredients":[],"ean":"8410148504148"},{"full_name":"PRODUCTOS PARES almendras largueta con piel tostada y salada envase 200 g","name":"almendras largueta con piel tostada y salada envase 200 g","brand":"PRODUCTOS PARES ","img":"https://sgfm.elcorteingles.es/SGFM/dctm/MEDIA03/201602/11/00120968400919____1__600x600.jpg","price":"3,15 €","price_unit":"(15,75 € / Kilo)","categories":["Supermercado","Alimentación General","Aperitivos y frutos secos","Almendras","PRODUCTOS PARES almendras largueta con piel tostada y salada envase 200 g"],"general_information":[],"ingredients":[],"ean":"8410148504162"},{"full_name":"PRUNITA almendras con dos chocolates tarrina 250 g","name":"almendras con dos chocolates tarrina 250 g","brand":"PRUNITA ","img":"https://sgfm.elcorteingles.es/SGFM/dctm/MEDIA03/201611/14/00118150100818____7__600x600.jpg","price":"4,95 €","price_unit":"(19,80 € / Kilo)","categories":["Supermercado","Alimentación General","Aperitivos y frutos secos","Almendras","PRUNITA almendras con dos chocolates tarrina 250 g"],"general_information":[],"ingredients":[],"ean":"8412054000196"},{"full_name":"DARAMA almendras crudas con piel ecológicas bolsa 200 g","name":"almendras crudas con piel ecológicas bolsa 200 g","brand":"DARAMA ","img":"https://sgfm.elcorteingles.es/SGFM/00/04/9/0118144100049/0118144100049000g01011.jpg","price":"5,25 €","price_unit":"(26,25 € / Kilo)","categories":["Supermercado","Alimentación General","Aperitivos y frutos secos","Almendras","DARAMA almendras crudas con piel ecológicas bolsa 200 g"],"general_information":["Denominación del alimento: ALMENDRA CRUDA PIEL","Nombre del operador: APERITIVOS MEDINA-3, S.L.","Dirección del operador: C/ Puerto Linera nº 1, 28935 Móstoles (Madrid), España","Cantidad Neta: 200 g"],"ingredients":[" Almendra cruda con piel"],"ean":"8412139007508"},{"full_name":"MEDITERRANEA almendras elaboradas con agua de mar tarrina 225 g","name":"almendras elaboradas con agua de mar tarrina 225 g","brand":"MEDITERRANEA ","img":"https://sgfm.elcorteingles.es/SGFM/dctm/MEDIA03/201712/19/00118140100787____1__600x600.jpg","price":"4,95 €","price_unit":"(22 € / Kilo)","categories":["Supermercado","Alimentación General","Aperitivos y frutos secos","Almendras","MEDITERRANEA almendras elaboradas con agua de mar tarrina 225 g"],"general_information":[],"ingredients":[],"ean":"8413111011407"},{"full_name":"EL CORTE INGLES avellanas crudas peladas tarrina 250 g","name":"avellanas crudas peladas tarrina 250 g","brand":"EL CORTE INGLES ","img":"https://sgfm.elcorteingles.es/SGFM/dctm/MEDIA03/201606/20/00118140400260____1__600x600.jpg","price":"4,50 €","price_unit":"(18 € / Kilo)","categories":["Supermercado","Alimentación General","Aperitivos y frutos secos","Avellanas","EL CORTE INGLES avellanas crudas peladas tarrina 250 g"],"general_information":["Denominación del alimento: AVELLANAS CRUDAS","Nombre del operador: Envasado para El Corte Inglés por\nAperitivos Medina 3, S.L. - Puerto Linera, 1 \nPol. Ind. Nº 6 Expansión - Móstoles (Madrid) España","Lugar de procedencia del alimento: Origen del fruto: Turquia, Georgia, España","Cantidad Neta: 250 g","Número de raciones por envase: 10"],"ingredients":[" Ingredientes: Avellanas Puede contener trazas de cacahuetes y otros frutos de cáscara."],"conservation":" Envasado en atmósfera protectora. Conservar en lugar fresco y seco.","ean":"8433329020671"},{"full_name":"EL CORTE INGLES avellanas tostadas tarrina 250 g","name":"avellanas tostadas tarrina 250 g","brand":"EL CORTE INGLES ","img":"https://sgfm.elcorteingles.es/SGFM/dctm/MEDIA03/201606/20/00118140400278____1__600x600.jpg","price":"4,75 €","price_unit":"(19 € / Kilo)","categories":["Supermercado","Alimentación General","Aperitivos y frutos secos","Avellanas","EL CORTE INGLES avellanas tostadas tarrina 250 g"],"general_information":["Denominación del alimento: AVELLANAS TOSTADAS","Nombre del operador: Elaborado para El Corte Inglés por\nAperitivos Medina 3, S.L. - Puerto Linera, 1 \nPol. Ind. Nº 6 Expansión - Móstoles (Madrid) España","Lugar de procedencia del alimento: Origen del fruto: Turquia, Georgia, España","Cantidad Neta: 250 g","Número de raciones por envase: 10"],"ingredients":[" Ingredientes: Avellanas Puede contener trazas de cacahuetes y otros frutos de cáscara."],"conservation":" Envasado en atmósfera protectora. Conservar en lugar fresco y seco.","ean":"8433329020688"},{"full_name":"EL CORTE INGLES avellana con piel cruda ecológica bolsa 200 g","name":"avellana con piel cruda ecológica bolsa 200 g","brand":"EL CORTE INGLES ","img":"https://sgfm.elcorteingles.es/SGFM/dctm/MEDIA03/201708/04/00118144200039____1__600x600.jpg","price":"4,95 €","price_unit":"(24,75 € / Kilo)","categories":["Supermercado","Alimentación General","Aperitivos y frutos secos","Avellanas","EL CORTE INGLES avellana con piel cruda ecológica bolsa 200 g"],"general_information":["Denominación del alimento: AVELLANA CON PIEL CRUDA ECOLÓGICA","Nombre del operador: Envasado para El Corte Inglés por\nAperitivos Medina 3, S.L. \nC/ Puerto Linera, 1 \n 28935 (Móstoles) Madrid\n España","Lugar de procedencia del alimento: Origen: España / Turquía","Cantidad Neta: 200 g"],"ingredients":[" Ingredientes: Avellana con piel cruda ecológica. Puede contener trazas de otros frutos de cáscara."],"conservation":" Conservar en lugar fresco y seco. Evitar la luz directa y fuentes de calor. Una vez abierto consumir antes de 30 días.","ean":"8433329082143"},{"full_name":"PAÑO NATURAE avellanas saladas ecológicas envase 90 g","name":"avellanas saladas ecológicas envase 90 g","brand":"PAÑO NATURAE ","img":"https://sgfm.elcorteingles.es/SGFM/dctm/MEDIA03/201702/16/00120970000020____1__600x600.jpg","price":"3,52 €","price_unit":"(39,11 € / Kilo)","categories":["Supermercado","Alimentación General","Aperitivos y frutos secos","Avellanas","PAÑO NATURAE avellanas saladas ecológicas envase 90 g"],"general_information":["Denominación del alimento: Avellana salada","Nombre del operador: Paño Fruits S.L.","Dirección del operador: Av. Montblanc 28, 43460 Alcover (Tarragona)","Cantidad Neta: 90 g"],"ingredients":[" Avellanas ecológicas (98%), aceite de oliva virgen extra ecológico (1%) y sal atlántica sin aditivos (0,8%). Puede contener cacahuete y otros frutos de cáscara. No contiene GMO."],"conservation":" Lugar fresco y seco, evitar olores fuertes","ean":"8430175820912"},{"full_name":"PAÑO NATURAE avellanas tostadas ecológicas envase 90 g","name":"avellanas tostadas ecológicas envase 90 g","brand":"PAÑO NATURAE ","img":"https://sgfm.elcorteingles.es/SGFM/dctm/MEDIA03/201702/16/00120970000012____1__600x600.jpg","price":"3,52 €","price_unit":"(39,11 € / Kilo)","categories":["Supermercado","Alimentación General","Aperitivos y frutos secos","Avellanas","PAÑO NATURAE avellanas tostadas ecológicas envase 90 g"],"general_information":["Denominación del alimento: Avellana tostada","Nombre del operador: Paño Fruits S.L.","Dirección del operador: Av. Montblanc 28, 43460 Alcover (Tarragona)","Cantidad Neta: 90 g"],"ingredients":[" Avellana tostada 100%. Puede contener cacahuete y otros frutos de cáscara."],"conservation":" Lugar fresco y seco, evitar olores fuertes.","ean":"8430175820905"},{"full_name":"PRODUCTOS PARES avellanas tostadas semipeladas envase 200 g","name":"avellanas tostadas semipeladas envase 200 g","brand":"PRODUCTOS PARES ","img":"https://sgfm.elcorteingles.es/SGFM/dctm/MEDIA03/201602/11/00120969800265____1__600x600.jpg","price":"3,79 €","price_unit":"(18,95 € / Kilo)","categories":["Supermercado","Alimentación General","Aperitivos y frutos secos","Avellanas","PRODUCTOS PARES avellanas tostadas semipeladas envase 200 g"],"general_information":[],"ingredients":[],"ean":"8410148504261"},{"full_name":"COSELVA avellanas tostadas negretas envase 250 g","name":"avellanas tostadas negretas envase 250 g","brand":"COSELVA ","img":"https://sgfm.elcorteingles.es/SGFM/dctm/MEDIA02/CONTENIDOS/201509/10/00120969800281____1__600x600.jpg","price":"4,90 €","price_unit":"(19,60 € / Kilo)","categories":["Supermercado","Alimentación General","Aperitivos y frutos secos","Avellanas","COSELVA avellanas tostadas negretas envase 250 g"],"general_information":["Denominación del alimento: Avellana","Nombre del operador: Coselva, S.C.C.L.","Dirección del operador: C/ Major, 50 -43470 La Selva del Camp (Tarragona)","Lugar de procedencia del alimento: DOP. Avellana de Reus","Cantidad Neta: 250 g","Otras menciones obligatorias en la etiqueta: Envasado en atmósfera protectora"],"ingredients":[" Avellana tostada. Puede contener trazas de otros frutos de cáscara."],"conservation":" Conservarlo en lugar fresco y seco. Una vez abierto el envase, mantener el producto bien cerrado y consumirlo en pocos días.","ean":"8435001202245"},{"full_name":"ESPADA El aperitivo avellanas bolsa 120 g","name":"El aperitivo avellanas bolsa 120 g","brand":"ESPADA ","img":"https://sgfm.elcorteingles.es/SGFM/dctm/MEDIA02/CONTENIDOS/201409/04/00120969800273____1__600x600.jpg","price":"3,55 €","price_unit":"(29,58 € / Kilo)","categories":["Supermercado","Alimentación General","Aperitivos y frutos secos","Avellanas","ESPADA El aperitivo avellanas bolsa 120 g"],"general_information":["Denominación del alimento: Avellana tostada","Nombre del operador: Espafrima S.L","Dirección del operador: C/ Fundidores, 45. Poligono Industrial Los Ángeles 28906 Getafe (Madrid) España","Cantidad Neta: 120 g"],"ingredients":[" Avellana tostada (producto natural), harina de trigo y sal.  Contiene gluten. Puede contener trazas de cacahuete, otros frutos con cáscara, gluten, soja y lactosa."],"conservation":" Conservar en lugar fresco y seco.","ean":"8423856002042"},{"full_name":"BORGES avellanas tostadas tarro 150 g","name":"avellanas tostadas tarro 150 g","brand":"BORGES ","img":"https://sgfm.elcorteingles.es/SGFM/dctm/MEDIA03/201709/19/00120969800315____1__600x600.jpg","price":"6,39 €","price_unit":"(42,60 € / Kilo)","categories":["Supermercado","Alimentación General","Aperitivos y frutos secos","Avellanas","BORGES avellanas tostadas tarro 150 g"],"general_information":["Denominación del alimento: Avellanas D.O.P. Reus tostadas.","País de origen: España","Nombre del operador: Borges Branded Foods, SLU.","Dirección del operador: C/Flix, 29 - 43205 Reus (Tarragona).","Lugar de procedencia del alimento: Reus","Cantidad Neta: 150 g"],"ingredients":[" Avellana en grano. Puede contener trazas de cacahuetes y otros frutos secos."],"conservation":" Conservar en lugar fresco y seco.","ean":"8410148020051"},{"full_name":"BORGES Pizarro avellanas tostadas bolsa 140 g","name":"Pizarro avellanas tostadas bolsa 140 g","brand":"BORGES ","img":"https://sgfm.elcorteingles.es/SGFM/00/29/4/0118140400294/0118140400294000g01011.jpg","price":"3,75 €","price_unit":"(26,79 € / Kilo)","categories":["Supermercado","Alimentación General","Aperitivos y frutos secos","Avellanas","BORGES Pizarro avellanas tostadas bolsa 140 g"],"general_information":["Denominación del alimento: Avellanas de Reus tostadas.","País de origen: España","Nombre del operador: Borges Branded Foods, SLU.","Dirección del operador: C/Flix, 29 - 43205 Reus (Tarragona).","Lugar de procedencia del alimento: Reus","Cantidad Neta: 140 g"],"ingredients":[" Avellana en grano.  Puede contener trazas de cacahuetes y otros frutos secos."],"conservation":" Conservar en lugar fresco y seco.","ean":"8410148502595"},{"full_name":"EL CORTE INGLES piñones crudos tarrina 100 g","name":"piñones crudos tarrina 100 g","brand":"EL CORTE INGLES ","img":"https://sgfm.elcorteingles.es/SGFM/dctm/MEDIA03/201606/13/00118141800302____2__600x600.jpg","price":"9,95 €","price_unit":"(99,50 € / Kilo)","categories":["Supermercado","Alimentación General","Aperitivos y frutos secos","Piñones y pistachos","EL CORTE INGLES piñones crudos tarrina 100 g"],"general_information":["Denominación del alimento: PIÑONES CRUDOS","Nombre del operador: Elaborado para El Corte Inglés por\nInterbari, S.L. - C/ Moncayo, 2\nPol. Ind. Los Vientos \n46119 Náquera - (Valencia) España","Lugar de procedencia del alimento: Origen del fruto: España","Cantidad Neta: 100 g","Número de raciones por envase: 5"],"ingredients":[" Ingredientes: Piñones Puede contener trazas de cacahuetes y otros frutos de cáscara."],"conservation":" Envasado en atmósfera protectora.  Conservar en lugar fresco y seco. Evitar la luz directa y fuentes de calor. Una vez abierto consumir en 5 días.","ean":"8433329048040"},{"full_name":"EL CORTE INGLES pistacho de España tostado tarrina 175 g","name":"pistacho de España tostado tarrina 175 g","brand":"EL CORTE INGLES ","img":"https://sgfm.elcorteingles.es/SGFM/dctm/MEDIA03/201710/17/00202041800349____1__600x600.jpg","price":"4,25 €","price_unit":"(24,29 € / Kilo)","categories":["Supermercado","Alimentación General","Aperitivos y frutos secos","Piñones y pistachos","EL CORTE INGLES pistacho de España tostado tarrina 175 g"],"general_information":["Denominación del alimento: PISTACHOS TOSTADOS","Nombre del operador: Envasado para El Corte Inglés por\nAperitivos Medina 3, S.L. - Puerto Linera, 1 \nPol. Ind. Nº 6 Expansión - Móstoles (Madrid) España","Lugar de procedencia del alimento: Origen del fruto: España","Cantidad Neta: 175 g","Número de raciones por envase: 7"],"ingredients":[" Ingredientes: Pistachos tostados y sal Puede contener trazas de cacahuetes y frutos de cáscara."],"conservation":" Envasado en atmósfera protectora. Conservar en lugar fresco y seco.","ean":"8433329084857"},{"full_name":"EL CORTE INGLES pistachos tostados de Irán tarrina 375 g","name":"pistachos tostados de Irán tarrina 375 g","brand":"EL CORTE INGLES ","img":"https://sgfm.elcorteingles.es/SGFM/dctm/MEDIA03/201606/20/00118141800187____1__600x600.jpg","price":"8,50 €            ","price_unit":"(18,53 € / Kilo)","categories":["Supermercado","Alimentación General","Aperitivos y frutos secos","Piñones y pistachos","EL CORTE INGLES pistachos tostados de Irán tarrina 375 g"],"general_information":["Denominación del alimento: PISTACHOS TOSTADOS","Nombre del operador: Elaborado para El Corte Inglés por\nAperitivos Medina 3, S.L. - Puerto Linera, 1 \nPol. Ind. Nº 6 Expansión - Móstoles (Madrid) España","Lugar de procedencia del alimento: Origen del fruto: EEUU","Cantidad Neta: 375 g","Número de raciones por envase: 15"],"ingredients":[" Ingredientes: Pistachos y sal Puede contener trazas de cacahuetes y otros frutos de cáscara."],"conservation":" Envasado en atmósfera protectora. Conservar en lugar fresco y seco.","ean":"8433329020749"},{"full_name":"EL CORTE INGLES pistachos usa tostados tarrina 375 g","name":"pistachos usa tostados tarrina 375 g","brand":"EL CORTE INGLES ","img":"https://sgfm.elcorteingles.es/SGFM/dctm/MEDIA03/201606/20/00118141800278____1__600x600.jpg","price":"8,45 €","price_unit":"(22,53 € / Kilo)","categories":["Supermercado","Alimentación General","Aperitivos y frutos secos","Piñones y pistachos","EL CORTE INGLES pistachos usa tostados tarrina 375 g"],"general_information":["Denominación del alimento: Pistachos","País de origen: Estados Unidos","Nombre del operador: Aperitivos Medina 3, S.L.","Dirección del operador: Puerto Linera 1, Pol. Ind. 6 Expansión - Móstoles (Madrid), España","Cantidad Neta: 375 g"],"ingredients":[" Pistachos y sal. Contiene frutos de cáscara, puede contener cacahuetes"],"conservation":" Conservar en lugar fresco y seco","ean":"8433329044592"},{"full_name":"EL CORTE INGLES pistacho pelado crudo ecológico bolsa 200 g","name":"pistacho pelado crudo ecológico bolsa 200 g","brand":"EL CORTE INGLES ","img":"https://sgfm.elcorteingles.es/SGFM/dctm/MEDIA03/201708/04/00118144800077____1__600x600.jpg","price":"8,95 €","price_unit":"(44,75 € / Kilo)","categories":["Supermercado","Alimentación General","Aperitivos y frutos secos","Piñones y pistachos","EL CORTE INGLES pistacho pelado crudo ecológico bolsa 200 g"],"general_information":["Denominación del alimento: PISTACHO PELADO CRUDO ECOLÓGICO","Nombre del operador: Envasado para El Corte Inglés por\nAperitivos Medina 3, S.L. \nC/ Puerto Linera, 1 \n 28935 (Móstoles) Madrid\n España","Lugar de procedencia del alimento: Origen: España","Cantidad Neta: 200 g"],"ingredients":[" Ingredientes: Pistacho pelado crudo ecológico Puede contener trazas de otros frutos de cáscara."],"conservation":" Conservar en lugar fresco y seco. Evitar la luz directa y fuentes de calor. Una vez abierto consumir antes de 30 días.","ean":"8433329082075"},{"full_name":"EL CORTE INGLES piñón pelado crudo ecológico bolsa 200 g","name":"piñón pelado crudo ecológico bolsa 200 g","brand":"EL CORTE INGLES ","img":"https://sgfm.elcorteingles.es/SGFM/dctm/MEDIA03/201708/04/00118144800051____1__600x600.jpg","price":"10,99 €","price_unit":"(54,95 € / Kilo)","categories":["Supermercado","Alimentación General","Aperitivos y frutos secos","Piñones y pistachos","EL CORTE INGLES piñón pelado crudo ecológico bolsa 200 g"],"general_information":["Denominación del alimento: PIÑÓN PELADO CRUDO ECOLÓGICO","Nombre del operador: Envasado para El Corte Inglés por\nAperitivos Medina 3, S.L. \nC/ Puerto Linera, 1 \n 28935 (Móstoles) Madrid\n España","Lugar de procedencia del alimento: Origen: China","Cantidad Neta: 200 g"],"ingredients":[" Ingredientes: Piñón pelado crudo ecológico Puede contener trazas de otros frutos de cáscara."],"conservation":" Conservar en lugar fresco y seco. Evitar la luz directa y fuentes de calor. Una vez abierto consumir antes de 30 días.","ean":"8433329082051"},{"full_name":"EL CORTE INGLES pistacho con cascara tostado ecológico bolsa 200 g","name":"pistacho con cascara tostado ecológico bolsa 200 g","brand":"EL CORTE INGLES ","img":"https://sgfm.elcorteingles.es/SGFM/dctm/MEDIA03/201708/04/00118144800069____1__600x600.jpg","price":"6,25 €","price_unit":"(31,25 € / Kilo)","categories":["Supermercado","Alimentación General","Aperitivos y frutos secos","Piñones y pistachos","EL CORTE INGLES pistacho con cascara tostado ecológico bolsa 200 g"],"general_information":["Denominación del alimento: PISTACHO CON CÁSCARA TOSTADO Y SALADO ECOLÓGICO","Nombre del operador: Envasado para El Corte Inglés por\nAperitivos Medina 3, S.L. \nC/ Puerto Linera, 1 \n 28935 (Móstoles) Madrid\n España","Lugar de procedencia del alimento: Origen: España","Cantidad Neta: 200 g"],"ingredients":[" Ingredientes: Pistacho tostado* y sal.\n*Procedentes de agricultura ecológica. Puede contener trazas de otros frutos de cáscara."],"conservation":" Conservar en lugar fresco y seco. Evitar la luz directa y fuentes de calor. Una vez abierto consumir antes de 30 días.","ean":"8433329082129"},{"full_name":"WONDERFUL pistachos con sal y pimienta XXL envase 220 g","name":"pistachos con sal y pimienta XXL envase 220 g","brand":"WONDERFUL ","img":"https://sgfm.elcorteingles.es/SGFM/dctm/MEDIA03/201703/29/00120970200596____1__600x600.jpg","price":"4,72 €","price_unit":"(21,45 € / Kilo)","categories":["Supermercado","Alimentación General","Aperitivos y frutos secos","Piñones y pistachos","WONDERFUL pistachos con sal y pimienta XXL envase 220 g"],"general_information":[],"ingredients":[],"ean":"0014113913591"},{"full_name":"WONDERFUL pistachos guindilla dulce XXL envase 220 g","name":"pistachos guindilla dulce XXL envase 220 g","brand":"WONDERFUL ","img":"https://sgfm.elcorteingles.es/SGFM/dctm/MEDIA03/201703/29/00120970200612____1__600x600.jpg","price":"4,72 €","price_unit":"(21,45 € / Kilo)","categories":["Supermercado","Alimentación General","Aperitivos y frutos secos","Piñones y pistachos","WONDERFUL pistachos guindilla dulce XXL envase 220 g"],"general_information":[],"ingredients":[],"ean":"0014113913607"},{"full_name":"WONDERFUL pistachos tostados salados XXL envase 220 g","name":"pistachos tostados salados XXL envase 220 g","brand":"WONDERFUL ","img":"https://sgfm.elcorteingles.es/SGFM/dctm/MEDIA03/201703/29/00120970200588____1__600x600.jpg","price":"4,72 €","price_unit":"(21,45 € / Kilo)","categories":["Supermercado","Alimentación General","Aperitivos y frutos secos","Piñones y pistachos","WONDERFUL pistachos tostados salados XXL envase 220 g"],"general_information":[],"ingredients":[],"ean":"0014113913584"},{"full_name":"WONDERFUL pistachos tostados sin sal XXL envase 220 g","name":"pistachos tostados sin sal XXL envase 220 g","brand":"WONDERFUL ","img":"https://sgfm.elcorteingles.es/SGFM/dctm/MEDIA03/201703/29/00120970200604____1__600x600.jpg","price":"4,72 €","price_unit":"(21,45 € / Kilo)","categories":["Supermercado","Alimentación General","Aperitivos y frutos secos","Piñones y pistachos","WONDERFUL pistachos tostados sin sal XXL envase 220 g"],"general_information":[],"ingredients":[],"ean":"0014113910620"},{"full_name":"EAGLE pistachos de Irán salados bolsa 75 g","name":"pistachos de Irán salados bolsa 75 g","brand":"EAGLE ","img":"https://sgfm.elcorteingles.es/SGFM//00/40/6/0120970200406/0120970200406000g01011.jpg","price":"1,98 €","price_unit":"(26,40 € / Kilo)","categories":["Supermercado","Alimentación General","Aperitivos y frutos secos","Piñones y pistachos","EAGLE pistachos de Irán salados bolsa 75 g"],"general_information":["Denominación del alimento: FRUTO SECO: PISTACHOS","Nombre del operador: Bimbo S.A.U.","Dirección del operador: Avda Prat de la Riba s/n 08401 Granollers (Barcelona)","Cantidad Neta: 75 g","Otras menciones obligatorias en la etiqueta: Envasado en atmósfera protectora."],"ingredients":[" Pistachos, sal.  Puede contener trazas de cacahuetes y/u otros frutos de cáscara."],"conservation":" Mantener en lugar fresco y seco.","ean":"8412600800607"},{"full_name":"MATUTANO pistachos tostados al horno receta campesina bolsa 94 g","name":"pistachos tostados al horno receta campesina bolsa 94 g","brand":"MATUTANO ","img":"https://sgfm.elcorteingles.es/SGFM/dctm/MEDIA02/CONTENIDOS/201509/22/00120970200455____1__600x600.jpg","price":"2,59 €","price_unit":"(27,55 € / Kilo)","categories":["Supermercado","Alimentación General","Aperitivos y frutos secos","Piñones y pistachos","MATUTANO pistachos tostados al horno receta campesina bolsa 94 g"],"general_information":["Denominación del alimento: Pistachos tostados con condimento preparado de cebolla y ajo","Nombre del operador: PepsiCo Foods. A.I.E.","Dirección del operador: Avenida de los Olmos, 2, 01013 - Vitoria, España","Cantidad Neta: 110 g","Otras menciones obligatorias en la etiqueta: Envasado en atmósfera protectora. Recuerde: los niños pequeños pueden atragantarse con los frutos secos."],"ingredients":[" Pistachos. condimento preparado de cebolla y ajo [maltodextrina de maíz. cebolla en polvo. ajo en polvo. harina de arroz. extracto de levadura. preparaciones aromatizantes]. sal. Puede contener cacahuetes. trigo y otros frutos secos."],"conservation":" Conservar en lugar fresco y seco","ean":"8410199002945"},{"full_name":"GANCEDO piñones elaboración tradicional bolsa 50 g","name":"piñones elaboración tradicional bolsa 50 g","brand":"GANCEDO ","img":"https://sgfm.elcorteingles.es/SGFM/00/73/7/0120971600737/0120971600737000g01011.jpg","price":"5,70 €","price_unit":"(114 € / Kilo)","categories":["Supermercado","Alimentación General","Aperitivos y frutos secos","Piñones y pistachos","GANCEDO piñones elaboración tradicional bolsa 50 g"],"general_information":[],"ingredients":[],"ean":"8422915149773"},{"full_name":"BORGES pistachos bolsa 130 g","name":"pistachos bolsa 130 g","brand":"BORGES ","img":"https://sgfm.elcorteingles.es/SGFM/00/27/3/0120970200273/0120970200273000g01011.jpg","price":"3,74 €            ","price_unit":"(25 € / Kilo)","categories":["Supermercado","Alimentación General","Aperitivos y frutos secos","Piñones y pistachos","BORGES pistachos bolsa 130 g"],"general_information":["Denominación del alimento: Pistacho tostado y salado.","País de origen: España","Nombre del operador: Borges Branded Foods, SLU.","Dirección del operador: C/Flix, 29 - 43205 Reus (Tarragona).","Lugar de procedencia del alimento: EUA","Cantidad Neta: 130 g"],"ingredients":[" Pistachos y sal. Puede contener trazas de cacahuetes y otros frutos secos."],"conservation":" Conservar en lugar fresco y seco.","ean":"8410148501826"},{"full_name":"BORGES pistachos tostatos y salados tarro 150 g","name":"pistachos tostatos y salados tarro 150 g","brand":"BORGES ","img":"https://sgfm.elcorteingles.es/SGFM/dctm/MEDIA03/201709/19/00120970200620____1__600x600.jpg","price":"6,39 €","price_unit":"(42,60 € / Kilo)","categories":["Supermercado","Alimentación General","Aperitivos y frutos secos","Piñones y pistachos","BORGES pistachos tostatos y salados tarro 150 g"],"general_information":["Denominación del alimento: Pistachos tostados y salados.","País de origen: España","Nombre del operador: Borges Branded Foods, SLU.","Dirección del operador: C/Flix, 29 - 43205 Reus (Tarragona).","Cantidad Neta: 140 g"],"ingredients":[" Pistacho con cáscara y sal. Puede contener trazas de cacahuetes y otros frutos secos."],"conservation":" Conservar en lugar fresco y seco.","ean":"8410148070032"},{"full_name":"PAÑO NATURAE piñones pelados ecológicos envase 90 g","name":"piñones pelados ecológicos envase 90 g","brand":"PAÑO NATURAE ","img":"https://sgfm.elcorteingles.es/SGFM/dctm/MEDIA03/201702/16/00120971800014____1__600x600.jpg","price":"6,65 €","price_unit":"(73,89 € / Kilo)","categories":["Supermercado","Alimentación General","Aperitivos y frutos secos","Piñones y pistachos","PAÑO NATURAE piñones pelados ecológicos envase 90 g"],"general_information":["Denominación del alimento: Piñones","Nombre del operador: Paño Fruits S.L.","Dirección del operador: Av. Montblanc 28, 43460 Alcover (Tarragona)","Cantidad Neta: 90 g"],"ingredients":[" Piñones pelados ecológicos 100%. Puede contenercacahuete y otros frutos de cáscara."],"conservation":" Mantener en lugar seco, fresco y protegido de la luz.","ean":"8430175870900"},{"full_name":"DUCROS piñones envase 40 g","name":"piñones envase 40 g","brand":"DUCROS ","img":"https://sgfm.elcorteingles.es/SGFM/01/69/7/0120945101697/0120945101697000g01011.jpg","price":"5,10 €","price_unit":"(127,50 € / Kilo)","categories":["Supermercado","Alimentación General","Aperitivos y frutos secos","Piñones y pistachos","DUCROS piñones envase 40 g"],"general_information":["Denominación del alimento: piñones","País de origen: Alemania","Nombre del operador: McCormick España, S.A.","Dirección del operador: Av. Francesc Macià, 38 p. 11\n08208 Sadabell","Cantidad Neta: 0.040 Kilogramos","Otras menciones obligatorias en la etiqueta: Puede contener trazas de cacahuetes. Envasado en una fábrica en la que se envasan cacahuetes y frutos de cáscara."],"ingredients":[" INGREDIENTE: Piñones."],"conservation":" Conservar alejado de la luz, del calor y de la humedad","ean":"3166290201217"},{"full_name":"EMICELA pistachos tostados salados bolsa 250 g","name":"pistachos tostados salados bolsa 250 g","brand":"EMICELA ","img":"https://sgfm.elcorteingles.es/SGFM/dctm/MEDIA02/CONTENIDOS/201510/26/00120970200497____1__600x600.jpg","price":"3,15 €","price_unit":"(12,60 € / Kilo)","categories":["Supermercado","Alimentación General","Aperitivos y frutos secos","Piñones y pistachos","EMICELA pistachos tostados salados bolsa 250 g"],"general_information":["Denominación del alimento: Pistacho tostado salado","País de origen: España","Nombre del operador: Emicela, S.A.","Dirección del operador: C/ Canal Izquierdo (subida), 5 - Zona Industrial de Arinaga 35118 AGÜIMES (Islas Canarias)Las Palmas  España","Cantidad Neta: 250 g"],"ingredients":[" Pistachos y sal.Puede contener trazas de gluten, sulfitos, cacahuetes y otros frutos de cáscara."],"conservation":" Conservar en lugar fresco y seco","ean":"8411303303200"},{"full_name":"PRODUCTOS PARES pistachos tostados y salados envase 200 g","name":"pistachos tostados y salados envase 200 g","brand":"PRODUCTOS PARES ","img":"https://sgfm.elcorteingles.es/SGFM/dctm/MEDIA03/201602/11/00120970200505____1__600x600.jpg","price":"3,75 €","price_unit":"(18,75 € / Kilo)","categories":["Supermercado","Alimentación General","Aperitivos y frutos secos","Piñones y pistachos","PRODUCTOS PARES pistachos tostados y salados envase 200 g"],"general_information":[],"ingredients":[],"ean":"8410148504209"},{"full_name":"ESPADA pistachos bolsa 120 g","name":"pistachos bolsa 120 g","brand":"ESPADA ","img":"https://sgfm.elcorteingles.es/SGFM/dctm/MEDIA02/CONTENIDOS/201502/09/00120970200513____1__600x600.jpg","price":"2,65 €","price_unit":"(22,08 € / Kilo)","categories":["Supermercado","Alimentación General","Aperitivos y frutos secos","Piñones y pistachos","ESPADA pistachos bolsa 120 g"],"general_information":["Denominación del alimento: Pistacho tostado","Nombre del operador: Espafrima S.L","Dirección del operador: C/ Fundidores, 45. Poligono Industrial Los Ángeles 28906 Getafe (Madrid) España","Cantidad Neta: 120,0 g"],"ingredients":[" Pistacho iraní tostado, sal. Puede contener trazas de cacahuete, otros frutos con cáscara, gluten, soja y lactosa."],"conservation":" Conservar en lugar fresco y seco.","ean":"8423856002134"},{"full_name":"SANTO REINO pistachos bolsa 180 g","name":"pistachos bolsa 180 g","brand":"SANTO REINO ","img":"https://sgfm.elcorteingles.es/SGFM//00/44/8/0120970200448/0120970200448000g01011.jpg","price":"3,25 €","price_unit":"(18,06 € / Kilo)","categories":["Supermercado","Alimentación General","Aperitivos y frutos secos","Piñones y pistachos","SANTO REINO pistachos bolsa 180 g"],"general_information":["Denominación del alimento: Pistachos","Nombre del operador: Patatas Fritas Santo Reino, S.L.","Dirección del operador: Calle Beatriz Nuñez 41, Jaén - 23009","Cantidad Neta: 180 g","Número de raciones por envase: 6","Otras menciones obligatorias en la etiqueta: Envasado en atmósfera protectora."],"ingredients":[" Pistachos y sal."],"conservation":" Conservese en lugar fresco y seco.","ean":"8425469100023"},{"full_name":"BORGES Pizarro pistachos tostados y salados bolsa 160 g","name":"Pizarro pistachos tostados y salados bolsa 160 g","brand":"BORGES ","img":"https://sgfm.elcorteingles.es/SGFM/00/21/1/0118141800211/0118141800211000g01011.jpg","price":"4,75 €","price_unit":"(29,69 € / Kilo)","categories":["Supermercado","Alimentación General","Aperitivos y frutos secos","Piñones y pistachos","BORGES Pizarro pistachos tostados y salados bolsa 160 g"],"general_information":["Denominación del alimento: Pistachos tostados y salados.","País de origen: España","Nombre del operador: Borges Branded Foods, SLU.","Dirección del operador: C/Flix, 29 - 43205 Reus (Tarragona).","Lugar de procedencia del alimento: España","Cantidad Neta: 160 g"],"ingredients":[" Pistacho y sal. Puede contener trazas de cacahuetes y otros frutos secos."],"conservation":" Conservar en lugar fresco y seco.","ean":"8410148502571"},{"full_name":"BORGES Pizarro piñón mondado bolsa 100 g","name":"Pizarro piñón mondado bolsa 100 g","brand":"BORGES ","img":"https://sgfm.elcorteingles.es/SGFM/00/23/7/0118141800237/0118141800237000g01011.jpg","price":"10,95 €","price_unit":"(109,50 € / Kilo)","categories":["Supermercado","Alimentación General","Aperitivos y frutos secos","Piñones y pistachos","BORGES Pizarro piñón mondado bolsa 100 g"],"general_information":["Denominación del alimento: Piñones mondados","País de origen: España","Nombre del operador: Borges Branded Foods, SLU.","Dirección del operador: C/Flix, 29 - 43205 Reus (Tarragona).","Cantidad Neta: 100 g"],"ingredients":[" Piñones sin piel. Puede contener trazas de cacahuetes y otros frutos secos"],"conservation":" Conservar en lugar fresco y seco.","ean":"8410148502618"},{"full_name":"DARAMA piñones pelados ecológicos bolsa 200 g","name":"piñones pelados ecológicos bolsa 200 g","brand":"DARAMA ","img":"https://sgfm.elcorteingles.es/SGFM/00/02/8/0118144800028/0118144800028000g01011.jpg","price":"10,99 €","price_unit":"(54,95 € / Kilo)","categories":["Supermercado","Alimentación General","Aperitivos y frutos secos","Piñones y pistachos","DARAMA piñones pelados ecológicos bolsa 200 g"],"general_information":["Denominación del alimento: PIÑÓN PELADO","Nombre del operador: APERITIVOS MEDINA-3, S.L.","Dirección del operador: C/ Puerto Linera nº 1, 28935 Móstoles (Madrid), España","Cantidad Neta: 200 g"],"ingredients":[" Piñón pelado"],"ean":"8412139007591"},{"full_name":"DARAMA pistachos pelados crudos ecológicos bolsa 200 g","name":"pistachos pelados crudos ecológicos bolsa 200 g","brand":"DARAMA ","img":"https://sgfm.elcorteingles.es/SGFM/00/03/6/0118144800036/0118144800036000g01011.jpg","price":"8,50 €","price_unit":"(42,50 € / Kilo)","categories":["Supermercado","Alimentación General","Aperitivos y frutos secos","Piñones y pistachos","DARAMA pistachos pelados crudos ecológicos bolsa 200 g"],"general_information":["Denominación del alimento: PISTACHO PELADO CRUDO","Nombre del operador: APERITIVOS MEDINA-3, S.L.","Dirección del operador: C/ Puerto Linera nº 1, 28935 Móstoles (Madrid), España","Cantidad Neta: 200 g"],"ingredients":[" Pistacho pelado crudo"],"ean":"8412139007614"},{"full_name":"DARAMA pistacho ecológico con cascara tostado bolsa 200 g","name":"pistacho ecológico con cascara tostado bolsa 200 g","brand":"DARAMA ","img":"https://sgfm.elcorteingles.es/SGFM/dctm/MEDIA02/CONTENIDOS/201411/14/00202044800049____1__600x600.jpg","price":"5,95 €","price_unit":"(29,75 € / Kilo)","categories":["Supermercado","Alimentación General","Aperitivos y frutos secos","Piñones y pistachos","DARAMA pistacho ecológico con cascara tostado bolsa 200 g"],"general_information":["Denominación del alimento: PISTACHO TOSTADO CON CÁSCARA","Nombre del operador: APERITIVOS MEDINA-3, S.L.","Dirección del operador: C/ Puerto Linera nº 1, 28935 Móstoles (Madrid), España","Cantidad Neta: 200 g"],"ingredients":[" Pistacho, Sal"],"ean":"8412139007652"},{"full_name":"MEDITERRANEA pistachos elaborados con agua de mar tarrina 200 g","name":"pistachos elaborados con agua de mar tarrina 200 g","brand":"MEDITERRANEA ","img":"https://sgfm.elcorteingles.es/SGFM/dctm/MEDIA03/201712/19/00118141800344____1__600x600.jpg","price":"4,95 €","price_unit":"(24,75 € / Kilo)","categories":["Supermercado","Alimentación General","Aperitivos y frutos secos","Piñones y pistachos","MEDITERRANEA pistachos elaborados con agua de mar tarrina 200 g"],"general_information":[],"ingredients":[],"ean":"8413111011391"},{"full_name":"EL CORTE INGLES cacahuetes Virginia fritos pelados tarrina 500 g","name":"cacahuetes Virginia fritos pelados tarrina 500 g","brand":"EL CORTE INGLES ","img":"https://sgfm.elcorteingles.es/SGFM/dctm/MEDIA03/201606/20/00118140500341____3__600x600.jpg","price":"3,50 €","price_unit":"(7 € / Kilo)","categories":["Supermercado","Alimentación General","Aperitivos y frutos secos","Cacahuetes","EL CORTE INGLES cacahuetes Virginia fritos pelados tarrina 500 g"],"general_information":["Denominación del alimento: CACAHUETES VIRGINIA FRITOS","Nombre del operador: Elaborado para El Corte Inglés por\nAperitivos Medina 3, S.L. - Puerto Linera, 1 \nPol. Ind. Nº 6 Expansión - Móstoles (Madrid) España","Lugar de procedencia del alimento: Origen del fruto: China","Cantidad Neta: 500 g","Número de raciones por envase: 20"],"ingredients":[" Ingredientes: Cacahuetes, aceite de girasol y sal Puede contener trazas de otros frutos de cáscara."],"conservation":" Envasado en atmósfera protectora. Conservar en lugar fresco y seco.","ean":"8433329020701"},{"full_name":"EL CORTE INGLES cacahuetes virginia tostados tarrina 220 g","name":"cacahuetes virginia tostados tarrina 220 g","brand":"EL CORTE INGLES ","img":"https://sgfm.elcorteingles.es/SGFM/dctm/MEDIA03/201605/20/00202040500544____1__600x600.jpg","price":"1,25 €","price_unit":"(5,68 € / Kilo)","categories":["Supermercado","Alimentación General","Aperitivos y frutos secos","Cacahuetes","EL CORTE INGLES cacahuetes virginia tostados tarrina 220 g"],"general_information":["Denominación del alimento: CACAHUETES CÁSCARA TOSTADOS","Nombre del operador: Distribuido para El Corte Inglés por\nInterbari, S.L. - C/ Moncayo, 2\nPol. Ind. Los Vientos \n46119 Náquera - (Valencia) España","Cantidad Neta: 220 g","Número de raciones por envase: 11"],"ingredients":[" Ingredientes: Cacahuetes Puede contener trazas de frutos de cáscara"],"conservation":" Envasado en atmósfera protectora.  Conservar en lugar fresco y seco. Evitar la luz directa y fuentes de calor. Una vez abierto consumir en 5 días.","ean":"8433329072656"},{"full_name":"EL CORTE INGLES cacahuetes virginia tostados y salados tarrina 220 g","name":"cacahuetes virginia tostados y salados tarrina 220 g","brand":"EL CORTE INGLES ","img":"https://sgfm.elcorteingles.es/SGFM/dctm/MEDIA03/201605/20/00202040500551____1__600x600.jpg","price":"1,15 €","price_unit":"(5,23 € / Kilo)","categories":["Supermercado","Alimentación General","Aperitivos y frutos secos","Cacahuetes","EL CORTE INGLES cacahuetes virginia tostados y salados tarrina 220 g"],"general_information":["Denominación del alimento: CACAHUETES CÁSCARA TOSTADOS SALADOS","Nombre del operador: Distribuido para El Corte Inglés por\nInterbari, S.L. - C/ Moncayo, 2\nPol. Ind. Los Vientos \n46119 Náquera - (Valencia) España","Cantidad Neta: 220 g","Número de raciones por envase: 11"],"ingredients":[" Ingredientes: Cacahuetes, harina de arroz y sal. Puede contener trazas de frutos de cáscara"],"conservation":" Envasado en atmósfera protectora.  Conservar en lugar fresco y seco. Evitar la luz directa y fuentes de calor. Una vez abierto consumir en 5 días.","ean":"8433329072663"},{"full_name":"EL CORTE INGLES cacahuetes runner fritos tarrina 500 g","name":"cacahuetes runner fritos tarrina 500 g","brand":"EL CORTE INGLES ","img":"https://sgfm.elcorteingles.es/SGFM/dctm/MEDIA03/201605/20/00118140500374____1__600x600.jpg","price":"2,45 €","price_unit":"(4,90 € / Kilo)","categories":["Supermercado","Alimentación General","Aperitivos y frutos secos","Cacahuetes","EL CORTE INGLES cacahuetes runner fritos tarrina 500 g"],"general_information":["Denominación del alimento: CACAHUETES RUNNER FRITOS","Nombre del operador: Elaborado para Hipercor por\nInterbari, S.L. - C/ Moncayo, 2\nPol. Ind. Los Vientos \n46119 Náquera - (Valencia) España","Lugar de procedencia del alimento: Origen del fruto: EE.UU","Cantidad Neta: 500 g","Número de raciones por envase: 25"],"ingredients":[" Ingredientes: Cacahuetes, aceite de girasol y sal Puede contener trazas de cacahuetes y otros frutos de cáscara."],"conservation":" Envasado en atmósfera protectora.  Conservar en lugar fresco y seco. Evitar la luz directa y fuentes de calor. Una vez abierto consumir en 5 días.","ean":"8433329023252"},{"full_name":"EL CORTE INGLES cacahuetes runner fritos con piel tarrina 500 g","name":"cacahuetes runner fritos con piel tarrina 500 g","brand":"EL CORTE INGLES ","img":"https://sgfm.elcorteingles.es/SGFM/dctm/MEDIA03/201606/01/00118140500366____1__600x600.jpg","price":"2,35 €","price_unit":"(4,70 € / Kilo)","categories":["Supermercado","Alimentación General","Aperitivos y frutos secos","Cacahuetes","EL CORTE INGLES cacahuetes runner fritos con piel tarrina 500 g"],"general_information":["Denominación del alimento: CACAHUETES RUNNER FRITOS CON PIEL","Nombre del operador: Elaborado para El Corte Inglés por\nInterbari, S.L. - C/ Moncayo, 2\nPol. Ind. Los Vientos \n46119 Náquera - (Valencia) España","Lugar de procedencia del alimento: Origen del fruto: EE.UU","Cantidad Neta: 500 g","Número de raciones por envase: 25"],"ingredients":[" Ingredientes: Cacahuetes, aceite de girasol y sal Puede contener trazas de cacahuetes y otros frutos de cáscara."],"conservation":" Envasado en atmósfera protectora.  Conservar en lugar fresco y seco. Evitar la luz directa y fuentes de calor. Una vez abierto consumir en 5 días.","ean":"8433329023269"},{"full_name":"EL CORTE INGLES cacahuetes fritos con miel tarrina 225 g","name":"cacahuetes fritos con miel tarrina 225 g","brand":"EL CORTE INGLES ","img":"https://sgfm.elcorteingles.es/SGFM/dctm/MEDIA03/201606/13/00118140500481____2__600x600.jpg","price":"2,75 €","price_unit":"(12,22 € / Kilo)","categories":["Supermercado","Alimentación General","Aperitivos y frutos secos","Cacahuetes","EL CORTE INGLES cacahuetes fritos con miel tarrina 225 g"],"general_information":["Denominación del alimento: Cacahuete frito con miel","Nombre del operador: Envasado para El Corte Inglés por\nAperitivos Medina 3, S.L. - Puerto Linera, 1 \nPol. Ind. Nº 6 Expansión - Móstoles (Madrid) España","Lugar de procedencia del alimento: Origen del fruto:  CHINA\nESTADOS UNIDOS\nNICARAGUA\nBRASIL\nARGENTINA","Cantidad Neta: 225 g","Número de raciones por envase: 9"],"ingredients":[" Ingredientes: Cacahuete repelado, azúcar, jarabe de azúcar, miel deshidratada (8%), jarabe de glucosa, aceite de girasol refinado y sal . Puede contener otros frutos de cáscara."],"conservation":" Envasado en atmósfera protectora. Conservar en lugar fresco y seco.","ean":"8433329065467"},{"full_name":"EL CORTE INGLES cacahuetes Virginia crudos tarrina 250 g","name":"cacahuetes Virginia crudos tarrina 250 g","brand":"EL CORTE INGLES ","img":"https://sgfm.elcorteingles.es/SGFM/dctm/MEDIA03/201606/13/00118140500333____1__600x600.jpg","price":"1,99 €","price_unit":"(7,96 € / Kilo)","categories":["Supermercado","Alimentación General","Aperitivos y frutos secos","Cacahuetes","EL CORTE INGLES cacahuetes Virginia crudos tarrina 250 g"],"general_information":["Denominación del alimento: CACAHUETES VIRGINIA  CRUDOS","Nombre del operador: Envasado para El Corte Inglés por\nAperitivos Medina 3, S.L. - Puerto Linera, 1 \nPol. Ind. Nº 6 Expansión - Móstoles (Madrid) España","Lugar de procedencia del alimento: Origen del fruto: China","Cantidad Neta: 250 g","Número de raciones por envase: 10"],"ingredients":[" Ingredientes: Cacahuetes Puede contener trazas de otros frutos de cáscara."],"conservation":" Envasado en atmósfera protectora. Conservar en lugar fresco y seco.","ean":"8433329020695"},{"full_name":"ALIADA cacahuetes repelados fritos bolsa 200 g","name":"cacahuetes repelados fritos bolsa 200 g","brand":"ALIADA ","img":"https://sgfm.elcorteingles.es/SGFM/dctm/MEDIA02/CONTENIDOS/201409/01/00120952300505____1__600x600.jpg","price":"0,86 €","price_unit":"(4,30 € / Kilo)","categories":["Supermercado","Alimentación General","Aperitivos y frutos secos","Cacahuetes","ALIADA cacahuetes repelados fritos bolsa 200 g"],"general_information":["Denominación del alimento: Cacahuete repelado frito","País de origen: China","Nombre del operador: Elaborado para el\n Grupo El Corte Inglés \nHermosilla, 112 ? 28009 Madrid ? España \npor N.I.F.:  A-78300886","Cantidad Neta: 200 g"],"ingredients":[" Ingredientes: Cacahuete repelado, aceite de girasol, sal y extractos naturales de plantas. Puede contener trazas de frutos de cáscara, trigo, centeno, leche, sésamo, derivados lácteos y de soja."],"conservation":" Conservar en lugar fresco y seco. Una vez abierto, cerrar la bolsa después de cada uso.","ean":"8433329022422"},{"full_name":"ALIADA cacahuete frito con miel bolsa 125 g","name":"cacahuete frito con miel bolsa 125 g","brand":"ALIADA ","img":"https://sgfm.elcorteingles.es/SGFM/00/53/9/0120952300539/0120952300539000g01011.jpg","price":"1,10 €","price_unit":"(8,80 € / Kilo)","categories":["Supermercado","Alimentación General","Aperitivos y frutos secos","Cacahuetes","ALIADA cacahuete frito con miel bolsa 125 g"],"general_information":["Denominación del alimento: Cacahuetes fritos con miel","Nombre del operador: Elaborado para el\n Grupo El Corte Inglés \nHermosilla, 112 ? 28009 Madrid ? España \npor N.I.F.:  A-25008202","Cantidad Neta: 125 g"],"ingredients":[" Ingredientes: Cacahuetes sin piel, azúcar, aceite vegetal de cacahuete, miel (1,7%) y sal. Puede contener trazas de frutos de cáscara."],"conservation":" Conservar en lugar fresco y seco","ean":"8433329032100"},{"full_name":"EAGLE cacahuetes fritos con miel lata 250 g","name":"cacahuetes fritos con miel lata 250 g","brand":"EAGLE ","img":"https://sgfm.elcorteingles.es/SGFM//00/19/0/0120952300190/0120952300190000g01011.jpg","price":"3,55 €            ","price_unit":"(11,80 € / Kilo)","categories":["Supermercado","Alimentación General","Aperitivos y frutos secos","Cacahuetes","EAGLE cacahuetes fritos con miel lata 250 g"],"general_information":["Denominación del alimento: FRUTO SECO: CACAHUETES","Nombre del operador: Bimbo, S.A.U.","Dirección del operador: Avda Prat de la Riba s/n 08401 Granollers (Barcelona)","Cantidad Neta: 250 g","Otras menciones obligatorias en la etiqueta: Envasado en atmósfera protectora."],"ingredients":[" Cacahuetes, azúcar, aceite de cacahuete, miel (1.6%), espesante (E-1412), sal. Puede contener trazas de otros frutos de cáscara."],"conservation":" Mantener en lugar fresco y seco.","ean":"8412600807323"},{"full_name":"EAGLE cacahuetes dorados a la miel ligeramente salados bolsa 75 g","name":"cacahuetes dorados a la miel ligeramente salados bolsa 75 g","brand":"EAGLE ","img":"https://sgfm.elcorteingles.es/SGFM/dctm/MEDIA03/201703/28/00120952300547____1__600x600.jpg","price":"1,17 €","price_unit":"(15,60 € / Kilo)","categories":["Supermercado","Alimentación General","Aperitivos y frutos secos","Cacahuetes","EAGLE cacahuetes dorados a la miel ligeramente salados bolsa 75 g"],"general_information":["Denominación del alimento: FRUTO SECO: CACAHUETES","Nombre del operador: Bimbo, S.A.U.","Dirección del operador: Avda Prat de la Riba s/n 08401 Granollers (Barcelona)","Cantidad Neta: 90 g","Otras menciones obligatorias en la etiqueta: Envasado en atmósfera protectora."],"ingredients":[" Cacahuetes, azúcar, aceite de cacahuete, miel (1.6%), espesante (E-1412), sal. Puede contener trazas de otros frutos de cáscara."],"conservation":" Mantener en lugar fresco y seco.","ean":"8412600024508"},{"full_name":"MATUTANO cacahuetes tostados al horno bolsa 200 g","name":"cacahuetes tostados al horno bolsa 200 g","brand":"MATUTANO ","img":"https://sgfm.elcorteingles.es/SGFM/00/52/1/0120952300521/0120952300521000g01011.jpg","price":"1,56 €","price_unit":"(7,80 € / Kilo)","categories":["Supermercado","Alimentación General","Aperitivos y frutos secos","Cacahuetes","MATUTANO cacahuetes tostados al horno bolsa 200 g"],"general_information":["Denominación del alimento: Cacahuetes tostados sazonados","Nombre del operador: PepsiCo Foods. A.I.E.","Dirección del operador: Avenida de los Olmos, 2, 01013 - Vitoria, España","Cantidad Neta: 200 g","Otras menciones obligatorias en la etiqueta: Envasado en atmósfera protectora. Recuerde: los niños pequeños pueden atragantarse con los cacahuetes."],"ingredients":[" Cacahuetes. condimento preparado [estabilizante (sorbitol). almidón de patata modificado. harina de arroz. extracto de levadura. levadura en polvo. azúcar caramelizado. dextrosa. preparaciones aromatizantes. especias. cebolla en polvo]. estabilizante (goma arábiga). sal. Puede contener trigo y otros frutos secos."],"conservation":" Conservar en lugar fresco y seco","ean":"8410199002907"},{"full_name":"MATUTANO cacahuetes tostados al horno sal y miel bolsa 150 g","name":"cacahuetes tostados al horno sal y miel bolsa 150 g","brand":"MATUTANO ","img":"https://sgfm.elcorteingles.es/SGFM/00/57/0/0120952300570/0120952300570000g01011.jpg","price":"1,92 €","price_unit":"(12,80 € / Kilo)","categories":["Supermercado","Alimentación General","Aperitivos y frutos secos","Cacahuetes","MATUTANO cacahuetes tostados al horno sal y miel bolsa 150 g"],"general_information":["Denominación del alimento: Cacahuetes tostados al horno sazonados con sal y miel","Nombre del operador: PepsiCo Foods. A.I.E.","Dirección del operador: Avenida de los Olmos, 2, 01013 - Vitoria, España","Cantidad Neta: 150 g","Otras menciones obligatorias en la etiqueta: Envasado en atmósfera protectora. Recuerde: los niños pequeños pueden atragantarse con los cacahuetes y los frutos secos."],"ingredients":[" Cacahuetes. azúcar. aceite de girasol. almidón de patata. miel en polvo (1.6%). almidón de trigo. fructosa. sal. dextrina de tapioca. colorante (caramelo). melaza en polvo. espesante (goma xantana). Puede contener trazas de soja y otros frutos secos."],"conservation":" Conservar en lugar fresco y seco","ean":"8410199005465"},{"full_name":"BORGES cacahuetes pelados bolsa 200 g","name":"cacahuetes pelados bolsa 200 g","brand":"BORGES ","img":"https://sgfm.elcorteingles.es/SGFM/00/66/1/0120952300661/0120952300661000g01011.jpg","price":"1,54 €            ","price_unit":"(6,75 € / Kilo)","categories":["Supermercado","Alimentación General","Aperitivos y frutos secos","Cacahuetes","BORGES cacahuetes pelados bolsa 200 g"],"general_information":["Denominación del alimento: Cacahuetes fritos y salados.","País de origen: España","Nombre del operador: Borges Branded Foods, SLU.","Dirección del operador: C/Flix, 29 - 43205 Reus (Tarragona).","Lugar de procedencia del alimento: EUA","Cantidad Neta: 200 g"],"ingredients":[" Cacahuetes sin piel, aceite vegetal de girasol y sal. Puede contener trazas de frutos secos."],"conservation":" Conservar en lugar fresco y seco.","ean":"8410148501956"},{"full_name":"LORENZ CURLY cacahuetes clásico envase 150 g","name":"CURLY cacahuetes clásico envase 150 g","brand":"LORENZ ","img":"https://sgfm.elcorteingles.es/SGFM/dctm/MEDIA02/CONTENIDOS/201409/02/00120952901211____1__600x600.jpg","price":"1,70 €","price_unit":"(11,33 € / Kilo)","categories":["Supermercado","Alimentación General","Aperitivos y frutos secos","Cacahuetes","LORENZ CURLY cacahuetes clásico envase 150 g"],"general_information":[],"ingredients":[],"ean":"4017100798009"},{"full_name":"LORENZ cacahuetes cubiertos de salsa wasabi bolsa 100 g","name":"cacahuetes cubiertos de salsa wasabi bolsa 100 g","brand":"LORENZ ","img":"https://sgfm.elcorteingles.es/SGFM//00/72/9/0120952300729/0120952300729000g01011.jpg","price":"2,30 €","price_unit":"(23 € / Kilo)","categories":["Supermercado","Alimentación General","Aperitivos y frutos secos","Cacahuetes","LORENZ cacahuetes cubiertos de salsa wasabi bolsa 100 g"],"general_information":["Denominación del alimento: Cacahuetes recubiertos salados con sabor asiático.","Nombre del operador: Comercial Masoliver S.A.U.","Dirección del operador: Calle Puntia. 18 - 17857 Begudà (Girona) España","Lugar de procedencia del alimento: DE - Alemán","Cantidad Neta: 100 g","Otras menciones obligatorias en la etiqueta: Envasado en atmósfera protectora."],"ingredients":[" Cacahuetes (44%). almidón de maíz. harina de arroz. aceite vegetal (palma). azúcar. almidón de patata. sal. harina de trigo. dextrosa. almidón de maíz modificado. espirulina concentrado. aroma. wasabi en polvo. extracto de levadura. polvo de cebolla. potenciador del sabor: glutamato monosódico. acidulante: E330. corrector de acidez: E262. colorante: E141. Puede contener otros frutos secos."],"conservation":" Mantener seco. Almacene lejos del calor.","ean":"4018077771750"},{"full_name":"INDEAL cacahuetes Royal fritos sin piel frasco 140 g","name":"cacahuetes Royal fritos sin piel frasco 140 g","brand":"INDEAL ","img":"https://sgfm.elcorteingles.es/SGFM/dctm/MEDIA02/CONTENIDOS/201507/09/00120952300778____1__600x600.jpg","price":"1,94 €","price_unit":"(13,86 € / Kilo)","categories":["Supermercado","Alimentación General","Aperitivos y frutos secos","Cacahuetes","INDEAL cacahuetes Royal fritos sin piel frasco 140 g"],"general_information":[],"ingredients":[],"ean":"8414606648696"},{"full_name":"EMICELA cacahuetes con cascara bolsa 200 g","name":"cacahuetes con cascara bolsa 200 g","brand":"EMICELA ","img":"https://sgfm.elcorteingles.es/SGFM/dctm/MEDIA02/CONTENIDOS/201510/26/00120952300653____1__600x600.jpg","price":"0,85 €","price_unit":"(4,25 € / Kilo)","categories":["Supermercado","Alimentación General","Aperitivos y frutos secos","Cacahuetes","EMICELA cacahuetes con cascara bolsa 200 g"],"general_information":["Denominación del alimento: Cacahuete con cáscara tostado","País de origen: China","Nombre del operador: Emicela, S.A.","Dirección del operador: C/ Canal Izquierdo (subida), 5 - Zona Industrial de Arinaga 35118 AGÜIMES (Islas Canarias)Las Palmas  España","Cantidad Neta: 200 g"],"ingredients":[" Cacahuetes. Puede contener trazas de gluten, sulfitos y otros frutos de cáscara"],"conservation":" Conservar en lugar fresco y seco","ean":"8411303024730"},{"full_name":"MR.B cacahuetes Rodeo bolsa 90 g","name":"cacahuetes Rodeo bolsa 90 g","brand":"MR.B ","img":"https://sgfm.elcorteingles.es/SGFM/dctm/MEDIA03/201709/25/00200452300791____1__600x600.jpg","price":"0,99 €","price_unit":"(11 € / Kilo)","categories":["Supermercado","Alimentación General","Aperitivos y frutos secos","Cacahuetes","MR.B cacahuetes Rodeo bolsa 90 g"],"general_information":[],"ingredients":[],"ean":"8410148506616"},{"full_name":"ESPADA El Aperitivo cacahuetes bolsa 150 g","name":"El Aperitivo cacahuetes bolsa 150 g","brand":"ESPADA ","img":"https://sgfm.elcorteingles.es/SGFM/dctm/MEDIA02/CONTENIDOS/201409/03/00120952300752____1__600x600.jpg","price":"0,95 €","price_unit":"(6,33 € / Kilo)","categories":["Supermercado","Alimentación General","Aperitivos y frutos secos","Cacahuetes","ESPADA El Aperitivo cacahuetes bolsa 150 g"],"general_information":["Denominación del alimento: Maní virginia frito","Nombre del operador: Espafrima S.L","Dirección del operador: C/ Fundidores, 45. Poligono Industrial Los Ángeles 28906 Getafe (Madrid) España","Cantidad Neta: 150,0 g"],"ingredients":[" Maní virginia repelado frito, aceite de girasol y sal. Puede contener trazas de otros frutos con cáscara, gluten, soja, y lactosa."],"conservation":" Conservar en lugar fresco y seco.","ean":"8423856002073"},{"full_name":"SANTO REINO cacahuetes piel tostado bolsa 200 g","name":"cacahuetes piel tostado bolsa 200 g","brand":"SANTO REINO ","img":"https://sgfm.elcorteingles.es/SGFM/00/48/9/0120952300489/0120952300489000g01011.jpg","price":"1,42 €","price_unit":"(7,10 € / Kilo)","categories":["Supermercado","Alimentación General","Aperitivos y frutos secos","Cacahuetes","SANTO REINO cacahuetes piel tostado bolsa 200 g"],"general_information":["Denominación del alimento: Cacahuete Tostado","Nombre del operador: Patatas Fritas Santo Reino, S.L.","Dirección del operador: Calle Beatriz Nuñez 41, Jaén - 23009","Cantidad Neta: 200 g","Número de raciones por envase: 7","Otras menciones obligatorias en la etiqueta: Envasado en atmósfera protectora."],"ingredients":[" Cacahuete, sal y harina de arroz."],"conservation":" Conservese en lugar fresco y seco.","ean":"8425469100030"},{"full_name":"SANTO REINO cacahuetes repelados fritos bolsa 200 g","name":"cacahuetes repelados fritos bolsa 200 g","brand":"SANTO REINO ","img":"https://sgfm.elcorteingles.es/SGFM/00/49/7/0120952300497/0120952300497000g01011.jpg","price":"1,42 €","price_unit":"(7,10 € / Kilo)","categories":["Supermercado","Alimentación General","Aperitivos y frutos secos","Cacahuetes","SANTO REINO cacahuetes repelados fritos bolsa 200 g"],"general_information":["Denominación del alimento: Cacahuete Repelado Frito","Nombre del operador: Patatas Fritas Santo Reino, S.L.","Dirección del operador: Calle Beatriz Nuñez 41, Jaén - 23009","Cantidad Neta: 200 g","Número de raciones por envase: 7","Otras menciones obligatorias en la etiqueta: Envasado en atmósfera protectora."],"ingredients":[" Cacahuetes repelados, aceite de oliva y sal."],"conservation":" Conservese en lugar fresco y seco.","ean":"8425469100115"},{"full_name":"PRODUCTOS PARES cacahuete sin piel frito y salado envase 200 g","name":"cacahuete sin piel frito y salado envase 200 g","brand":"PRODUCTOS PARES ","img":"https://sgfm.elcorteingles.es/SGFM/dctm/MEDIA03/201602/11/00120952300760____1__600x600.jpg","price":"0,85 €","price_unit":"(4,25 € / Kilo)","categories":["Supermercado","Alimentación General","Aperitivos y frutos secos","Cacahuetes","PRODUCTOS PARES cacahuete sin piel frito y salado envase 200 g"],"general_information":[],"ingredients":[],"ean":"8410148504797"},{"full_name":"EL CORTE INGLES maíz frito tarrina 350 g","name":"maíz frito tarrina 350 g","brand":"EL CORTE INGLES ","img":"https://sgfm.elcorteingles.es/SGFM/dctm/MEDIA03/201605/20/00118141400137____1__600x600.jpg","price":"1,50 €","price_unit":"(4,29 € / Kilo)","categories":["Supermercado","Alimentación General","Aperitivos y frutos secos","Pipas y kikos","EL CORTE INGLES maíz frito tarrina 350 g"],"general_information":["Denominación del alimento: MAÍZ FRITO","Nombre del operador: Elaborado para El Corte Inglés por\nInterbari, S.L. - C/ Moncayo, 2\nPol. Ind. Los Vientos \n46119 Náquera - (Valencia) España","Lugar de procedencia del alimento: Origen del fruto: Francia","Cantidad Neta: 350 g","Número de raciones por envase: 17,5"],"ingredients":[" Ingredientes: Maíz, aceite de girasol y sal Puede contener trazas de cacahuetes y otros frutos de cáscara."],"conservation":" Envasado en atmósfera protectora.  Conservar en lugar fresco y seco. Evitar la luz directa y fuentes de calor. Una vez abierto consumir en 5 días.","ean":"8433329023313"},{"full_name":"EL CORTE INGLES maíz frito gigante tarrina 250 g","name":"maíz frito gigante tarrina 250 g","brand":"EL CORTE INGLES ","img":"https://sgfm.elcorteingles.es/SGFM/dctm/MEDIA03/201605/20/00118141400145____1__600x600.jpg","price":"2,95 €","price_unit":"(11,80 € / Kilo)","categories":["Supermercado","Alimentación General","Aperitivos y frutos secos","Pipas y kikos","EL CORTE INGLES maíz frito gigante tarrina 250 g"],"general_information":["Nombre del operador: Elaborado para El Corte Inglés por\nInterbari, S.L. - C/ Moncayo, 2\nPol. Ind. Los Vientos \n46119 Náquera - (Valencia) España","Lugar de procedencia del alimento: Origen del fruto: Perú","Cantidad Neta: 250 g","Número de raciones por envase: 12,5"],"ingredients":[" Ingredientes: Maíz, aceite de girasol, sal, aroma y potenciador de sabor E-621 Puede contener trazas de cacahuetes, frutos de cáscara, leche y sus derivados."],"conservation":" Envasado en atmósfera protectora.  Conservar en lugar fresco y seco. Evitar la luz directa y fuentes de calor. Una vez abierto consumir en 5 días.","ean":"8433329023320"},{"full_name":"EL CORTE INGLES pipas de girasol ligeramente saladas y tostadas tarrina 220 g","name":"pipas de girasol ligeramente saladas y tostadas tarrina 220 g","brand":"EL CORTE INGLES ","img":"https://sgfm.elcorteingles.es/SGFM/dctm/MEDIA03/201605/20/00202042000428____1__600x600.jpg","price":"0,99 €","price_unit":"(4,50 € / Kilo)","categories":["Supermercado","Alimentación General","Aperitivos y frutos secos","Pipas y kikos","EL CORTE INGLES pipas de girasol ligeramente saladas y tostadas tarrina 220 g"],"general_information":["Denominación del alimento: PIPAS DE GIRASOL TOSTADAS Y LIGERAMENTE SALADAS","Nombre del operador: Distribuido para El Corte Inglés por\nInterbari, S.L. - C/ Moncayo, 2\nPol. Ind. Los Vientos \n46119 Náquera - (Valencia) España","Cantidad Neta: 220 g","Número de raciones por envase: 11"],"ingredients":[" Ingredientes: Pipas de girasol  y sal Puede contener trazas de cacahuetes y frutos de cáscara."],"conservation":" Envasado en atmósfera protectora.  Conservar en lugar fresco y seco. Evitar la luz directa y fuentes de calor. Una vez abierto consumir en 5 días.","ean":"8433329072670"},{"full_name":"EL CORTE INGLES pipas de girasol saladas y tostadas tarrina 220 g","name":"pipas de girasol saladas y tostadas tarrina 220 g","brand":"EL CORTE INGLES ","img":"https://sgfm.elcorteingles.es/SGFM/dctm/MEDIA03/201605/20/00202042000436____1__600x600.jpg","price":"0,99 €","price_unit":"(4,50 € / Kilo)","categories":["Supermercado","Alimentación General","Aperitivos y frutos secos","Pipas y kikos","EL CORTE INGLES pipas de girasol saladas y tostadas tarrina 220 g"],"general_information":["Denominación del alimento: PIPAS DE GIRASOL TOSTADAS Y SALADAS","Nombre del operador: Distribuido para El Corte Inglés por\nInterbari, S.L. - C/ Moncayo, 2\nPol. Ind. Los Vientos \n46119 Náquera - (Valencia) España","Cantidad Neta: 220 g","Número de raciones por envase: 11"],"ingredients":[" Ingredientes: Pipas de girasol, harina de arroz  y sal Puede contener trazas de cacahuetes y  frutos de cáscara."],"conservation":" Envasado en atmósfera protectora.  Conservar en lugar fresco y seco. Evitar la luz directa y fuentes de calor. Una vez abierto consumir en 5 días.","ean":"8433329072687"},{"full_name":"EL CORTE INGLES pipones de girasol ligeramente salados y tostados tarrina 200 g","name":"pipones de girasol ligeramente salados y tostados tarrina 200 g","brand":"EL CORTE INGLES ","img":"https://sgfm.elcorteingles.es/SGFM/dctm/MEDIA03/201605/20/00202042000444____1__600x600.jpg","price":"1,25 €","price_unit":"(6,25 € / Kilo)","categories":["Supermercado","Alimentación General","Aperitivos y frutos secos","Pipas y kikos","EL CORTE INGLES pipones de girasol ligeramente salados y tostados tarrina 200 g"],"general_information":["Denominación del alimento: PIPAS LIRÓN TOSTADAS Y LIGERAMENTE SALADAS","Nombre del operador: Distribuido para El Corte Inglés por\nInterbari, S.L. - C/ Moncayo, 2\nPol. Ind. Los Vientos \n46119 Náquera - (Valencia) España","Cantidad Neta: 200 g","Número de raciones por envase: 10.0"],"ingredients":[" Ingredientes: Pipas de girasol  y sal Puede contener trazas de cacahuetes y  frutos de cáscara."],"conservation":" Envasado en atmósfera protectora.  Conservar en lugar fresco y seco. Evitar la luz directa y fuentes de calor. Una vez abierto consumir en 5 días.","ean":"8433329072694"},{"full_name":"ALIADA pipas gigantes de girasol bolsa 200 g","name":"pipas gigantes de girasol bolsa 200 g","brand":"ALIADA ","img":"https://sgfm.elcorteingles.es/SGFM/00/26/5/0120975900265/0120975900265000g01011.jpg","price":"1,07 €","price_unit":"(5,35 € / Kilo)","categories":["Supermercado","Alimentación General","Aperitivos y frutos secos","Pipas y kikos","ALIADA pipas gigantes de girasol bolsa 200 g"],"general_information":["Denominación del alimento: Pipa girasol","Nombre del operador: El Corte Inglés  S.A","Dirección del operador: C/Hermosilla, 112 -28009 Madrid (Madrid)","Cantidad Neta: 200,0 g"],"ingredients":[" Pipa de girasol, harina de arroz y sal marina. Puede contener trazas de frutos de cáscara, trigo, centeno, lactosa, sésamo, cacahuetes, derivados de soja y apio."],"conservation":" Conservar en lugar fresco y seco.","ean":"8412177530174"},{"full_name":"ALIADA pipas de girasol sin sal bolsa 125 g","name":"pipas de girasol sin sal bolsa 125 g","brand":"ALIADA ","img":"https://sgfm.elcorteingles.es/SGFM/00/23/2/0120975900232/0120975900232000g01011.jpg","price":"0,91 €","price_unit":"(7,28 € / Kilo)","categories":["Supermercado","Alimentación General","Aperitivos y frutos secos","Pipas y kikos","ALIADA pipas de girasol sin sal bolsa 125 g"],"general_information":["Denominación del alimento: Pipa girasol","Nombre del operador: El Corte Inglés  S.A","Dirección del operador: C/Hermosilla, 112 -28009 Madrid (Madrid)","Cantidad Neta: 125,0 g"],"ingredients":[" Pipa de girasol. Puede contener trazas de frutos de cáscara, trigo, centeno, lactosa, sésamo, cacahuetes, derivados de soja y apio."],"conservation":" Conservar en lugar fresco y seco.","ean":"8412177500160"},{"full_name":"EL CORTE INGLES pipones de girasol tostados y salados tarrina 200 g","name":"pipones de girasol tostados y salados tarrina 200 g","brand":"EL CORTE INGLES ","img":"https://sgfm.elcorteingles.es/SGFM/dctm/MEDIA03/201605/20/00118142000464____1__600x600.jpg","price":"1,25 €","price_unit":"(6,25 € / Kilo)","categories":["Supermercado","Alimentación General","Aperitivos y frutos secos","Pipas y kikos","EL CORTE INGLES pipones de girasol tostados y salados tarrina 200 g"],"general_information":["Denominación del alimento: PIPAS LIRÓN TOSTADAS Y SALADAS","Nombre del operador: Distribuido para El Corte Inglés por\nInterbari, S.L. - C/ Moncayo, 2\nPol. Ind. Los Vientos \n46119 Náquera - (Valencia) España","Cantidad Neta: 200 g","Número de raciones por envase: 10"],"ingredients":[" Ingredientes: Pipas de girasol, harina de arroz  y sal Puede contener trazas de cacahuetes y frutos de cáscara."],"conservation":" Envasado en atmósfera protectora.  Conservar en lugar fresco y seco. Evitar la luz directa y fuentes de calor. Una vez abierto consumir en 5 días.","ean":"8433329072700"},{"full_name":"ALIADA pipas de calabaza bolsa 125 g","name":"pipas de calabaza bolsa 125 g","brand":"ALIADA ","img":"https://sgfm.elcorteingles.es/SGFM/00/25/7/0120975900257/0120975900257000g01011.jpg","price":"1,07 €","price_unit":"(8,56 € / Kilo)","categories":["Supermercado","Alimentación General","Aperitivos y frutos secos","Pipas y kikos","ALIADA pipas de calabaza bolsa 125 g"],"general_information":["Denominación del alimento: Pipa calabaza","Nombre del operador: El Corte Inglés  S.A","Dirección del operador: C/Hermosilla, 112 -28009 Madrid (Madrid)","Cantidad Neta: 125,0 g"],"ingredients":[" Semilla de calabaza, harina de arroz y sal. Puede contener trazas de frutos de cáscara, trigo, centeno, lactosa, sésamo, cacahuetes, derivados de soja y apio."],"conservation":" Conservar en lugar fresco y seco.","ean":"8412177500153"},{"full_name":"EL CORTE INGLES pipas de girasol fritas y peladas tarrina 250 g","name":"pipas de girasol fritas y peladas tarrina 250 g","brand":"EL CORTE INGLES ","img":"https://sgfm.elcorteingles.es/SGFM/dctm/MEDIA03/201606/13/00118142000225____1__600x600.jpg","price":"1,30 €","price_unit":"(5,20 € / Kilo)","categories":["Supermercado","Alimentación General","Aperitivos y frutos secos","Pipas y kikos","EL CORTE INGLES pipas de girasol fritas y peladas tarrina 250 g"],"general_information":["Denominación del alimento: PIPAS DE GIRASOL PELADAS FRITAS","Nombre del operador: Elaborado para El Corte Inglés por\nInterbari, S.L. - C/ Moncayo, 2\nPol. Ind. Los Vientos \n46119 Náquera - (Valencia) España","Lugar de procedencia del alimento: Origen del fruto: EE.UU.","Cantidad Neta: 250 g","Número de raciones por envase: 12,5"],"ingredients":[" Ingredientes: Pipas de girasol, aceite de girasol y sal Puede contener trazas de cacahuetes y otros frutos de cáscara."],"conservation":" Envasado en atmósfera protectora.  Conservar en lugar fresco y seco. Evitar la luz directa y fuentes de calor. Una vez abierto consumir en 5 días.","ean":"8433329023382"},{"full_name":"EL CORTE INGLES pipas de calabaza ligeramente saladas y tostadas tarrina 150 g","name":"pipas de calabaza ligeramente saladas y tostadas tarrina 150 g","brand":"EL CORTE INGLES ","img":"https://sgfm.elcorteingles.es/SGFM/dctm/MEDIA03/201606/20/00118142000472____1__600x600.jpg","price":"1,75 €","price_unit":"(11,67 € / Kilo)","categories":["Supermercado","Alimentación General","Aperitivos y frutos secos","Pipas y kikos","EL CORTE INGLES pipas de calabaza ligeramente saladas y tostadas tarrina 150 g"],"general_information":["Denominación del alimento: PIPAS DE CALABAZA TOSTADAS Y LIGERAMENTE SALADAS","Nombre del operador: Elaborado para El Corte Inglés por\nAperitivos Medina 3, S.L. - Puerto Linera, 1 \nPol. Ind. Nº 6 Expansión - Móstoles (Madrid) España","Lugar de procedencia del alimento: Origen del fruto: China","Cantidad Neta: 150 g","Número de raciones por envase: 6"],"ingredients":[" Ingredientes: pipas de calabaza y sal. Puede contener trazas de cacahuetes y otros frutos de cáscara."],"conservation":" Envasado en atmósfera protectora. Conservar en lugar fresco y seco.","ean":"8433329074018"},{"full_name":"EL CORTE INGLES pipas de calabaza crudas peladas tarrina 250 g","name":"pipas de calabaza crudas peladas tarrina 250 g","brand":"EL CORTE INGLES ","img":"https://sgfm.elcorteingles.es/SGFM/dctm/MEDIA03/201606/20/00118142000209____3__600x600.jpg","price":"2,95 €","price_unit":"(11,80 € / Kilo)","categories":["Supermercado","Alimentación General","Aperitivos y frutos secos","Pipas y kikos","EL CORTE INGLES pipas de calabaza crudas peladas tarrina 250 g"],"general_information":["Denominación del alimento: Pipas","Nombre del operador: Aperitivos Medina 3, S.L.","Dirección del operador: Puerto Linera, 1 Pol. Ind. Nº6 Expansión - Móstoles - Madrid - España","Cantidad Neta: 250 g"],"ingredients":[" Pipas de calabaza. Contiene frutos de cáscara, puede contener cacahuetes."],"conservation":" Conservar en lugar fresco y seco.","ean":"8433329020756"},{"full_name":"EL CORTE INGLES semilla de calabaza pelada cruda ecológica bolsa 200 g","name":"semilla de calabaza pelada cruda ecológica bolsa 200 g","brand":"EL CORTE INGLES ","img":"https://sgfm.elcorteingles.es/SGFM/dctm/MEDIA03/201708/04/00118144900059____1__600x600.jpg","price":"2,95 €","price_unit":"(14,75 € / Kilo)","categories":["Supermercado","Alimentación General","Aperitivos y frutos secos","Pipas y kikos","EL CORTE INGLES semilla de calabaza pelada cruda ecológica bolsa 200 g"],"general_information":["Denominación del alimento: SEMILLA DE CALABAZA PELADA CRUDA ECOLÓGICA","Nombre del operador: Envasado para El Corte Inglés por\nAperitivos Medina 3, S.L. \nC/ Puerto Linera, 1 \n 28935 (Móstoles) Madrid\n España","Lugar de procedencia del alimento: Origen: China","Cantidad Neta: 200 g"],"ingredients":[" Ingredientes: Semilla de calabaza pelada cruda ecológica. Puede contener trazas de otros frutos de cáscara."],"conservation":" Conservar en lugar fresco y seco. Evitar la luz directa y fuentes de calor. Una vez abierto consumir antes de 30 días.","ean":"8433329082204"},{"full_name":"ALIADA pipas de girasol peladas bolsa 125 g","name":"pipas de girasol peladas bolsa 125 g","brand":"ALIADA ","img":"https://sgfm.elcorteingles.es/SGFM/00/24/0/0120975900240/0120975900240000g01011.jpg","price":"0,66 €","price_unit":"(5,28 € / Kilo)","categories":["Supermercado","Alimentación General","Aperitivos y frutos secos","Pipas y kikos","ALIADA pipas de girasol peladas bolsa 125 g"],"general_information":["Denominación del alimento: Pipa girasol","Nombre del operador: El Corte Inglés  S.A","Dirección del operador: C/Hermosilla, 112 -28009 Madrid (Madrid)","Cantidad Neta: 125,0 g"],"ingredients":[" Pipa de girasol, aceite de girasol, sal y extractos naturales de plantas. Puede contener trazas de frutos de cáscara, trigo, centeno, lactosa, sésamo, cacahuetes, derivados de soja y apio."],"conservation":" Conservar en lugar fresco y seco.","ean":"8412177500146"},{"full_name":"ALIADA pipas de girasol aguasal bolsa 200 g","name":"pipas de girasol aguasal bolsa 200 g","brand":"ALIADA ","img":"https://sgfm.elcorteingles.es/SGFM/00/21/6/0120975900216/0120975900216000g01011.jpg","price":"0,96 €","price_unit":"(4,80 € / Kilo)","categories":["Supermercado","Alimentación General","Aperitivos y frutos secos","Pipas y kikos","ALIADA pipas de girasol aguasal bolsa 200 g"],"general_information":["Denominación del alimento: Pipa girasol","Nombre del operador: El Corte Inglés  S.A","Dirección del operador: C/Hermosilla, 112 -28009 Madrid (Madrid)","Cantidad Neta: 200,0 g"],"ingredients":[" Pipa de girasol y sal. Puede contener trazas de frutos de cáscara, trigo, centeno, lactosa, sésamo, cacahuetes, derivados de soja y apio."],"conservation":" Conservar en lugar fresco y seco.","ean":"8412177530129"},{"full_name":"DARAMA pipas de calabaza crudas peladas ecológicas bolsa 200 g","name":"pipas de calabaza crudas peladas ecológicas bolsa 200 g","brand":"DARAMA ","img":"https://sgfm.elcorteingles.es/SGFM/00/03/4/0118144900034/0118144900034000g01011.jpg","price":"2,95 €","price_unit":"(14,75 € / Kilo)","categories":["Supermercado","Alimentación General","Aperitivos y frutos secos","Pipas y kikos","DARAMA pipas de calabaza crudas peladas ecológicas bolsa 200 g"],"general_information":["Denominación del alimento: PIPAS DE CALABAZA PELADAS CRUDAS","Nombre del operador: APERITIVOS MEDINA-3, S.L.","Dirección del operador: C/ Puerto Linera nº 1, 28935 Móstoles (Madrid), España","Cantidad Neta: 200 g"],"ingredients":[" Pipa de calabaza pelada cruda"],"ean":"8412139007577"},{"full_name":"GREFUSA pipas con sal Formato Maxi envase 300 g","name":"pipas con sal Formato Maxi envase 300 g","brand":"GREFUSA ","img":"https://sgfm.elcorteingles.es/SGFM/dctm/MEDIA02/CONTENIDOS/201407/17/00120975900539____1__600x600.jpg","price":"2,03 €","price_unit":"(6,77 € / Kilo)","categories":["Supermercado","Alimentación General","Aperitivos y frutos secos","Pipas y kikos","GREFUSA pipas con sal Formato Maxi envase 300 g"],"general_information":["Denominación del alimento: Semillas de girasol tostadas con sal","Nombre del operador: Grefusa S.L","Dirección del operador: Avda de la Llibertat d'Ensenyança nº 20. 46600 Alzira (Valencia)","Cantidad Neta: 220 g","Número de raciones por envase: 9","Otras menciones obligatorias en la etiqueta: Envasado en atmosfera protectora"],"ingredients":[" Semillas de girasol (88%), sal, harina de arroz (1,5%) y fécula de patata, Puede contener: leche"],"conservation":" Conservar en lugar fresco y seco.","ean":"8413164009673"},{"full_name":"GREFUSA pipas con sal bolsa 150 g","name":"pipas con sal bolsa 150 g","brand":"GREFUSA ","img":"https://sgfm.elcorteingles.es/SGFM/00/09/1/0120975900091/0120975900091000g01011.jpg","price":"1,56 €","price_unit":"(9,45 € / Kilo)","categories":["Supermercado","Alimentación General","Aperitivos y frutos secos","Pipas y kikos","GREFUSA pipas con sal bolsa 150 g"],"general_information":["Denominación del alimento: Semillas de girasol tostadas con sal","Nombre del operador: Grefusa S.L","Dirección del operador: Avda de la Llibertat d'Ensenyança nº 20. 46600 Alzira (Valencia)","Cantidad Neta: 165 g","Número de raciones por envase: 2","Otras menciones obligatorias en la etiqueta: Envasado en atmosfera protectora"],"ingredients":[" Semillas de girasol (88%), sal, harina de arroz (1,5%) y fécula de patata, Puede contener: leche"],"conservation":" Conservar en lugar fresco y seco.","ean":"8413164003848"},{"full_name":"GREFUSA pipas sabor Tijuana bolsa 165 g","name":"pipas sabor Tijuana bolsa 165 g","brand":"GREFUSA ","img":"https://sgfm.elcorteingles.es/SGFM/00/10/9/0120975900109/0120975900109000g01011.jpg","price":"1,30 €","price_unit":"(7,88 € / Kilo)","categories":["Supermercado","Alimentación General","Aperitivos y frutos secos","Pipas y kikos","GREFUSA pipas sabor Tijuana bolsa 165 g"],"general_information":["Denominación del alimento: Semillas de girasol tostadas con sabor a barbacoa picante","Nombre del operador: Grefusa S.L","Dirección del operador: Avda de la Llibertat d'Ensenyança nº 20. 46600 Alzira (Valencia)","Cantidad Neta: 165 g","Número de raciones por envase: 2","Otras menciones obligatorias en la etiqueta: Envasado en atmosfera protectora"],"ingredients":[" Semilla de girasol (90%), sal, azúcar, levadura inactiva, proteínas de soja y maíz hidrolizadas, lactosa, potenciadores del sabor : glutamato de monosodio e 5´ribonucleotidos de disodio, maltodextrinas (trigo y maíz), aromas (trigo, cebada y leche), ajo y jalapeño en polvo, colorantes: caramelo natural y extracto de pimentón, aroma de humo, extractos de especias."],"conservation":" Conservar en lugar fresco y seco.","ean":"8413164004975"},{"full_name":"GREFUSA Pipas G aguasal bolsa 165 g","name":"Pipas G aguasal bolsa 165 g","brand":"GREFUSA ","img":"https://sgfm.elcorteingles.es/SGFM/dctm/MEDIA03/201703/16/00120975900646____1__600x600.jpg","price":"1,30 €","price_unit":"(7,88 € / Kilo)","categories":["Supermercado","Alimentación General","Aperitivos y frutos secos","Pipas y kikos","GREFUSA Pipas G aguasal bolsa 165 g"],"general_information":["Denominación del alimento: Semillas de girasol tostadas con sal","Nombre del operador: Grefusa S.L","Dirección del operador: Avda de la Llibertat d'Ensenyança nº 20. 46600 Alzira (Valencia)","Cantidad Neta: 165 g","Número de raciones por envase: 2","Otras menciones obligatorias en la etiqueta: Envasado en atmosfera protectora"],"ingredients":[" Semillas de girasol (92%) y  sal"],"conservation":" Conservar en lugar fresco y seco.","ean":"8413164011775"},{"full_name":"GREFUSA Pipas G Baconeras bolsa 165 g","name":"Pipas G Baconeras bolsa 165 g","brand":"GREFUSA ","img":"https://sgfm.elcorteingles.es/SGFM/dctm/MEDIA03/201706/22/00120975900638____1__600x600.jpg","price":"1,43 €","price_unit":"(8,67 € / Kilo)","categories":["Supermercado","Alimentación General","Aperitivos y frutos secos","Pipas y kikos","GREFUSA Pipas G Baconeras bolsa 165 g"],"general_information":["Denominación del alimento: Semillas de girasol tostadas con sabor a bacon","Nombre del operador: Grefusa S.L","Dirección del operador: Avda de la Llibertat d'Ensenyança nº 20. 46600 Alzira (Valencia)","Cantidad Neta: 165 g","Número de raciones por envase: 2","Otras menciones obligatorias en la etiqueta: Envasado en atmosfera protectora"],"ingredients":[" Semilla de girasol (90%), sal,aromas, potenciadores del sabor: glutamato de monosodio, guanilato disódico e inosinato disódico, maltodextrina, aromas de humo,  azúcar, LACTOSA. Puede contener: LECHE."],"conservation":" Conservar en lugar fresco y seco.","ean":"8413164011874"},{"full_name":"GREFUSA Pipas G classik pelao envase 90 g","name":"Pipas G classik pelao envase 90 g","brand":"GREFUSA ","img":"https://sgfm.elcorteingles.es/SGFM/dctm/MEDIA02/CONTENIDOS/201512/01/00120977801263____1__600x600.jpg","price":"1,08 €","categories":["Supermercado","Alimentación General","Aperitivos y frutos secos","Pipas y kikos","GREFUSA Pipas G classik pelao envase 90 g"],"general_information":["Denominación del alimento: Semillas de girasol fritas con sal, producto de aperitivo horneado con sal y maiz frito con sabor a barbacoa.","País de origen: España","Nombre del operador: GREFUSA S.L.","Dirección del operador: Av. de la Llibertat d'ensenyança nº 20 46600-Alzira (VALENCIA)","Cantidad Neta: 90 g"],"ingredients":[" semillas de girasol peladas (32%), sémola de maíz, maíz, aceite de girasol, azúcar, sal, aromas, harina de TRIGO, harina de arroz, potenciadores del sabor(glutamato de monosodio, 5'ribonucleotidos de disodio), levadura inactiva, aroma de humo. Puede contener CACAHUETE, FRUTOS DE CÁSCARA, LECHE, SOJA."],"conservation":" CONSERVAR EN LUGAR FRESCO Y SECO.Una vez abierto el envase, conservarlo cerrado y consumir el producto preferentemente en el plazo de una semana.","ean":"8413164010709"},{"full_name":"GREFUSA Pipas G tijuánatico pelao mix envase 90 g","name":"Pipas G tijuánatico pelao mix envase 90 g","brand":"GREFUSA ","img":"https://sgfm.elcorteingles.es/SGFM/dctm/MEDIA02/CONTENIDOS/201512/01/00120977801255____1__600x600.jpg","price":"1,06 €","categories":["Supermercado","Alimentación General","Aperitivos y frutos secos","Pipas y kikos","GREFUSA Pipas G tijuánatico pelao mix envase 90 g"],"general_information":["Denominación del alimento: Semillas de girasol pelada y frita, producto de aperitivo horneado y maiz frito troceado  con sabor a barbacoa picante.","País de origen: España","Nombre del operador: GREFUSA S.L.","Dirección del operador: Av. de la Llibertat d'ensenyança nº 20 46600-Alzira (VALENCIA)","Cantidad Neta: 90 g"],"ingredients":[" sémola de maíz, semillas de girasol peladas (28%), maíz, aceite de girasol, azúcar, sal, aromas (CEBADA), levadura inactiva, potenciadores del sabor(glutamato de monosodio, 5'ribonucleotidos de disodio), harina de TRIGO, hidrolizado de proteína de SOJA, hidrolizado de proteína de maíz, LACTOSA, ajo en polvo, aromas de humo, jalapeño en polvo, colorantes(caramelo natural, extracto de pimentón), especias. Puede contener CACAHUETE, FRUTOS DE CÁSCARA, LECHE."],"conservation":" CONSERVAR EN LUGAR FRESCO Y SECO.Una vez abierto el envase, conservarlo cerrado y consumir el producto preferentemente en el plazo de una semana.","ean":"8413164010716"},{"full_name":"GREFUSA Mister Corn maíz tostado bolsa 130 g","name":"Mister Corn maíz tostado bolsa 130 g","brand":"GREFUSA ","img":"https://sgfm.elcorteingles.es/SGFM/00/04/2/0120971600042/0120971600042000g01011.jpg","price":"1,22 €","price_unit":"(9,38 € / Kilo)","categories":["Supermercado","Alimentación General","Aperitivos y frutos secos","Pipas y kikos","GREFUSA Mister Corn maíz tostado bolsa 130 g"],"general_information":["Denominación del alimento: Maíz frito con sabor a barbacoa.","País de origen: España","Nombre del operador: GREFUSA S.L.","Dirección del operador: Av. de la Llibertat d'ensenyança nº 20 46600-Alzira (VALENCIA)","Cantidad Neta: 130 g"],"ingredients":[" maíz (75%), aceite de girasol (20%), sal, aromas, harina de arroz (0,8%), harina de TRIGO, potenciador del sabor(glutamato de monosodio, 5'ribonucleotidos de disodio), aroma de humo, levadura inactiva. Puede contener CACAHUETE, FRUTOS DE CÁSCARA, LECHE, SOJA."],"conservation":" CONSERVAR EN LUGAR FRESCO Y SECO.Una vez abierto el envase, conservarlo cerrado y consumir el producto preferentemente en el plazo de una semana.","ean":"8413164001684"},{"full_name":"GREFUSA Mister Corn XL maíz gigante frito bolsa 85 g","name":"Mister Corn XL maíz gigante frito bolsa 85 g","brand":"GREFUSA ","img":"https://sgfm.elcorteingles.es/SGFM/00/57/0/0120971600570/0120971600570000g01011.jpg","price":"1,24 €","price_unit":"(14,59 € / Kilo)","categories":["Supermercado","Alimentación General","Aperitivos y frutos secos","Pipas y kikos","GREFUSA Mister Corn XL maíz gigante frito bolsa 85 g"],"general_information":["Denominación del alimento: Maíz frito con sabor a queso","País de origen: España","Nombre del operador: GREFUSA S.L.","Dirección del operador: Av. de la Llibertat d'ensenyança nº 20 46600-Alzira (VALENCIA)","Cantidad Neta: 85 g"],"ingredients":[" maíz (75%), aceite de girasol (16%), sal, suero de LECHE, QUESO en polvo, azúcar, potenciador del sabor(glutamato de monosodio), LECHE en polvo, cebolla deshidratada, ajo deshidratado, aromas, colorante(extracto de pimentón), acidulante(ácido cítrico). Puede contener CACAHUETE, FRUTOS DE CÁSCARA, SOJA, TRIGO."],"conservation":" CONSERVAR EN LUGAR FRESCO Y SECO.Una vez abierto el envase, conservarlo cerrado y consumir el producto preferentemente en el plazo de una semana.","ean":"8413164003497"},{"full_name":"GREFUSA EL PIPONAZO original pipas de girasol con sal bolsa 150 g","name":"original pipas de girasol con sal bolsa 150 g","brand":"GREFUSA EL PIPONAZO ","img":"https://sgfm.elcorteingles.es/SGFM/dctm/MEDIA02/CONTENIDOS/201511/11/00120975900059____2__600x600.jpg","price":"2,05 €","price_unit":"(11,39 € / Kilo)","categories":["Supermercado","Alimentación General","Aperitivos y frutos secos","Pipas y kikos","GREFUSA EL PIPONAZO original pipas de girasol con sal bolsa 150 g"],"general_information":[],"ingredients":[],"ean":"8413164008133"},{"full_name":"GREFUSA EL PIPONAZO pipas al punto de sal bolsa 150 g","name":"pipas al punto de sal bolsa 150 g","brand":"GREFUSA EL PIPONAZO ","img":"https://sgfm.elcorteingles.es/SGFM/00/19/0/0120975900190/0120975900190000g01011.jpg","price":"2,05 €","price_unit":"(13,67 € / Kilo)","categories":["Supermercado","Alimentación General","Aperitivos y frutos secos","Pipas y kikos","GREFUSA EL PIPONAZO pipas al punto de sal bolsa 150 g"],"general_information":["Denominación del alimento: Semillas de girasol tostadas con sal","Nombre del operador: Grefusa S.L","Dirección del operador: Avda de la Llibertat d'Ensenyança nº 20. 46600 Alzira (Valencia)","Cantidad Neta: 180 g","Número de raciones por envase: 2","Otras menciones obligatorias en la etiqueta: Envasado en atmosfera protectora"],"ingredients":[" Semillas de girasol (92%) y sal, Puede contener: leche"],"conservation":" Conservar en lugar fresco y seco.","ean":"8413164005996"},{"full_name":"FACUNDO pipas sin sal añadida bolsa 100 g","name":"pipas sin sal añadida bolsa 100 g","brand":"FACUNDO ","img":"https://sgfm.elcorteingles.es/SGFM/00/32/0/0200475900320/0200475900320000g01011.jpg","price":"1,39 €","price_unit":"(13,90 € / Kilo)","categories":["Supermercado","Alimentación General","Aperitivos y frutos secos","Pipas y kikos","FACUNDO pipas sin sal añadida bolsa 100 g"],"general_information":["Denominación del alimento: Pipas de girasol tostadas sin sal añadida","Nombre del operador: FACUNDO BLANCO, S. A.","Dirección del operador: Carretera Vecilla S/N","Cantidad Neta: 100 g"],"ingredients":[" Pipas de girasol"],"conservation":" Conservar en lugar fresco y seco.","ean":"8413671001504"},{"full_name":"FACUNDO pipas clásicas bolsa 160 g","name":"pipas clásicas bolsa 160 g","brand":"FACUNDO ","img":"https://sgfm.elcorteingles.es/SGFM/00/34/9/0120975900349/0120975900349000g01011.jpg","price":"2,05 €","price_unit":"(12,81 € / Kilo)","categories":["Supermercado","Alimentación General","Aperitivos y frutos secos","Pipas y kikos","FACUNDO pipas clásicas bolsa 160 g"],"general_information":["Denominación del alimento: Pipas de girasol tostadas y saladas","Nombre del operador: FACUNDO BLANCO, S. A.","Dirección del operador: Carretera Vecilla, S/N","Cantidad Neta: 160,0 g"],"ingredients":[" Pipas de girasol, sal."],"conservation":" Conservar en lugar fresco y seco.","ean":"8413671001566"},{"full_name":"FACUNDO pipas suprema bolsa 120 g","name":"pipas suprema bolsa 120 g","brand":"FACUNDO ","img":"https://sgfm.elcorteingles.es/SGFM/00/33/1/0120975900331/0120975900331000g01011.jpg","price":"2,20 €","price_unit":"(18,33 € / Kilo)","categories":["Supermercado","Alimentación General","Aperitivos y frutos secos","Pipas y kikos","FACUNDO pipas suprema bolsa 120 g"],"general_information":["Denominación del alimento: Pipas de girasol tostadas y saladas","Nombre del operador: FACUNDO BLANCO, S. A.","Dirección del operador: Carretera Vecilla S/N","Cantidad Neta: 120,0 g"],"ingredients":[" Pipas de girasol y sal."],"conservation":" Conservar en lugar fresco y seco.","ean":"8413671001184"},{"full_name":"MATUTANO Matupipas con sal bolsa 160 g","name":"Matupipas con sal bolsa 160 g","brand":"MATUTANO ","img":"https://sgfm.elcorteingles.es/SGFM/00/47/1/0120975900471/0120975900471000g01011.jpg","price":"1,26 €","price_unit":"(7,88 € / Kilo)","categories":["Supermercado","Alimentación General","Aperitivos y frutos secos","Pipas y kikos","MATUTANO Matupipas con sal bolsa 160 g"],"general_information":["Denominación del alimento: Semillas de girasol tostadas y saladas","Nombre del operador: PepsiCo Foods. A.I.E.","Dirección del operador: Avenida de los Olmos, 2, 01013 - Vitoria, España","Cantidad Neta: 160 g","Otras menciones obligatorias en la etiqueta: Envasado en atmósfera protectora."],"ingredients":[" Semillas de girasol. sal. harina de arroz. maltodextrina de patata y fécula de patata. Puede contener cacahuetes y otros frutos secos."],"conservation":" Conservar en lugar fresco y seco.","ean":"8410199009340"},{"full_name":"GREFUSA MISTER CORN EL ORIGINAL maíz tostado picante sabor Chili & Lima envase 130 g","name":"EL ORIGINAL maíz tostado picante sabor Chili & Lima envase 130 g","brand":"GREFUSA MISTER CORN ","img":"https://sgfm.elcorteingles.es/SGFM/dctm/MEDIA02/CONTENIDOS/201507/03/00200471601054____1__600x600.jpg","price":"1,22 €","price_unit":"(9,38 € / Kilo)","categories":["Supermercado","Alimentación General","Aperitivos y frutos secos","Pipas y kikos","GREFUSA MISTER CORN EL ORIGINAL maíz tostado picante sabor Chili & Lima envase 130 g"],"general_information":["Denominación del alimento: Maíz frito con sabor a Chili y lima","País de origen: España","Nombre del operador: GREFUSA S.L.","Dirección del operador: Av. de la Llibertat d'ensenyança nº 20 46600-Alzira (VALENCIA)","Cantidad Neta: 130 g"],"ingredients":[" maíz (75%), aceite de girasol (15%), sal, maltodextrina, acidulante(ácido cítrico), azúcar, potenciadores del sabor(glutamato de monosodio, guanilato disódico, inosinato disódico), aromas, especias, chile en polvo (0,1%), lima en polvo (0,05%), colorantes(extracto de pimentón, carmines), corrector de acidez(acetatos de sodio). Puede contener CACAHUETE, FRUTOS DE CÁSCARA, LECHE, SOJA, TRIGO."],"conservation":" CONSERVAR EN LUGAR FRESCO Y SECO.Una vez abierto el envase, conservarlo cerrado y consumir el producto preferentemente en el plazo de una semana.","ean":"8413164010464"},{"full_name":"GANCEDO pipas peladas bolsa 250 g","name":"pipas peladas bolsa 250 g","brand":"GANCEDO ","img":"https://sgfm.elcorteingles.es/SGFM/00/07/5/0120975900075/0120975900075000g01011.jpg","price":"1,63 €","price_unit":"(6,52 € / Kilo)","categories":["Supermercado","Alimentación General","Aperitivos y frutos secos","Pipas y kikos","GANCEDO pipas peladas bolsa 250 g"],"general_information":[],"ingredients":[],"ean":"8412177061340"},{"full_name":"SANTO REINO pipas XL con sal bolsa 150 g","name":"pipas XL con sal bolsa 150 g","brand":"SANTO REINO ","img":"https://sgfm.elcorteingles.es/SGFM/00/17/4/0120975900174/0120975900174000g01011.jpg","price":"0,90 €","price_unit":"(6 € / Kilo)","categories":["Supermercado","Alimentación General","Aperitivos y frutos secos","Pipas y kikos","SANTO REINO pipas XL con sal bolsa 150 g"],"general_information":["Denominación del alimento: Pipas Con Sal","Nombre del operador: Patatas Fritas Santo Reino, S.L.","Dirección del operador: Calle Beatriz Nuñez 41, Jaén - 23009","Cantidad Neta: 140 g","Número de raciones por envase: 5","Otras menciones obligatorias en la etiqueta: Envasado en atmósfera protectora."],"ingredients":[" Pipas de girasol, sal y harina de arroz."],"conservation":" Conservese en lugar fresco y seco.","ean":"8425469100214"},{"full_name":"MR.B pipas Tornado tostadas con sal bolsa 100 g","name":"pipas Tornado tostadas con sal bolsa 100 g","brand":"MR.B ","img":"https://sgfm.elcorteingles.es/SGFM/dctm/MEDIA03/201709/25/00200475900650____1__600x600.jpg","price":"0,99 €","price_unit":"(9,90 € / Kilo)","categories":["Supermercado","Alimentación General","Aperitivos y frutos secos","Pipas y kikos","MR.B pipas Tornado tostadas con sal bolsa 100 g"],"general_information":["Denominación del alimento: APERITIVO DE MAIZ","País de origen: España","Nombre del operador: Borges Branded Foods, SLU.","Dirección del operador: C/Flix, 29 - 43205 Reus (Tarragona).","Lugar de procedencia del alimento: EUA","Cantidad Neta: 130 g"],"ingredients":[" Maíz, aceite refinado de girasol, sal, aroma, maltodextrina de maíz, potenciadores del sabor (E-621, E-635), aroma de humo, acideulante (E-330). Puede contener trazas de cacahuetes y otros frutos secos de cáscara."],"conservation":" Conservar en lugar fresco y seco.","ean":"8410148506579"},{"full_name":"PRODUCTOS PARES maíz frito y salado envase 200 g","name":"maíz frito y salado envase 200 g","brand":"PRODUCTOS PARES ","img":"https://sgfm.elcorteingles.es/SGFM/dctm/MEDIA03/201602/11/00120971601107____1__600x600.jpg","price":"0,86 €","price_unit":"(4,30 € / Kilo)","categories":["Supermercado","Alimentación General","Aperitivos y frutos secos","Pipas y kikos","PRODUCTOS PARES maíz frito y salado envase 200 g"],"general_information":[],"ingredients":[],"ean":"8410148504223"},{"full_name":"PRODUCTOS PARES maíz gigante frito y salado envase 150 g","name":"maíz gigante frito y salado envase 150 g","brand":"PRODUCTOS PARES ","img":"https://sgfm.elcorteingles.es/SGFM/dctm/MEDIA03/201602/11/00120971601115____1__600x600.jpg","price":"0,90 €","price_unit":"(6 € / Kilo)","categories":["Supermercado","Alimentación General","Aperitivos y frutos secos","Pipas y kikos","PRODUCTOS PARES maíz gigante frito y salado envase 150 g"],"general_information":[],"ingredients":[],"ean":"8410148504247"},{"full_name":"SOL DE ALBA pipas especiales Dakota bolsa 110 g","name":"pipas especiales Dakota bolsa 110 g","brand":"SOL DE ALBA ","img":"https://sgfm.elcorteingles.es/SGFM/00/14/1/0120975900141/0120975900141000g01011.jpg","price":"1,32 €","price_unit":"(12 € / Kilo)","categories":["Supermercado","Alimentación General","Aperitivos y frutos secos","Pipas y kikos","SOL DE ALBA pipas especiales Dakota bolsa 110 g"],"general_information":[],"ingredients":[],"ean":"8421464020014"},{"full_name":"MEDITERRANEA pipa gigante elaborada con agua de mar tarrina 200 g","name":"pipa gigante elaborada con agua de mar tarrina 200 g","brand":"MEDITERRANEA ","img":"https://sgfm.elcorteingles.es/SGFM/dctm/MEDIA03/201712/19/00118142000522____1__600x600.jpg","price":"1,25 €","price_unit":"(6,25 € / Kilo)","categories":["Supermercado","Alimentación General","Aperitivos y frutos secos","Pipas y kikos","MEDITERRANEA pipa gigante elaborada con agua de mar tarrina 200 g"],"general_information":[],"ingredients":[],"ean":"8413111011445"},{"full_name":"EL CORTE INGLES cóctel de maíces y cacahuetes fritos tarrina 300 g","name":"cóctel de maíces y cacahuetes fritos tarrina 300 g","brand":"EL CORTE INGLES ","img":"https://sgfm.elcorteingles.es/SGFM/dctm/MEDIA03/201606/13/00202042400594____1__600x600.jpg","price":"2,25 €","price_unit":"(7,50 € / Kilo)","categories":["Supermercado","Alimentación General","Aperitivos y frutos secos","Cocktails","EL CORTE INGLES cóctel de maíces y cacahuetes fritos tarrina 300 g"],"general_information":["Denominación del alimento: MEZCLA DE FRUTOS SECOS Y SNACKS","Nombre del operador: Elaborado para El Corte Inglés por\nAperitivos Medina 3, S.L. - Puerto Linera, 1 \nPol. Ind. Nº 6 Expansión - Móstoles (Madrid) España","Lugar de procedencia del alimento: Origen del fruto: (1) China (2) y (7)Francia / España (3)Perú(4),(5) y (6) España","Cantidad Neta: 300 g","Número de raciones por envase: aproximadament"],"ingredients":[" Ingredientes: cacahuete repelado frito 30% (1), maíz frito pequeño 30% (2), Kikos chip tubo barbacoa 10% (3) (maíz, grasa vegetal de palma, aromas (leche), harina de trigo, potenciadores del sabor E-621 y E-631, levadura, aroma de humo, acidulante E-330), sticks tex mex 10% (4) (maíz, grasa vegetal de palma, aromas (leche), sal, potenciadores del sabor E-621, E-631, E-627, colorantes E-160c y E-160b), corrector de la acidez E-330, antioxidante E-306), boliches barbacoa 10% (5) [(sémola de maíz, sémola de arroz, azúcar, aceite de girasol, aroma  barbacoa (preparaciones y sustancias aromatizantes, aroma de humo, maltodextrina, sal y potenciadores del sabor E-621 y E-631) y sal], Kiko chip sal 10% (maíz, grasa vegetal de palma y sal). Puede contener soja y otros frutos de cascara."],"conservation":" Envasado en atmósfera protectora. Conservar en lugar fresco y seco.","ean":"8433329074056"},{"full_name":"EL CORTE INGLES Cóctel Fiesta frito tarrina 400 g","name":"Cóctel Fiesta frito tarrina 400 g","brand":"EL CORTE INGLES ","img":"https://sgfm.elcorteingles.es/SGFM/dctm/MEDIA03/201606/20/00118142400490____1__600x600.jpg","price":"2,75 €","price_unit":"(6,88 € / Kilo)","categories":["Supermercado","Alimentación General","Aperitivos y frutos secos","Cocktails","EL CORTE INGLES Cóctel Fiesta frito tarrina 400 g"],"general_information":["Denominación del alimento: MEZCLA DE FRUTOS SECOS Y SNACKS","Nombre del operador: Elaborado para El Corte Inglés por\nAperitivos Medina 3, S.L. - Puerto Linera, 1 \nPol. Ind. Nº 6 Expansión - Móstoles (Madrid) España","Lugar de procedencia del alimento: Origen del fruto: (1) China (2)Francia/España (3) China/ Ucranía/EEUU/ Bulgaria","Cantidad Neta: 400 g","Número de raciones por envase: 16"],"ingredients":[" Ingredientes: Cacahuete jumbo repelado frito 50% (1), maiz frito pequeño 20% (2), pipa pelada frita 20% (3), bolas barbacoa 10% [sémola de maíz, sémola de arroz, azúcar, aceite de girasol, aroma de barbacoa(preparaciones y sustancias aromatizantes, aroma de humo, maltodextrina, sal y potenciadores del sabor E-621 y E-631) y sal] , aceite de girasol y sal. Puede contener trazas de otros frutos de cáscara y leche."],"conservation":" Envasado en atmósfera protectora. Conservar en lugar fresco y seco.","ean":"8433329074032"},{"full_name":"EL CORTE INGLES cóctel de frutos secos fritos tarrina 250 g","name":"cóctel de frutos secos fritos tarrina 250 g","brand":"EL CORTE INGLES ","img":"https://sgfm.elcorteingles.es/SGFM/dctm/MEDIA03/201606/20/00118142400284____1__600x600.jpg","price":"5,95 €","price_unit":"(23,80 € / Kilo)","categories":["Supermercado","Alimentación General","Aperitivos y frutos secos","Cocktails","EL CORTE INGLES cóctel de frutos secos fritos tarrina 250 g"],"general_information":["Denominación del alimento: MEZCLA DE FRUTOS SECOS","Nombre del operador: Elaborado para EL CORTE INGLÉS por\nAperitivos Medina 3, S.L. - Puerto Linera, 1 \nPol. Ind. Nº 6 Expansión - Móstoles (Madrid) España","Lugar de procedencia del alimento: Origen del fruto: (1)España, (2)India/Vietnam, (3)Turquía/Georgia, (4)China.","Cantidad Neta: 250 g","Número de raciones por envase: 10"],"ingredients":[" Ingredientes: Almendras (1), anacardos (2), avellanas (3), cacahuetes (4), aceite de girasol y sal.\nEn proporción del 25% de cada fruto Puede contener trazas de otros frutos de cáscara."],"conservation":" Envasado en atmósfera protectora. Conservar en lugar fresco y seco.","ean":"8433329020794"},{"full_name":"EL CORTE INGLES cóctel oriental tostado de aperitivos tarrina 250 g","name":"cóctel oriental tostado de aperitivos tarrina 250 g","brand":"EL CORTE INGLES ","img":"https://sgfm.elcorteingles.es/SGFM/dctm/MEDIA03/201605/20/00118142400318____1__600x600.jpg","price":"2,60 €","price_unit":"(10,40 € / Kilo)","categories":["Supermercado","Alimentación General","Aperitivos y frutos secos","Cocktails","EL CORTE INGLES cóctel oriental tostado de aperitivos tarrina 250 g"],"general_information":["Nombre del operador: Elaborado para El Corte Inglés por\nInterbari, S.L. - C/ Moncayo, 2\nPol. Ind. Los Vientos \n46119 Náquera - (Valencia) España","Lugar de procedencia del alimento: Origen del fruto: China","Cantidad Neta: 250 g","Número de raciones por envase: 12,5"],"ingredients":[" Ingredientes: arroz, cacahuetes, harina de trigo, azúcar, salsa de soja (soja, trigo y sal), semillas de sésamo, almidón de tapioca, algas marinas, colorante E-150c, chili y colorantes (E-140, E-100, E-160c) Puede contener trazas de otros frutos de cáscara."],"conservation":" Envasado en atmósfera protectora.  Conservar en lugar fresco y seco. Evitar la luz directa y fuentes de calor. Una vez abierto consumir en 5 días.","ean":"8433329023412"},{"full_name":"EL CORTE INGLES cóctel tango frito tarrina 425 g","name":"cóctel tango frito tarrina 425 g","brand":"EL CORTE INGLES ","img":"https://sgfm.elcorteingles.es/SGFM/dctm/MEDIA03/201606/13/00202042400586____1__600x600.jpg","price":"4,50 €","price_unit":"(10,59 € / Kilo)","categories":["Supermercado","Alimentación General","Aperitivos y frutos secos","Cocktails","EL CORTE INGLES cóctel tango frito tarrina 425 g"],"general_information":[],"ingredients":[],"ean":"8433329074049"},{"full_name":"EL CORTE INGLES mix de 7 frutos secos tarrina 325 g","name":"mix de 7 frutos secos tarrina 325 g","brand":"EL CORTE INGLES ","img":"https://sgfm.elcorteingles.es/SGFM/dctm/MEDIA03/201606/13/00118142400482____1__600x600.jpg","price":"2,95 €","price_unit":"(9,08 € / Kilo)","categories":["Supermercado","Alimentación General","Aperitivos y frutos secos","Cocktails","EL CORTE INGLES mix de 7 frutos secos tarrina 325 g"],"general_information":["Denominación del alimento: MEZCLA DE FRUTOS SECOS","Nombre del operador: Elaborado para El Corte Inglés por\nAperitivos Medina 3, S.L. - Puerto Linera, 1 \nPol. Ind. Nº 6 Expansión - Móstoles (Madrid) España","Lugar de procedencia del alimento: Origen del fruto: (1) China, (2) China, Bolivia, Argentina, EEUU, Israel, (3)Francia, España, (4) España, Egipto, (5) España, (6) China, (7) Perú.","Cantidad Neta: 325 g","Número de raciones por envase: 13"],"ingredients":[" Ingredientes: Cacahuetes  fritos y salados (1), pipas de girasol tostadas (2), maíz frito pequeño (3), habas fritas (4), almendras  tostadas y saladas (5), pipas de calabaza tostadas (6), maíz gigante frito (7), aceite de girasol, sal y harina de arroz. Puede contener trazas de otros frutos de cáscara."],"conservation":" Envasado en atmósfera protectora. Conservar en lugar fresco y seco.","ean":"8433329074025"},{"full_name":"EL CORTE INGLES macedonia tropical de frutos secos tarrina 200 g","name":"macedonia tropical de frutos secos tarrina 200 g","brand":"EL CORTE INGLES ","img":"https://sgfm.elcorteingles.es/SGFM/dctm/MEDIA03/201606/13/00118142400300____1__600x600.jpg","price":"1,75 €","price_unit":"(8,75 € / Kilo)","categories":["Supermercado","Alimentación General","Aperitivos y frutos secos","Cocktails","EL CORTE INGLES macedonia tropical de frutos secos tarrina 200 g"],"general_information":["Nombre del operador: Elaborado para El Corte Inglés por\nInterbari, S.L. - C/ Moncayo, 2\nPol. Ind. Los Vientos \n46119 Náquera - (Valencia) España","Lugar de procedencia del alimento: Origen del fruto: Filipinas, Tailandia, Turquía y Sri Lanka","Cantidad Neta: 200 g","Número de raciones por envase: 10"],"ingredients":[" Ingredientes: Banana (banana, aceite de coco, azúcar, aroma de plátano), papaya (papaya, azúcar y conservador E-220 (sulfitos)), piña (piña, azúcar, ácido cítrico y conservador E-220 (sulfitos)), uvas pasas (pasas y aceite de algodón) y coco laminado Puede contener trazas de cacahuetes y otros frutos de cáscara."],"conservation":" Envasado en atmósfera protectora.  Conservar en lugar fresco y seco. Evitar la luz directa y fuentes de calor. Una vez abierto consumir en 10 días.","ean":"8433329023429"},{"full_name":"EL CORTE INGLES mix selecto de frutos secos crudos tarrina 200 g","name":"mix selecto de frutos secos crudos tarrina 200 g","brand":"EL CORTE INGLES ","img":"https://sgfm.elcorteingles.es/SGFM/dctm/MEDIA03/201606/20/00118142400326____1__600x600.jpg","price":"3,95 €","price_unit":"(19,75 € / Kilo)","categories":["Supermercado","Alimentación General","Aperitivos y frutos secos","Cocktails","EL CORTE INGLES mix selecto de frutos secos crudos tarrina 200 g"],"general_information":["Denominación del alimento: MEZCLA DE FRUTOS SECOS","Nombre del operador: Elaborado para El Corte Inglés por\nAperitivos Medina 3, S.L. - Puerto Linera, 1 \nPol. Ind. Nº 6 Expansión - Móstoles (Madrid) España","Lugar de procedencia del alimento: Origen del fruto: (1) Sudáfrica/Chile (2) Turquía (3)India/ Rumanía/ Ucranía/Bulgaria/Francia/España/Chile(4) Brasil (5) EEUU/España (6) EEUU/España (7) Turquía/Georgia","Cantidad Neta: 200 g","Número de raciones por envase: 8"],"ingredients":[" Ingredientes: Pasa sin pepita 20% (1), pasa sultana 20% (2), nuez pelada 15% (3), coco pelado 15% (4), almendra  repelada10% (5), almendra  piel cruda 10% (6), avellana 10% (7) y aceite de girasol. Puede contener cacahuetes y trazas de otros frutos de cáscara."],"conservation":" Envasado en atmósfera protectora. Conservar en lugar fresco y seco.","ean":"8433329029650"},{"full_name":"EL CORTE INGLES mix para ensaladas con bayas goji tarrina 250 g","name":"mix para ensaladas con bayas goji tarrina 250 g","brand":"EL CORTE INGLES ","img":"https://sgfm.elcorteingles.es/SGFM/dctm/MEDIA03/201610/28/00202042400602____1__600x600.jpg","price":"4,25 €","price_unit":"(17 € / Kilo)","categories":["Supermercado","Alimentación General","Aperitivos y frutos secos","Cocktails","EL CORTE INGLES mix para ensaladas con bayas goji tarrina 250 g"],"general_information":["Denominación del alimento: Cóctel de frutos secos crudos y bayas de goji","Nombre del operador: Envasado para El Corte Inglés por\nAperitivos Medina 3, S.L. - Puerto Linera, 1 \nPol. Ind. Nº 6 Expansión - Móstoles (Madrid) España","Lugar de procedencia del alimento: Origen del fruto: ver base.","Cantidad Neta: 250 g","Número de raciones por envase: 10"],"ingredients":[" Ingredientes: Pipa de calabaza pelada cruda(1), pipa de girasol pelada cruda(2), bayas de goji (3), nuez pelada granillo(4) y almendra repelada en palitos(5). Puede contener trazas de cacahuetes y otros frutos de cáscara."],"conservation":" Envasado en atmósfera protectora. Conservar en lugar fresco y seco.","ean":"8433329078085"},{"full_name":"EL CORTE INGLES mezcla de frutos secos ecológicos bolsa 200 g","name":"mezcla de frutos secos ecológicos bolsa 200 g","brand":"EL CORTE INGLES ","img":"https://sgfm.elcorteingles.es/SGFM/dctm/MEDIA03/201708/04/00118145000073____1__600x600.jpg","price":"5,90 €","price_unit":"(29,50 € / Kilo)","categories":["Supermercado","Alimentación General","Aperitivos y frutos secos","Cocktails","EL CORTE INGLES mezcla de frutos secos ecológicos bolsa 200 g"],"general_information":["Denominación del alimento: MEZCLA DE FRUTOS SECOS CRUDOS ECOLÓGICOS","Nombre del operador: Envasado para El Corte Inglés por\nAperitivos Medina 3, S.L. \nC/ Puerto Linera, 1 \n 28935 (Móstoles) Madrid\n España","Lugar de procedencia del alimento: Origen: (1) India / Vietnam / Brasil / Costa de Marfil / Sudáfrica; (2)y(3) España / Estados Unidos; (4) India/ Polonia/ Moldavia/ Bulgaria","Cantidad Neta: 200 g"],"ingredients":[" Ingredientes: Anacardo* crudo (35%) (1), almendra* con piel crudas (25%) (2), almendra* repeladas cruda (20%) (3)  y nuez* pelada  (20%) (4).\n*Procedente de cultivo ecológico. Puede contener trazas de otros frutos de cáscara."],"conservation":" Conservar en lugar fresco y seco. Evitar la luz directa y fuentes de calor. Una vez abierto consumir antes de 30 días.","ean":"8433329082150"},{"full_name":"EL CORTE INGLES mezcla de frutos secos crudos con arándanos deshidratados ecológicos bolsa 200 g","name":"mezcla de frutos secos crudos con arándanos deshidratados ecológicos bolsa 200 g","brand":"EL CORTE INGLES ","img":"https://sgfm.elcorteingles.es/SGFM/dctm/MEDIA03/201708/04/00118145000065____1__600x600.jpg","price":"6,50 €","price_unit":"(32,50 € / Kilo)","categories":["Supermercado","Alimentación General","Aperitivos y frutos secos","Cocktails","EL CORTE INGLES mezcla de frutos secos crudos con arándanos deshidratados ecológicos bolsa 200 g"],"general_information":["Denominación del alimento: MEZCLA DE FRUTOS SECOS CRUDOS CON ARÁNDANOS DESHIDRATADOS ECOLÓGICOS","Nombre del operador: Envasado para El Corte Inglés por\nAperitivos Medina 3, S.L. \nC/ Puerto Linera, 1 \n 28935 (Móstoles) Madrid\n España","Lugar de procedencia del alimento: Origen: (1) India / Vietnam / Brasil / Costa de Marfil / Sudáfrica (2) Canadá / Estados Unidos (3) Sudáfrica / Mexico / Australia (4) España","Cantidad Neta: 200 g"],"ingredients":[" Ingredientes: Anacardo* crudo (35%) (1),  arándano* deshidratado (30%) (arándano* deshidratado, azúcar* y aceite de girasol*) (2), nuez pecana* (20%) (3) y pistacho* pelado (15%) (4).\n*Procedente de cultivo ecológico. Puede contener trazas de otros frutos de cáscara."],"conservation":" Conservar en lugar fresco y seco. Evitar la luz directa y fuentes de calor. Una vez abierto consumir antes de 30 días.","ean":"8433329082167"},{"full_name":"EL CORTE INGLES mezcla de semillas de girasol y calabaza peladas crudas y piñones pelados crudos ecológico bolsa 200 g","name":"mezcla de semillas de girasol y calabaza peladas crudas y piñones pelados crudos ecológico bolsa 200 g","brand":"EL CORTE INGLES ","img":"https://sgfm.elcorteingles.es/SGFM/dctm/MEDIA03/201708/04/00118145000081____1__600x600.jpg","price":"2,99 €","price_unit":"(14,95 € / Kilo)","categories":["Supermercado","Alimentación General","Aperitivos y frutos secos","Cocktails","EL CORTE INGLES mezcla de semillas de girasol y calabaza peladas crudas y piñones pelados crudos ecológico bolsa 200 g"],"general_information":["Denominación del alimento: MEZCLA DE SEMILLAS DE GIRASOL Y CALABAZA PELADAS CRUDAS Y DE PIÑONES PELADOS Y CRUDOS ECOLÓGICOS","Nombre del operador: Envasado para El Corte Inglés por\nAperitivos Medina 3, S.L. \nC/ Puerto Linera, 1 \n 28935 (Móstoles) Madrid\n España","Lugar de procedencia del alimento: Origen: China","Cantidad Neta: 200 g"],"ingredients":[" Ingredientes: Semilla de girasol* pelada cruda (45%), semilla de calabaza* pelada cruda (45%)  y piñón* pelado crudo (10%).\n*Procedente de cultivo ecológico. Puede contener trazas de otros frutos de cáscara."],"conservation":" Conservar en lugar fresco y seco. Evitar la luz directa y fuentes de calor. Una vez abierto consumir antes de 30 días.","ean":"8433329083706"},{"full_name":"ALIADA cóctel almendras avellanas maíz garbanzos y pistachos bolsa 200 g","name":"cóctel almendras avellanas maíz garbanzos y pistachos bolsa 200 g","brand":"ALIADA ","img":"https://sgfm.elcorteingles.es/SGFM/00/48/9/0120977800489/0120977800489000g01011.jpg","price":"2,08 €","price_unit":"(10,40 € / Kilo)","categories":["Supermercado","Alimentación General","Aperitivos y frutos secos","Cocktails","ALIADA cóctel almendras avellanas maíz garbanzos y pistachos bolsa 200 g"],"general_information":["Denominación del alimento: Mezcla de cacahuetes, maíz , garbanzos,  frutos secos y habas.","Nombre del operador: Elaborado para el\n Grupo El Corte Inglés \nHermosilla, 112 ? 28009 Madrid ? España \npor N.I.F.:  A-25008202","Cantidad Neta: 200 g"],"ingredients":[" Ingredientes: Cacahuetes sin piel, maíz frito y salado, garbanzos tostados, almendras larguetas piel, pistachos USA tostados y salados, avellanas semipiel tostadas, habas fritas y saladas, aceites vegetales (girasol, palma) y sal. Puede contener trazas de frutos de cáscara."],"conservation":" Conservar en lugar fresco y seco","ean":"8433329032148"},{"full_name":"ALIADA cóctel cacahuetes avellanas anacardos almendras coquito bolsa 200 g","name":"cóctel cacahuetes avellanas anacardos almendras coquito bolsa 200 g","brand":"ALIADA ","img":"https://sgfm.elcorteingles.es/SGFM/dctm/MEDIA03/201706/09/00120977800497____1__600x600.jpg","price":"2,45 €","price_unit":"(12,25 € / Kilo)","categories":["Supermercado","Alimentación General","Aperitivos y frutos secos","Cocktails","ALIADA cóctel cacahuetes avellanas anacardos almendras coquito bolsa 200 g"],"general_information":["Denominación del alimento: Mezcla de frutos secos y cacahuetes.","Nombre del operador: Elaborado para el\n Grupo El Corte Inglés \nHermosilla, 112 ? 28009 Madrid ? España \npor N.I.F.:  A-25008202","Cantidad Neta: 200 g"],"ingredients":[" Ingredientes: Cacahuetes sin piel, anacardos, almendras sin piel, avellanas sin piel fritos y salados, nuez en grano USA, coquitos del Brasil, aceite vegetal de girasol y sal. Puede contener trazas de frutos de cáscara."],"conservation":" Conservar en lugar fresco y seco","ean":"8433329032155"},{"full_name":"ALIADA cóctel japonés de aperitivo bolsa 125 g","name":"cóctel japonés de aperitivo bolsa 125 g","brand":"ALIADA ","img":"https://sgfm.elcorteingles.es/SGFM/00/42/2/0120977800422/0120977800422000g01011.jpg","price":"1,36 €","price_unit":"(10,88 € / Kilo)","categories":["Supermercado","Alimentación General","Aperitivos y frutos secos","Cocktails","ALIADA cóctel japonés de aperitivo bolsa 125 g"],"general_information":["Denominación del alimento: Coctel Oriental- Mezcla de frutos secos fritos, tostados y galletas de arroz.","País de origen: China","Nombre del operador: Elaborado para el\n Grupo El Corte Inglés \nHermosilla, 112 ? 28009 Madrid ? España \npor N.I.F.:  A-78300886","Cantidad Neta: 125 g"],"ingredients":[" Ingredientes: Arroz glutinoso, cacahuete, harina de trigo, salsa de soja, azúcar, almidón de tapioca, sésamo negro, sésamo blanco, alga marina, aceite de palma, chile en polvo, colorantes (E150A, E140, E100, E160C, E162, E150C). Puede contener trazas de frutos de cáscara, apio, centeno, leche, mostaza y derivados y derivados lácteos."],"conservation":" Conservar en lugar fresco y seco. Una vez abierto, cerrar la bolsa después de cada uso.","ean":"8433329022491"},{"full_name":"ALIADA cóctel arándanos almendras coquitos y pistachos bolsa 100 g","name":"cóctel arándanos almendras coquitos y pistachos bolsa 100 g","brand":"ALIADA ","img":"https://sgfm.elcorteingles.es/SGFM/dctm/MEDIA03/201706/09/00120977800505____1__600x600.jpg","price":"1,63 €","price_unit":"(16,30 € / Kilo)","categories":["Supermercado","Alimentación General","Aperitivos y frutos secos","Cocktails","ALIADA cóctel arándanos almendras coquitos y pistachos bolsa 100 g"],"general_information":["Denominación del alimento: Mezcla de frutos secos y arándanos.","Nombre del operador: Elaborado para el\n Grupo El Corte Inglés \nHermosilla, 112 ? 28009 Madrid ? España \npor N.I.F.:  A-25008202","Cantidad Neta: 100 g"],"ingredients":[" Ingredientes: Almendras  piel, coquitos del Brasil, arándanos desecados (azúcar y aceite vegetal de girasol) y pistachos en grano. Puede contener trazas de frutos de cáscara  y de cacahuetes."],"conservation":" Conservar en lugar fresco y seco","ean":"8433329032162"},{"full_name":"GREFUSA MISTER CORN África cócteles frutos secos sabor a especias surafricanas bolsa 170 g","name":"África cócteles frutos secos sabor a especias surafricanas bolsa 170 g","brand":"GREFUSA MISTER CORN ","img":"https://sgfm.elcorteingles.es/SGFM/00/57/0/0120977800570/0120977800570000g01011.jpg","price":"1,75 €","price_unit":"(10,29 € / Kilo)","categories":["Supermercado","Alimentación General","Aperitivos y frutos secos","Cocktails","GREFUSA MISTER CORN África cócteles frutos secos sabor a especias surafricanas bolsa 170 g"],"general_information":["Denominación del alimento: Surtido de productos de aperitivos de maíz y cacahuetes","Nombre del operador: Grefusa S.L","Dirección del operador: Avda de la Llibertat d'Ensenyança nº 20. 46600 Alzira (Valencia)","Cantidad Neta: 204 g","Número de raciones por envase: 7"],"ingredients":[" Maíz frito con sabor a barbacoa: maíz (75%), aceite de girasol (20%), sal, aromas, harinas de arroz (0,8%), harina de trigo, potenciadores del sabor: glutamato de monosodio y 5'ribonucleotidos de disodio, aroma de humo y levadura inactiva,Cacahuete fr"],"conservation":" Conservar en lugar fresco y seco.","ean":"8413164010440"},{"full_name":"GREFUSA MISTER CORN América cócteles de frutos secos auténtico sabor a salsa sweet Carolina bolsa 155 g","name":"América cócteles de frutos secos auténtico sabor a salsa sweet Carolina bolsa 155 g","brand":"GREFUSA MISTER CORN ","img":"https://sgfm.elcorteingles.es/SGFM/00/69/5/0120977800695/0120977800695000g01011.jpg","price":"1,75 €","price_unit":"(11,29 € / Kilo)","categories":["Supermercado","Alimentación General","Aperitivos y frutos secos","Cocktails","GREFUSA MISTER CORN América cócteles de frutos secos auténtico sabor a salsa sweet Carolina bolsa 155 g"],"general_information":["Denominación del alimento: Surtido de productos de aperitivos de maíz y cacahuetes","Nombre del operador: Grefusa S.L","Dirección del operador: Avda de la Llibertat d'Ensenyança nº 20. 46600 Alzira (Valencia)","Cantidad Neta: 186 g","Número de raciones por envase: 6"],"ingredients":[" Maíz frito con sabor a barbacoa: maíz (75%), aceite de girasol (20%), sal, aromas, harina de arroz (0,8%), harina de trigo, potenciadores del sabor: glutamato de monosodio y 5'ribonucleotidos de disodio, aroma de humo y levadura inactiva, Producto de ap"],"conservation":" Conservar en lugar fresco y seco.","ean":"8413164010433"},{"full_name":"GREFUSA MISTER CORN India cócteles de frutos secos sabor a curry indio bolsa 140 g","name":"India cócteles de frutos secos sabor a curry indio bolsa 140 g","brand":"GREFUSA MISTER CORN ","img":"https://sgfm.elcorteingles.es/SGFM/00/59/6/0120977800596/0120977800596000g01011.jpg","price":"1,75 €","price_unit":"(12,50 € / Kilo)","categories":["Supermercado","Alimentación General","Aperitivos y frutos secos","Cocktails","GREFUSA MISTER CORN India cócteles de frutos secos sabor a curry indio bolsa 140 g"],"general_information":["Denominación del alimento: Surtido de productos de aperitivos de maiz  y pistachos","Nombre del operador: Grefusa S.L","Dirección del operador: Avda de la Llibertat d'Ensenyança nº 20. 46600 Alzira (Valencia)","Cantidad Neta: 168 g","Número de raciones por envase: 6"],"ingredients":[" Maíz frito con sabor a barbacoa: maíz (75%), aceite de girasol (20%), sal, aromas, harina de arroz (0,8%), harina de trigo, potenciadores del sabor: glutamato de monosodio y 5'ribonucleotidos de disodio, aroma de humo y levadura inactiva,Producto de ape"],"conservation":" Conservar en lugar fresco y seco.","ean":"8413164010426"},{"full_name":"GREFUSA MISTER CORN Japón cóctel frutos secos sabor a soja y wasabi envase 170 g","name":"Japón cóctel frutos secos sabor a soja y wasabi envase 170 g","brand":"GREFUSA MISTER CORN ","img":"https://sgfm.elcorteingles.es/SGFM/dctm/MEDIA03/201703/16/00120977801362____1__600x600.jpg","price":"1,75 €","price_unit":"(10,29 € / Kilo)","categories":["Supermercado","Alimentación General","Aperitivos y frutos secos","Cocktails","GREFUSA MISTER CORN Japón cóctel frutos secos sabor a soja y wasabi envase 170 g"],"general_information":["Denominación del alimento: Surtido de productos de aperitivo de maíz y cacahuete recubierto","Nombre del operador: Grefusa S.L","Dirección del operador: Avda de la Llibertat d'Ensenyança nº 20. 46600 Alzira (Valencia)","Cantidad Neta: 170 g","Número de raciones por envase: 6","Otras menciones obligatorias en la etiqueta: Envasado en atmosfera protectora"],"ingredients":[" Maiz frito con sabor a barbacoa: maíz (75%), aceite de girasol (20%), sal , aromas , harina de arroz (0,8%), harina de TRIGO , potenciadores del sabor:  glutamato de monosodio , 5'ribonucleotidos de disodio , aroma de humo , levadura inactiva. Cacahuete recubierto con sabor a barbacoa (20%): CACAHUETE (70%), almidón de maíz, harina de arroz  y TRIGO (10%), almidón de patata, azúcar, sal, levadura, aroma (LECHE), hidrolizado de proteínas vegetal (maíz y SOJA), potenciadores del sabor: glutamato de monosodio y 5'ribonucleotidos de disodio, espesante: fosfato de dialmidón acetilado, aceite de girasol (2%), aroma de humo y colorantes: curcumina y annato. Producto de aperitivo horneado con sabor a salsa wasabi: Sémola de maíz (65%), aceite de girasol (13%), azúcar, sal, dextrosa, cebolla, colorantes: Complejos cúpricos de las clorofilas y clorofilinas. Producto de aperitivo horneado con sabor a salsa de soja: Sémola de arroz (45%), sémola de maíz integral (19%), aceite de girasol (13%), azúcar, LACTOSA, sal, aceite de oliva (1%), potenciadores del sabor: glutamato de monosodio, guanilato disódico, ajo, especias y plantas aromáticas."],"conservation":" Conservar en lugar fresco y seco.","ean":"8413164011799"},{"full_name":"GREFUSA MISTER CORN Grefusitos cóctel frutos secos Mix 5 bolsa 120 g","name":"Grefusitos cóctel frutos secos Mix 5 bolsa 120 g","brand":"GREFUSA MISTER CORN ","img":"https://sgfm.elcorteingles.es/SGFM/dctm/MEDIA03/201710/05/00120977800109____1__600x600.jpg","price":"1,11 €","price_unit":"(9,25 € / Kilo)","categories":["Supermercado","Alimentación General","Aperitivos y frutos secos","Cocktails","GREFUSA MISTER CORN Grefusitos cóctel frutos secos Mix 5 bolsa 120 g"],"general_information":["Denominación del alimento: Cocktail de frutos secos y productos de aperitivos con sabor a barbacoa.","País de origen: España","Nombre del operador: GREFUSA S.L.","Dirección del operador: Av. de la Llibertat d'ensenyança nº 20 46600-Alzira (VALENCIA)","Cantidad Neta: 120 g"],"ingredients":[" maíz (29%), CACAHUETE (25%), aceite de girasol (10%), garbanzo (8%), sémola de maíz (7%), pasas (5%), sal, azúcar, aroma, harina de arroz (0,3%), harina de TRIGO, potenciadores del sabor(glutamato de monosodio, 5'ribonucleotidos de disodio), aroma de humo, levadura inactiva. Puede contener FRUTOS DE CÁSCARA, LECHE, SOJA."],"conservation":" CONSERVAR EN LUGAR FRESCO Y SECO.Una vez abierto el envase, conservarlo cerrado y consumir el producto preferentemente en el plazo de una semana.","ean":"8413164002704"},{"full_name":"EAGLE cóctel Gourmet de frutos secos Edición Limitada lata 230 g","name":"cóctel Gourmet de frutos secos Edición Limitada lata 230 g","brand":"EAGLE ","img":"https://sgfm.elcorteingles.es/SGFM/dctm/MEDIA03/201711/24/00120977801545____1__600x600.jpg","price":"3,99 €            ","price_unit":"(14,74 € / Kilo)","categories":["Supermercado","Alimentación General","Aperitivos y frutos secos","Cocktails","EAGLE cóctel Gourmet de frutos secos Edición Limitada lata 230 g"],"general_information":[],"ingredients":[],"ean":"8412600029831"},{"full_name":"EAGLE Cóctel Musik de frutos secos selectos lata 250 g","name":"Cóctel Musik de frutos secos selectos lata 250 g","brand":"EAGLE ","img":"https://sgfm.elcorteingles.es/SGFM/dctm/MEDIA03/201704/25/00120977800224____1__600x600.jpg","price":"4,43 €            ","price_unit":"(15,16 € / Kilo)","categories":["Supermercado","Alimentación General","Aperitivos y frutos secos","Cocktails","EAGLE Cóctel Musik de frutos secos selectos lata 250 g"],"general_information":["Denominación del alimento: MEZCLA DE FRUTOS SECOS FRITOS","Nombre del operador: Bimbo, S.A.U.","Dirección del operador: Avda Prat de la Riba s/n 08401 Granollers (Barcelona)","Cantidad Neta: 250 g","Otras menciones obligatorias en la etiqueta: Envasado en atmósfera protectora."],"ingredients":[" Cacahuete (56%), almendras, anacardos, avellanas, nueces pacanas, nueces de macadamia, aceite vegetal (girasol), sal. Puede contener trazas de otros frutos de cáscara."],"conservation":" Mantener en lugar fresco y seco.","ean":"8412600807330"},{"full_name":"EAGLE cóctel de frutos secos deluxe lata 250 g","name":"cóctel de frutos secos deluxe lata 250 g","brand":"EAGLE ","img":"https://sgfm.elcorteingles.es/SGFM/dctm/MEDIA03/201704/25/00120977800216____1__600x600.jpg","price":"6,05 €            ","price_unit":"(20,76 € / Kilo)","categories":["Supermercado","Alimentación General","Aperitivos y frutos secos","Cocktails","EAGLE cóctel de frutos secos deluxe lata 250 g"],"general_information":["Denominación del alimento: MEZCLA DE FRUTOS SECOS FRITOS","Nombre del operador: Bimbo, S.A.U.","Dirección del operador: Avda Prat de la Riba s/n 08401 Granollers (Barcelona)","Cantidad Neta: 250 g","Otras menciones obligatorias en la etiqueta: Envasado en atmósfera protectora."],"ingredients":[" Almendras (50%), anacardos, avellana, nueces de macadamia, nueces pacanas, aceite vegetal (girasol), sal. Puede contener trazas de cacahuetes y/u otros frutos de cáscara."],"conservation":" Mantener en lugar fresco y seco.","ean":"8412600807347"},{"full_name":"EAGLE cóctel de frutos secos fritos con miel bolsa 75 g","name":"cóctel de frutos secos fritos con miel bolsa 75 g","brand":"EAGLE ","img":"https://sgfm.elcorteingles.es/SGFM//00/93/5/0120977800935/0120977800935000g01011.jpg","price":"1,56 €","price_unit":"(20,80 € / Kilo)","categories":["Supermercado","Alimentación General","Aperitivos y frutos secos","Cocktails","EAGLE cóctel de frutos secos fritos con miel bolsa 75 g"],"general_information":["Denominación del alimento: MEZCLA DE FRUTOS SECOS FRITOS","Nombre del operador: Bimbo, S.A.U.","Dirección del operador: Avda Prat de la Riba s/n 08401 Granollers (Barcelona-España/Espanha)","Cantidad Neta: 75 g","Otras menciones obligatorias en la etiqueta: Envasado en atmósfera protectora."],"ingredients":[" Cacahuetes (65%), anacardos, nueces pacana, aceite de cacahuete, azúcar, miel (1.6%), espesante (E-1412), sal. Puede contener trazas de frutos de cáscara."],"conservation":" Mantener en lugar fresco y seco.","ean":"8412600024539"},{"full_name":"BORGES mezcla frutos secos fritos bolsa 180 g","name":"mezcla frutos secos fritos bolsa 180 g","brand":"BORGES ","img":"https://sgfm.elcorteingles.es/SGFM/00/89/3/0120977800893/0120977800893000g01011.jpg","price":"1,35 €","price_unit":"(7,50 € / Kilo)","categories":["Supermercado","Alimentación General","Aperitivos y frutos secos","Cocktails","BORGES mezcla frutos secos fritos bolsa 180 g"],"general_information":["Denominación del alimento: Mezcla de legumbres secas con maíz frito y cacahuetes fritos y salados.","País de origen: España","Nombre del operador: Borges Branded Foods, SLU.","Dirección del operador: C/Flix, 29 - 43205 Reus (Tarragona).","Cantidad Neta: 180 g"],"ingredients":[" Maíz frito y salado, cacahuetes sin piel fritos y salados, cacahuetes con piel fritos y salados, garbanzos amarillos tostados, habas fritas y saladas, aceite vegetal de girasol, aceite vegetal de palma y sal. Puede contener trazas de otros frutos secos."],"conservation":" Conservar en lugar fresco y seco.","ean":"8410148501819"},{"full_name":"BORGES Natura cóctel de frutos secos crudos 100% natural bolsa 130 g","name":"Natura cóctel de frutos secos crudos 100% natural bolsa 130 g","brand":"BORGES ","img":"https://sgfm.elcorteingles.es/SGFM/01/02/4/0120977801024/0120977801024000g01011.jpg","price":"2,75 €","price_unit":"(21,15 € / Kilo)","categories":["Supermercado","Alimentación General","Aperitivos y frutos secos","Cocktails","BORGES Natura cóctel de frutos secos crudos 100% natural bolsa 130 g"],"general_information":["Denominación del alimento: Mezcla de frutos secos crudos.","País de origen: España","Nombre del operador: Borges Branded Foods, SLU.","Dirección del operador: C/Flix, 29 - 43205 Reus (Tarragona).","Cantidad Neta: 130 g"],"ingredients":[" Avellanas crudas peladas, almendras crudas peladas, pacanas crudas y trozos de nueces. Puede contener trazas de cacahuetes y otros frutos secos."],"conservation":" Conservar en lugar fresco y seco.","ean":"8410148503660"},{"full_name":"BORGES Natura cóctel de frutos secos crudos y frutas desecadas 100% natural bolsa 130 g","name":"Natura cóctel de frutos secos crudos y frutas desecadas 100% natural bolsa 130 g","brand":"BORGES ","img":"https://sgfm.elcorteingles.es/SGFM/01/03/2/0120977801032/0120977801032000g01011.jpg","price":"2,90 €","price_unit":"(22,31 € / Kilo)","categories":["Supermercado","Alimentación General","Aperitivos y frutos secos","Cocktails","BORGES Natura cóctel de frutos secos crudos y frutas desecadas 100% natural bolsa 130 g"],"general_information":["Denominación del alimento: Mezcla de frutos secos crudos y frutas desecadas.","País de origen: España","Nombre del operador: Borges Branded Foods, SLU.","Dirección del operador: C/Flix, 29 - 43205 Reus (Tarragona).","Cantidad Neta: 130 g"],"ingredients":[" Almendras peladas crudas, semillas de girasol crudas peladas, trozos de nueces, arándanos desecados (arándanos, azúcar y aceite de girasol), uvas pasas sin semilla (pasas y aceite de girasol) y pistachos en grano crudos. Contiene almendra, nuez y pistacho, también puede contener trazas de cacahuetes y otros frutos secos."],"conservation":" Conservar en lugar fresco y seco.","ean":"8410148503684"},{"full_name":"BORGES Natura cóctel de nueces y frutos rojos envase 120 g","name":"Natura cóctel de nueces y frutos rojos envase 120 g","brand":"BORGES ","img":"https://sgfm.elcorteingles.es/SGFM/dctm/MEDIA03/201612/12/00120977801347____1__600x600.jpg","price":"2,81 €","price_unit":"(23,42 € / Kilo)","categories":["Supermercado","Alimentación General","Aperitivos y frutos secos","Cocktails","BORGES Natura cóctel de nueces y frutos rojos envase 120 g"],"general_information":["Denominación del alimento: Mezcla de nueces y frutos rojos deshidratados.","País de origen: España","Nombre del operador: Borges Branded Foods, SLU.","Dirección del operador: C/Flix, 29 - 43205 Reus (Tarragona).","Cantidad Neta: 120 g"],"ingredients":[" Nuez en grano, mitades de arándanos rojos deshidratados (arándanos, azúcar y aceite refinado de girasol), nuez de macadamia y cerezas deshidratadas (cerezas, azúcar y aceite refinado de girasol). Puede contener trazas de cacahuetes y otros frutos secos de cáscara."],"conservation":" Conservar en lugar fresco y seco.","ean":"8410148505336"},{"full_name":"BORGES Natura cóctel variado de nueces envase 100 g","name":"Natura cóctel variado de nueces envase 100 g","brand":"BORGES ","img":"https://sgfm.elcorteingles.es/SGFM/dctm/MEDIA03/201612/12/00120977801354____1__600x600.jpg","price":"2,75 €","price_unit":"(27,50 € / Kilo)","categories":["Supermercado","Alimentación General","Aperitivos y frutos secos","Cocktails","BORGES Natura cóctel variado de nueces envase 100 g"],"general_information":["Denominación del alimento: Mezcla de nueces crudas.","País de origen: España","Nombre del operador: Borges Branded Foods, SLU.","Dirección del operador: C/Flix, 29 - 43205 Reus (Tarragona).","Cantidad Neta: 100 g"],"ingredients":[" Nuez en grano, nuez pecana y nuez de macadamia. Puede contener trazas de cacahuetes y otros frutos secos de cáscara."],"conservation":" Conservar en lugar fresco y seco.","ean":"8410148505473"},{"full_name":"MATUTANO cóctel de frutos secos tostados al horno bolsa 143 g","name":"cóctel de frutos secos tostados al horno bolsa 143 g","brand":"MATUTANO ","img":"https://sgfm.elcorteingles.es/SGFM/00/47/1/0120977800471/0120977800471000g01011.jpg","price":"2,34 €","price_unit":"(16,36 € / Kilo)","categories":["Supermercado","Alimentación General","Aperitivos y frutos secos","Cocktails","MATUTANO cóctel de frutos secos tostados al horno bolsa 143 g"],"general_information":["Denominación del alimento: Surtido de cacahuetes. almendras y anacardos tostados sazonados","Nombre del operador: PepsiCo Foods. A.I.E.","Dirección del operador: Avenida de los Olmos, 2, 01013 - Vitoria, España","Cantidad Neta: 143 g","Otras menciones obligatorias en la etiqueta: Envasado en atmósfera protectora. Recuerde: los niños pequeños pueden atragantarse con los cacahuetes y los frutos secos."],"ingredients":[" Cacahuetes, almendras, anacardos, condimento preparado [estabilizante (sorbitol), almidón  de patata modificado, harina de arroz, extracto de levadura, levadura en polvo, azúcar caramelizado, dextrosa, preparaciones aromatizantes, especias, cebolla en polvo, sal], estabilizante (goma arábiga). Puede contener trigo y otros frutos secos."],"conservation":" Conservar en lugar fresco y seco","ean":"8410199012975"},{"full_name":"FRIT RAVICH cóctel de frutos secos sin cascara bolsa 180 g","name":"cóctel de frutos secos sin cascara bolsa 180 g","brand":"FRIT RAVICH ","img":"https://sgfm.elcorteingles.es/SGFM/dctm/MEDIA03/201706/30/00120977800604____1__600x600.jpg","price":"1,28 €","price_unit":"(7,11 € / Kilo)","categories":["Supermercado","Alimentación General","Aperitivos y frutos secos","Cocktails","FRIT RAVICH cóctel de frutos secos sin cascara bolsa 180 g"],"general_information":["Denominación del alimento: Cóctel de cacahuetes y habas fritos y salados, maíz y productos de aperitivo fritos con sabor a barbacoa y garbanzos tostados y salados.","Nombre del operador: Frit Ravich, SL","Dirección del operador: Polígono Industrial Massanet s/n. 17412 Massanet de la Selva (Girona)","Cantidad Neta: 225 g"],"ingredients":[" Cacahuetes, maíz y productos de aperitivo fritos con sabor a barbacoa [maíz, grasa vegetal de palma, sal, aroma (contiene leche), maltodextrina de maíz, potenciadores del sabor (E-621, E-627, E-631, E-635), aroma de humo, acidulante (E-330), colorantes (E-160c, E-160b)], habas, grasa vegetal de palma, garbanzos, maíz gigante, sal y aceite de girasol. Puede contener frutos de cáscara."],"conservation":" Conservar en lugar fresco, seco y protegido de la luz. Una vez abierto, mantener el envase cerrado en condiciones frescas y secas.","ean":"8410564011343"},{"full_name":"FACUNDO cóctel de frutos secos bolsa 170 g","name":"cóctel de frutos secos bolsa 170 g","brand":"FACUNDO ","img":"https://sgfm.elcorteingles.es/SGFM/00/46/3/0120977800463/0120977800463000g01011.jpg","price":"1,90 €","price_unit":"(11,18 € / Kilo)","categories":["Supermercado","Alimentación General","Aperitivos y frutos secos","Cocktails","FACUNDO cóctel de frutos secos bolsa 170 g"],"general_information":["Denominación del alimento: Mezcla de frutos secos fritos y maiz frito","Nombre del operador: FACUNDO BLANCO, S. L","Dirección del operador: Carretera Vecilla, S/N","Cantidad Neta: 170 g"],"ingredients":[" Cacahuete piel, Cacahuete repelado, Semilla de girasol pelada, Maíz frito, Aceite de girasol, Sal."],"conservation":" Conservar en lugar fresco y seco.","ean":"8413671026224"},{"full_name":"FACUNDO cóctel de frutos secos sin sal bolsa 150 g","name":"cóctel de frutos secos sin sal bolsa 150 g","brand":"FACUNDO ","img":"https://sgfm.elcorteingles.es/SGFM/dctm/MEDIA03/201703/24/00120977801313____1__600x600.jpg","price":"1,41 €","price_unit":"(9,40 € / Kilo)","categories":["Supermercado","Alimentación General","Aperitivos y frutos secos","Cocktails","FACUNDO cóctel de frutos secos sin sal bolsa 150 g"],"general_information":[],"ingredients":[],"ean":"8413671026552"},{"full_name":"MR.B Yankee cóctel de frutos secos bolsa 110 g","name":"Yankee cóctel de frutos secos bolsa 110 g","brand":"MR.B ","img":"https://sgfm.elcorteingles.es/SGFM/dctm/MEDIA03/201709/25/00200477801286____1__600x600.jpg","price":"0,99 €","price_unit":"(9 € / Kilo)","categories":["Supermercado","Alimentación General","Aperitivos y frutos secos","Cocktails","MR.B Yankee cóctel de frutos secos bolsa 110 g"],"general_information":[],"ingredients":[],"ean":"8410148506630"},{"full_name":"APERITIVOS FLAPER cocktail de frutos secos selectos envase 225 g","name":"cocktail de frutos secos selectos envase 225 g","brand":"APERITIVOS FLAPER ","img":"https://sgfm.elcorteingles.es/SGFM//01/09/9/0120971601099/0120971601099000g01011.jpg","price":"1,00 €","price_unit":"(4,44 € / Kilo)","categories":["Supermercado","Alimentación General","Aperitivos y frutos secos","Cocktails","APERITIVOS FLAPER cocktail de frutos secos selectos envase 225 g"],"general_information":[],"ingredients":[],"ean":"8422915131365"},{"full_name":"PAÑO NATURAE mix de frutos secos ecológicos envase 90 g","name":"mix de frutos secos ecológicos envase 90 g","brand":"PAÑO NATURAE ","img":"https://sgfm.elcorteingles.es/SGFM/dctm/MEDIA03/201702/16/00120978000014____1__600x600.jpg","price":"3,25 €","price_unit":"(36,11 € / Kilo)","categories":["Supermercado","Alimentación General","Aperitivos y frutos secos","Cocktails","PAÑO NATURAE mix de frutos secos ecológicos envase 90 g"],"general_information":["Denominación del alimento: Mix frutos secos","Nombre del operador: Paño Fruits S.L.","Dirección del operador: Av. Montblanc 28, 43460 Alcover (Tarragona)","Cantidad Neta: 90 g"],"ingredients":[" Avellana cruda, pasas de corinto, nueces en grano, almendra cruda repelada y almendra cruda piel. Puede contener cacahuete y otros frutos de cáscara. No contiene GMO."],"conservation":" Mantener en lugar seco, fresco y protegido de la luz.","ean":"8430175886901"},{"full_name":"EMICELA coctel frutos secos naturales bolsa 150 g","name":"coctel frutos secos naturales bolsa 150 g","brand":"EMICELA ","img":"https://sgfm.elcorteingles.es/SGFM/00/88/5/0120977800885/0120977800885000g01011.jpg","price":"1,59 €","price_unit":"(10,60 € / Kilo)","categories":["Supermercado","Alimentación General","Aperitivos y frutos secos","Cocktails","EMICELA coctel frutos secos naturales bolsa 150 g"],"general_information":["Denominación del alimento: Cóctel de frutos secos natural","País de origen: España","Nombre del operador: Emicela, S.A.","Dirección del operador: C/ Canal Izquierdo (subida), 5 - Zona Industrial de Arinaga 35118 AGÜIMES (Islas Canarias)Las Palmas  España","Cantidad Neta: 150 g"],"ingredients":[" Avellanas, pasas, nueces y almendras. Conservante: E-220. Contiene sulfitos. Puede contener trazas de gluten, cacahuetes y otros frutos de cáscara."],"conservation":" Conservar en lugar fresco y seco. Para conservar mejor los frutos secos crudos y fruta desecada recomendamos guardar refrigerados.","ean":"8411303300230"},{"full_name":"EMICELA coctel frutos secos salados bolsa 150 g","name":"coctel frutos secos salados bolsa 150 g","brand":"EMICELA ","img":"https://sgfm.elcorteingles.es/SGFM/00/87/7/0120977800877/0120977800877000g01011.jpg","price":"1,49 €","price_unit":"(9,93 € / Kilo)","categories":["Supermercado","Alimentación General","Aperitivos y frutos secos","Cocktails","EMICELA coctel frutos secos salados bolsa 150 g"],"general_information":["Denominación del alimento: Cóctel de frutos secos salados","País de origen: Estados Unidos","Nombre del operador: Emicela, S.A.","Dirección del operador: C/ Canal Izquierdo (subida), 5 - Zona Industrial de Arinaga 35118 AGÜIMES (Islas Canarias)Las Palmas  España","Cantidad Neta: 150 g"],"ingredients":[" cacahuetes y almendras fritas, avellanas y maíz tostados, aceite de girasol, sal y especias. Puede contener trazas de gluten, sulfitos y otros frutos de cáscara"],"conservation":" Conservar en lugar fresco y seco","ean":"8411303024037"},{"full_name":"PRUNITA cocktail tropical bolsa 200 g","name":"cocktail tropical bolsa 200 g","brand":"PRUNITA ","img":"https://sgfm.elcorteingles.es/SGFM/01/29/7/0120980101297/0120980101297000g01011.jpg","price":"2,00 €","price_unit":"(10 € / Kilo)","categories":["Supermercado","Alimentación General","Aperitivos y frutos secos","Cocktails","PRUNITA cocktail tropical bolsa 200 g"],"general_information":["Denominación del alimento: COCKTAIL TROPICAL","Nombre del operador: AGROSERC S.A","Dirección del operador: POLIGONO INDUSTRIAL NAVE 6   03460 BENEJAMA (ALICANTE)","Cantidad Neta: 250 g"],"ingredients":[" PIÑA, PAPAYA, BANANA CHIPS, COCO, DIOXIDO DE AZUFRE (E-220), ACIDO CITRICO (E-330), E102, E-110, E-124"],"ean":"8412054681319"},{"full_name":"INDEAL cocktail frito Royale frasco 120 g","name":"cocktail frito Royale frasco 120 g","brand":"INDEAL ","img":"https://sgfm.elcorteingles.es/SGFM/dctm/MEDIA02/CONTENIDOS/201507/09/00120977801206____1__600x600.jpg","price":"2,42 €","price_unit":"(20,17 € / Kilo)","categories":["Supermercado","Alimentación General","Aperitivos y frutos secos","Cocktails","INDEAL cocktail frito Royale frasco 120 g"],"general_information":[],"ingredients":[],"ean":"8414606648672"},{"full_name":"SANTO REINO cóctel de frutos secos y snacks diversos bolsa 180 g","name":"cóctel de frutos secos y snacks diversos bolsa 180 g","brand":"SANTO REINO ","img":"https://sgfm.elcorteingles.es/SGFM/00/38/0/0120977800380/0120977800380000g01011.jpg","price":"1,35 €","price_unit":"(7,50 € / Kilo)","categories":["Supermercado","Alimentación General","Aperitivos y frutos secos","Cocktails","SANTO REINO cóctel de frutos secos y snacks diversos bolsa 180 g"],"general_information":["Denominación del alimento: Cóctel Clásico","Nombre del operador: Patatas Fritas Santo Reino, S.L.","Dirección del operador: Calle Beatriz Nuñez 41, Jaén - 23009","Cantidad Neta: 180 g","Número de raciones por envase: 6","Otras menciones obligatorias en la etiqueta: Envasado en atmósfera protectora."],"ingredients":[" Cacahuete, maíz frito, garbanzos tostados, habas fritas, almendras tostadas, pasas, anacardos, aceite de girasol, almidón y sémola de maíz, harina de trigo, harina de arroz, aroma de beicon y barbacoa, azúcar y extracto de pimentón."],"conservation":" Conservese en lugar fresco y seco.","ean":"8425469100085"},{"full_name":"SANTO REINO cóctel energía bolsa 180 g","name":"cóctel energía bolsa 180 g","brand":"SANTO REINO ","img":"https://sgfm.elcorteingles.es/SGFM/dctm/MEDIA02/CONTENIDOS/201410/02/00120977801081____1__600x600.jpg","price":"2,60 €","price_unit":"(14,44 € / Kilo)","categories":["Supermercado","Alimentación General","Aperitivos y frutos secos","Cocktails","SANTO REINO cóctel energía bolsa 180 g"],"general_information":["Denominación del alimento: Cóctel Aperitivos","Nombre del operador: Patatas Fritas Santo Reino, S.L.","Dirección del operador: Calle Beatriz Nuñez 41, Jaén - 23009","Cantidad Neta: 180 g","Número de raciones por envase: 6","Otras menciones obligatorias en la etiqueta: Envasado en atmósfera protectora."],"ingredients":[" Avellanas, almendras, nueces peladas, pasas sultanas, pipas de girasol peladas, pipas de calabaza, orejones de albaricoque, arándanos, pistachos repelados y conservador (dióxido de azufre)."],"conservation":" Conservese en lugar fresco y seco.","ean":"8425469100450"},{"full_name":"SANTO REINO cóctel joven bolsa 180 g","name":"cóctel joven bolsa 180 g","brand":"SANTO REINO ","img":"https://sgfm.elcorteingles.es/SGFM/00/41/4/0120977800414/0120977800414000g01011.jpg","price":"1,54 €","price_unit":"(8,56 € / Kilo)","categories":["Supermercado","Alimentación General","Aperitivos y frutos secos","Cocktails","SANTO REINO cóctel joven bolsa 180 g"],"general_information":["Denominación del alimento: Cóctel Joven","Nombre del operador: Patatas Fritas Santo Reino, S.L.","Dirección del operador: Calle Beatriz Nuñez 41, Jaén - 23009","Cantidad Neta: 180 g","Número de raciones por envase: 6","Otras menciones obligatorias en la etiqueta: Envasado en atmósfera protectora."],"ingredients":[" Cacahuete, garbanzos, pasas sultanas, almendras, pistachos, harina de trigo, harina de arroz, almidón de maíz, azúcar, aceite de palma, aromas, aroma de humo, maltodextrina, sal, gelatina, potenciadores del sabor (E-621 y E-631), emulgentes (E-331 y E-333), colorantes (E-100, E-102, E-110 y extracto de pimentón)."],"conservation":" Conservese en lugar fresco y seco.","ean":"8425469100283"},{"full_name":"SANTO REINO cóctel ensaladas bolsa 180 g","name":"cóctel ensaladas bolsa 180 g","brand":"SANTO REINO ","img":"https://sgfm.elcorteingles.es/SGFM/dctm/MEDIA02/CONTENIDOS/201410/02/00120977801073____1__600x600.jpg","price":"2,69 €","price_unit":"(14,94 € / Kilo)","categories":["Supermercado","Alimentación General","Aperitivos y frutos secos","Cocktails","SANTO REINO cóctel ensaladas bolsa 180 g"],"general_information":["Denominación del alimento: Cóctel Ensalada","Nombre del operador: Patatas Fritas Santo Reino, S.L.","Dirección del operador: Calle Beatriz Nuñez 41, Jaén - 23009","Cantidad Neta: 180 g","Número de raciones por envase: 6","Otras menciones obligatorias en la etiqueta: Envasado en atmósfera protectora."],"ingredients":[" Nueces peladas, pasas sultanas, arándanos, láminas de almendra, pipas de girasol peladas, pistachos repelados, pipas de calabaza peladas y piñones."],"conservation":" Conservese en lugar fresco y seco.","ean":"8425469100399"},{"full_name":"ESPADA El Aperitivo cóctel de frutos secos bolsa 100 g","name":"El Aperitivo cóctel de frutos secos bolsa 100 g","brand":"ESPADA ","img":"https://sgfm.elcorteingles.es/SGFM/dctm/MEDIA02/CONTENIDOS/201409/04/00120977801065____1__600x600.jpg","price":"0,85 €","price_unit":"(8,50 € / Kilo)","categories":["Supermercado","Alimentación General","Aperitivos y frutos secos","Cocktails","ESPADA El Aperitivo cóctel de frutos secos bolsa 100 g"],"general_information":["Denominación del alimento: Cocktail de frutos secos","Nombre del operador: Espafrima S.L","Dirección del operador: C/ Fundidores, 45. Poligono Industrial Los Ángeles 28906 Getafe (Madrid) España","Cantidad Neta: 100,0 g"],"ingredients":[" Boliche multicereal [(Sémolas maíz y arroz), azúcar y sal), aceite de girasol y aroma barbacoa (sal, potenciadores del sabor E-621 y E-631)], mani virginia repelado, almendra comuna repelada, almendra comuna con piel, maíz, habas, habas, uvas pasas, garbanzo amarillo, especiaas naturales, aceite vegetal y sal. Puede contener trazas de soja, gluten, lactosa y frutos con cáscara."],"conservation":" Conservar en lugar fresco y seco.","ean":"8423856002059"},{"full_name":"MOYANO cóctel revuelto de frutos secos bolsa 250","name":"cóctel revuelto de frutos secos bolsa 250 ","brand":"MOYANO ","img":"https://sgfm.elcorteingles.es/SGFM/00/35/6/0120977800356/0120977800356000g01011.jpg","price":"2,00 €","price_unit":"(8 € / Kilo)","categories":["Supermercado","Alimentación General","Aperitivos y frutos secos","Cocktails","MOYANO cóctel revuelto de frutos secos bolsa 250"],"general_information":["Denominación del alimento: Revuelto de furtos secos","Nombre del operador: Productos Juan Moyano, S.L.","Dirección del operador: Pol. Ind. Las Quemadas. C/imprenta Alborada, 122 14014 Córdoba","Cantidad Neta: 250 g"],"ingredients":[" Almendra con cáscara: Producto natural con cáscara, harina de arroz, sal marina y agua. Pistacho tostado: Producto natural, sal marina, harina de arroz y agua. Cacahuete frito repelado: Producto natural, aceite de girasol y sal marina. Maíz frito pequeño: Producto natural, aceite de girasol y sal marina. Uva pasa sultana: Uvas pasa con pepita y aceite de girasol. Garbanzo tostado: Garbanzo natural, harina de trigo y sal marina. Cacahuete garrapiñado: Producto natural y azúcar. Boliche barbacoa: Sémola de maíz, sémola de arroz, azúcar, aceite de girasol, aroma barbacoa (preparaciones y sustancias aromatizantes, aroma de humo, maltodextrina, sal y potenciadores del sabor E-621 y E-631) y sal. Puede contener trazas de lácteos/derivados. Minimix de trigo barbacoa: Harina de trigo (65%), aceite de girsaol, fécula de patata, aroma con sabor a barbacoa (aroma de humo, sal, potenciadores del sabor (E-621, E-635), dextrosa, almidón de maíz, hidrolizado, sustancias aromatizantes (trigo, soja), colorante (E-160c), antioxidante (E-306)), gasificante (E-500ii). Contiene gluten, cacahuetes, soja, leche y frutos de cáscara."],"conservation":" Conservar en lugar fresco, seco y protegido de la luz y en su envase original. Una vez abierto, el producto se vuelve más perecedero y puede perder sus propiedades y sabor.","ean":"8437000709237"},{"full_name":"DARAMA mix frutos secos ecológicos bolsa 200 g","name":"mix frutos secos ecológicos bolsa 200 g","brand":"DARAMA ","img":"https://sgfm.elcorteingles.es/SGFM/00/04/0/0118145000040/0118145000040000g01011.jpg","price":"5,90 €","price_unit":"(29,50 € / Kilo)","categories":["Supermercado","Alimentación General","Aperitivos y frutos secos","Cocktails","DARAMA mix frutos secos ecológicos bolsa 200 g"],"general_information":["Denominación del alimento: MIX DE FRUTOS SECOS CRUDOS","Nombre del operador: APERITIVOS MEDINA-3, S.L.","Dirección del operador: C/ Puerto Linera nº 1, 28935 Móstoles (Madrid), España","Cantidad Neta: 200 g"],"ingredients":[" Almendra repelada, Almendra piel, Nuez, Anacardo"],"ean":"8412139007607"},{"full_name":"DARAMA cóctel frutos secos crudos y arándanos ecológicos bolsa 200 g","name":"cóctel frutos secos crudos y arándanos ecológicos bolsa 200 g","brand":"DARAMA ","img":"https://sgfm.elcorteingles.es/SGFM/00/05/7/0118145000057/0118145000057000g01011.jpg","price":"6,50 €","price_unit":"(32,50 € / Kilo)","categories":["Supermercado","Alimentación General","Aperitivos y frutos secos","Cocktails","DARAMA cóctel frutos secos crudos y arándanos ecológicos bolsa 200 g"],"general_information":["Denominación del alimento: MIX DE FRUTOS SECOS y ARÁNDANOS","Nombre del operador: APERITIVOS MEDINA-3, S.L.","Dirección del operador: C/ Puerto Linera nº 1, 28935 Móstoles (Madrid), España","Cantidad Neta: 200 g"],"ingredients":[" Anacardo, Nuez de macadamia, Nuez pecana, Pistacho, Arándano"],"ean":"8412139007645"},{"full_name":"MEDITERRANEA cóctel de frutos secos elaborado con agua de mar tarrina 200 g","name":"cóctel de frutos secos elaborado con agua de mar tarrina 200 g","brand":"MEDITERRANEA ","img":"https://sgfm.elcorteingles.es/SGFM/dctm/MEDIA03/201712/19/00118142400599____1__600x600.jpg","price":"3,95 €","price_unit":"(19,75 € / Kilo)","categories":["Supermercado","Alimentación General","Aperitivos y frutos secos","Cocktails","MEDITERRANEA cóctel de frutos secos elaborado con agua de mar tarrina 200 g"],"general_information":[],"ingredients":[],"ean":"8413111011414"},{"full_name":"BARBERA cóctel estudiante tarrina 200 g","name":"cóctel estudiante tarrina 200 g","brand":"BARBERA ","img":"https://sgfm.elcorteingles.es/SGFM/dctm/MEDIA03/201712/19/00118142400615____1__600x600.jpg","price":"2,95 €","price_unit":"(14,75 € / Kilo)","categories":["Supermercado","Alimentación General","Aperitivos y frutos secos","Cocktails","BARBERA cóctel estudiante tarrina 200 g"],"general_information":[],"ingredients":[],"ean":"8413111011346"},{"full_name":"EL CORTE INGLES anacardos fritos tarrina 250 g","name":"anacardos fritos tarrina 250 g","brand":"EL CORTE INGLES ","img":"https://sgfm.elcorteingles.es/SGFM/dctm/MEDIA03/201606/13/00118140600430____2__600x600.jpg","price":"6,85 €","price_unit":"(27,40 € / Kilo)","categories":["Supermercado","Alimentación General","Aperitivos y frutos secos","Frutos secos diversos","EL CORTE INGLES anacardos fritos tarrina 250 g"],"general_information":["Denominación del alimento: ANACARDOS FRITOS","País de origen: India","Nombre del operador: Elaborado para El Corte Inglés por\nInterbari, S.L. - C/ Moncayo, 2\nPol. Ind. Los Vientos \n46119 Náquera - (Valencia) España","Lugar de procedencia del alimento: Origen del fruto: India","Cantidad Neta: 250 g","Número de raciones por envase: 12"],"ingredients":[" Ingredientes: anacardos, aceite de girasol y sal Puede contener trazas de cacahuetes y otros frutos de cáscara."],"conservation":" Envasado en atmósfera protectora.  Conservar en lugar fresco y seco. Evitar la luz directa y fuentes de calor. Una vez abierto consumir en 5 días.","ean":"8433329023306"},{"full_name":"EL CORTE INGLES anacardo frito con miel tarrina 200 g","name":"anacardo frito con miel tarrina 200 g","brand":"EL CORTE INGLES ","img":"https://sgfm.elcorteingles.es/SGFM/dctm/MEDIA03/201606/13/00118140600471____2__600x600.jpg","price":"5,95 €","price_unit":"(29,75 € / Kilo)","categories":["Supermercado","Alimentación General","Aperitivos y frutos secos","Frutos secos diversos","EL CORTE INGLES anacardo frito con miel tarrina 200 g"],"general_information":["Denominación del alimento: Anacardo frito con miel","Nombre del operador: Envasado para El Corte Inglés por\nAperitivos Medina 3, S.L. - Puerto Linera, 1 \nPol. Ind. Nº 6 Expansión - Móstoles (Madrid) España","Lugar de procedencia del alimento: Origen del fruto:  SUDÁFRICA\nBRASIL\nINDIA\nVIETNAM","Cantidad Neta: 200 g","Número de raciones por envase: 8"],"ingredients":[" Ingredientes: Anacardo, azúcar, jarabe de azúcar, miel deshidratada (8%), jarabe de glucosa, aceite de girasol refinado y sal. Puede contener cacahuetes y otros frutos de cáscara."],"conservation":" Envasado en atmósfera protectora. Conservar en lugar fresco y seco.","ean":"8433329065443"},{"full_name":"EL CORTE INGLES anacardos crudos tarrina 250 g","name":"anacardos crudos tarrina 250 g","brand":"EL CORTE INGLES ","img":"https://sgfm.elcorteingles.es/SGFM/dctm/MEDIA03/201606/13/00118140600422____1__600x600.jpg","price":"6,75 €","price_unit":"(27 € / Kilo)","categories":["Supermercado","Alimentación General","Aperitivos y frutos secos","Frutos secos diversos","EL CORTE INGLES anacardos crudos tarrina 250 g"],"general_information":["Denominación del alimento: ANACARDOS CRUDOS","Nombre del operador: Elaborado para El Corte Inglés por\nInterbari, S.L. - C/ Moncayo, 2\nPol. Ind. Los Vientos \n46119 Náquera - (Valencia) España","Lugar de procedencia del alimento: Origen del fruto: India","Cantidad Neta: 250 g","Número de raciones por envase: 12,5"],"ingredients":[" Ingredientes: Anacardos Puede contener trazas de cacahuetes y otros frutos de cáscara."],"conservation":" Envasado en atmósfera protectora.  Conservar en lugar fresco y seco. Evitar la luz directa y fuentes de calor. Una vez abierto consumir en 5 días.","ean":"8433329023290"},{"full_name":"EL CORTE INGLES garbanzos tostados tarrina 200 g","name":"garbanzos tostados tarrina 200 g","brand":"EL CORTE INGLES ","img":"https://sgfm.elcorteingles.es/SGFM/dctm/MEDIA03/201606/20/00118141100141____1__600x600.jpg","price":"2,45 €","price_unit":"(12,25 € / Kilo)","categories":["Supermercado","Alimentación General","Aperitivos y frutos secos","Frutos secos diversos","EL CORTE INGLES garbanzos tostados tarrina 200 g"],"general_information":["Denominación del alimento: GARBANZOS TOSTADOS","Nombre del operador: Elaborado para El Corte Inglés por\nAperitivos Medina 3, S.L. - Puerto Linera, 1 \nPol. Ind. Nº 6 Expansión - Móstoles (Madrid) España","Lugar de procedencia del alimento: Origen del fruto: Turquía","Cantidad Neta: 200 g","Número de raciones por envase: 8"],"ingredients":[" Ingredientes: garbanzos y sal Puede contener trazas de cacahuetes y frutos de cáscara."],"conservation":" Envasado en atmósfera protectora. Conservar en lugar fresco y seco.","ean":"8433329020732"},{"full_name":"EL CORTE INGLES habas fritas tarrina 150 g","name":"habas fritas tarrina 150 g","brand":"EL CORTE INGLES ","img":"https://sgfm.elcorteingles.es/SGFM/dctm/MEDIA03/201606/20/00118141100133____1__600x600.jpg","price":"1,65 €","price_unit":"(11 € / Kilo)","categories":["Supermercado","Alimentación General","Aperitivos y frutos secos","Frutos secos diversos","EL CORTE INGLES habas fritas tarrina 150 g"],"general_information":["Denominación del alimento: HABAS FRITAS","Nombre del operador: Envasado para El Corte Inglés por\nAperitivos Medina 3, S.L. - Puerto Linera, 1 \nPol. Ind. Nº 6 Expansión - Móstoles (Madrid) España","Lugar de procedencia del alimento: Origen del fruto: España, Egipto","Cantidad Neta: 150 g","Número de raciones por envase: 6"],"ingredients":[" Ingredientes: Habas troceadas, aceite de girasol y sal. Puede contener trazas de cacahuetes y frutos de cáscara."],"conservation":" Envasado en atmósfera protectora. Conservar en lugar fresco y seco.","ean":"8433329020725"},{"full_name":"EL CORTE INGLES anacardo crudo ecológico bolsa 200 g","name":"anacardo crudo ecológico bolsa 200 g","brand":"EL CORTE INGLES ","img":"https://sgfm.elcorteingles.es/SGFM/dctm/MEDIA03/201708/04/00118144700103____1__600x600.jpg","price":"5,95 €","price_unit":"(29,75 € / Kilo)","categories":["Supermercado","Alimentación General","Aperitivos y frutos secos","Frutos secos diversos","EL CORTE INGLES anacardo crudo ecológico bolsa 200 g"],"general_information":["Denominación del alimento: ANACARDO CRUDO ECOLÓGICO","Nombre del operador: Envasado para El Corte Inglés por\nAperitivos Medina 3, S.L. \nC/ Puerto Linera, 1 \n 28935 (Móstoles) Madrid\n España","Lugar de procedencia del alimento: Origen: INDIA / VIETNAM / BRASIL / Costa de Marfil /\nSUDÁFRICA","Cantidad Neta: 200 g"],"ingredients":[" Ingredientes: Anacardo crudo ecológico Puede contener trazas de otros frutos de cáscara."],"conservation":" Conservar en lugar fresco y seco. Evitar la luz directa y fuentes de calor. Una vez abierto consumir antes de 30 días.","ean":"8433329082112"},{"full_name":"ALIADA anacardos fritos con miel bolsa 125 g","name":"anacardos fritos con miel bolsa 125 g","brand":"ALIADA ","img":"https://sgfm.elcorteingles.es/SGFM/00/63/8/0120971600638/0120971600638000g01011.jpg","price":"1,62 €","price_unit":"(12,96 € / Kilo)","categories":["Supermercado","Alimentación General","Aperitivos y frutos secos","Frutos secos diversos","ALIADA anacardos fritos con miel bolsa 125 g"],"general_information":["Denominación del alimento: Anacardos fritos con miel","Nombre del operador: Elaborado para el\n Grupo El Corte Inglés \nHermosilla, 112 ? 28009 Madrid ? España \npor N.I.F.:  A-25008202","Cantidad Neta: 125 g"],"ingredients":[" Ingredientes: Anacardos, azúcar, aceite vegetal de cacahuete, miel (1,7%), sal y almidón modificado de patata. Puede contener trazas de otros frutos de cáscara."],"conservation":" Conservar en lugar fresco y seco.","ean":"8433329032124"},{"full_name":"JOSEMA altramuces Gran Selección tarrina 470 g neto escurrido","name":"altramuces Gran Selección tarrina 470 g neto escurrido","brand":"JOSEMA ","img":"https://sgfm.elcorteingles.es/SGFM/dctm/MEDIA02/CONTENIDOS/201511/10/00118141100117____1__600x600.jpg","price":"2,40 €","price_unit":"(5,11 € / Kilo)","categories":["Supermercado","Alimentación General","Aperitivos y frutos secos","Frutos secos diversos","JOSEMA altramuces Gran Selección tarrina 470 g neto escurrido"],"general_information":[],"ingredients":[],"ean":"8411759719853"},{"full_name":"EAGLE anacardos de la India bolsa 75 g","name":"anacardos de la India bolsa 75 g","brand":"EAGLE ","img":"https://sgfm.elcorteingles.es/SGFM//00/21/6/0120971600216/0120971600216000g01011.jpg","price":"1,69 €","price_unit":"(22,53 € / Kilo)","categories":["Supermercado","Alimentación General","Aperitivos y frutos secos","Frutos secos diversos","EAGLE anacardos de la India bolsa 75 g"],"general_information":["Denominación del alimento: FRUTO SECO: ANACARDO","Nombre del operador: Bimbo, S.A.U.","Dirección del operador: Avda Prat de la Riba s/n 08401 Granollers (Barcelona)","Cantidad Neta: 75 g","Otras menciones obligatorias en la etiqueta: Envasado en atmósfera protectora."],"ingredients":[" Anacardos, aceite vegetal (girasol), sal. Puede contener trazas de cacahuetes y/u otros frutos de cáscara."],"conservation":" Mantener en lugar fresco y seco.","ean":"8412600800621"},{"full_name":"PAÑO NATURAE anacardos ecológicos envase 90 g","name":"anacardos ecológicos envase 90 g","brand":"PAÑO NATURAE ","img":"https://sgfm.elcorteingles.es/SGFM/dctm/MEDIA03/201702/16/00120971800022____1__600x600.jpg","price":"2,36 €","price_unit":"(26,22 € / Kilo)","categories":["Supermercado","Alimentación General","Aperitivos y frutos secos","Frutos secos diversos","PAÑO NATURAE anacardos ecológicos envase 90 g"],"general_information":["Denominación del alimento: Anacardos","Nombre del operador: Paño Fruits S.L.","Dirección del operador: Av. Montblanc 28, 43460 Alcover (Tarragona)","Cantidad Neta: 90 g"],"ingredients":[" 100% Anarcardos ecológicos. Puede contener cacahuete y otros frutos de cáscara."],"conservation":" Mantener en lugar seco, fresco y protegido de la luz.","ean":"8430175886307"},{"full_name":"ESPADA El Aperitivo anacardos bolsa 120 g","name":"El Aperitivo anacardos bolsa 120 g","brand":"ESPADA ","img":"https://sgfm.elcorteingles.es/SGFM/dctm/MEDIA02/CONTENIDOS/201409/04/00120971601123____1__600x600.jpg","price":"3,20 €","price_unit":"(26,67 € / Kilo)","categories":["Supermercado","Alimentación General","Aperitivos y frutos secos","Frutos secos diversos","ESPADA El Aperitivo anacardos bolsa 120 g"],"general_information":["Denominación del alimento: Anacardo frito","Nombre del operador: Espafrima S.L","Dirección del operador: C/ Fundidores, 45. Poligono Industrial Los Ángeles 28906 Getafe (Madrid) España","Cantidad Neta: 120,0 g"],"ingredients":[" Anacardo repelado frito, aceite de girasol y sal. Puede contener trazas de cacahuete, otros frutos  con cáscara, gluten, soja y lactosa."],"conservation":" Conservar en lugar fresco y seco.","ean":"8423856002035"},{"full_name":"MACIA BATLE tomates secos en aceite frasco 243 g","name":"tomates secos en aceite frasco 243 g","brand":"MACIA BATLE ","img":"https://sgfm.elcorteingles.es/SGFM/dctm/MEDIA02/CONTENIDOS/201410/03/00120980100570____1__600x600.jpg","price":"7,69 €","price_unit":"(31,65 € / Kilo)","categories":["Supermercado","Alimentación General","Aperitivos y frutos secos","Frutos secos diversos","MACIA BATLE tomates secos en aceite frasco 243 g"],"general_information":[],"ingredients":[],"ean":"8414680000083"},{"full_name":"FLORETTE frutos secos especial ensaladas bolsa 70 g","name":"frutos secos especial ensaladas bolsa 70 g","brand":"FLORETTE ","img":"https://sgfm.elcorteingles.es/SGFM/dctm/MEDIA02/CONTENIDOS/201408/22/00118170601191____1__600x600.jpg","price":"1,50 €","price_unit":"(0,02 € / Unidad)","categories":["Supermercado","Frescos","Frutas y verduras","Verduras y hortalizas preparadas","Ensaladas preparadas","FLORETTE frutos secos especial ensaladas bolsa 70 g"],"general_information":["Denominación del alimento: Mezcla de frutos secos y frutas desecadas","País de origen: España","Nombre del operador: Vega Mayor S.L.","Dirección del operador: P.I. El Olivo, C/2 nº 1, 31320 Milagro (Navarra)","Cantidad Neta: 70 g"],"ingredients":[" Orejón de albaricoque (20%) (albaricoque, conservador (sulfito ácido de sodio), harina de arroz, pipa de calabaza (20%), arándano deshidratado (20%) (arándano, azúcar y aceite vegetal de girasol), almendra (15%), pipa de girasol (15%), nuez (10%)Puede contener trazas de: gluten, cacahuetes, leche y sésamo."],"conservation":" Mantener en lugar fresco y seco","ean":"8414516086007"},{"full_name":"SANTO REINO cóctel de frutos secos Selección bolsa 180 g","name":"cóctel de frutos secos Selección bolsa 180 g","brand":"SANTO REINO ","img":"https://sgfm.elcorteingles.es/SGFM/00/39/8/0120977800398/0120977800398000g01011.jpg","price":"2,69 €","price_unit":"(14,94 € / Kilo)","categories":["Supermercado","Alimentación General","Aperitivos y frutos secos","Frutos secos diversos","SANTO REINO cóctel de frutos secos Selección bolsa 180 g"],"general_information":["Denominación del alimento: Coctel frutos secos","Nombre del operador: Patatas Fritas Santo Reino, S.L.","Dirección del operador: Calle Beatriz Nuñez 41, Jaén - 23009","Cantidad Neta: 180 g","Número de raciones por envase: 6","Otras menciones obligatorias en la etiqueta: Envasado en atmósfera protectora."],"ingredients":[" Cacahuete, almendra, nuez de macadamia, anacardo, maíz gigante, nuez de macadamia garrapiñada (nuez de macadamia y azúcar), nuez, uvas pasas moscatel (pasas moscatel y aceite vegetal de maravilla), pistacho pelado, aceite de oliva, sal, harina de trigo, almidón de maíz y pimentón."],"conservation":" Conservese en lugar fresco y seco.","ean":"8425469100306"},{"full_name":"PRUNITA almendras con chocolate negro tarrina 250 g","name":"almendras con chocolate negro tarrina 250 g","brand":"PRUNITA ","img":"https://sgfm.elcorteingles.es/SGFM/dctm/MEDIA03/201611/14/00118150102905____7__600x600.jpg","price":"4,95 €","price_unit":"(19,80 € / Kilo)","categories":["Supermercado","Desayunos Dulces y pan","Navidad","Dulces de Navidad","Cestas de frutas y frutos secos","PRUNITA almendras con chocolate negro tarrina 250 g"],"general_information":[],"ingredients":[],"ean":"8412054000172"},{"full_name":"DARAMA anacardos crudos ecológicos bolsa 200 g","name":"anacardos crudos ecológicos bolsa 200 g","brand":"DARAMA ","img":"https://sgfm.elcorteingles.es/SGFM/00/05/3/0118144700053/0118144700053000g01011.jpg","price":"5,95 €","price_unit":"(29,75 € / Kilo)","categories":["Supermercado","Alimentación General","Aperitivos y frutos secos","Frutos secos diversos","DARAMA anacardos crudos ecológicos bolsa 200 g"],"general_information":["Denominación del alimento: ANACARDO CRUDO","Nombre del operador: APERITIVOS MEDINA-3, S.L.","Dirección del operador: C/ Puerto Linera nº 1, 28935 Móstoles (Madrid), España","Cantidad Neta: 200 g"],"ingredients":[" Anacardo crudo"],"ean":"8412139007522"},{"full_name":"BARBERA chufas tarrina 250 g","name":"chufas tarrina 250 g","brand":"BARBERA ","img":"https://sgfm.elcorteingles.es/SGFM/dctm/MEDIA03/201706/14/00118140500572____1__600x600.jpg","price":"1,75 €","price_unit":"(7 € / Kilo)","categories":["Supermercado","Alimentación General","Aperitivos y frutos secos","Frutos secos diversos","BARBERA chufas tarrina 250 g"],"general_information":[],"ingredients":[],"ean":"8413111010875"},{"full_name":"EL CORTE INGLES castañas pilongas tarrina 300","name":"castañas pilongas tarrina 300 ","brand":"EL CORTE INGLES ","img":"https://sgfm.elcorteingles.es/SGFM/dctm/MEDIA02/CONTENIDOS/201502/03/00118140600414____1__600x600.jpg","price":"5,95 €","price_unit":"(19,83 € / Kilo)","categories":["Supermercado","Alimentación General","Aperitivos y frutos secos","Frutos secos diversos","EL CORTE INGLES castañas pilongas tarrina 300"],"general_information":["Denominación del alimento: CASTAÑAS PILONGAS","Nombre del operador: Envasado para El Corte Inglés por\nAperitivos Medina 3, S.L. - Puerto Linera, 1 \nPol. Ind. Nº 6 Expansión - Móstoles (Madrid) España","Lugar de procedencia del alimento: Origen del fruto: España","Cantidad Neta: 300 g","Número de raciones por envase: 12"],"ingredients":[" Ingredientes:  Castañas Puede contener trazas de cacahuetes y otros frutos de cáscara."],"conservation":" Envasado en atmósfera protectora. Conservar en lugar fresco y seco.","ean":"8433329020718"},{"full_name":"EL CORTE INGLES ciruelas pasas con hueso tarrina 350 g","name":"ciruelas pasas con hueso tarrina 350 g","brand":"EL CORTE INGLES ","img":"https://sgfm.elcorteingles.es/SGFM/00/73/5/0118140700735/0118140700735000g01011.jpg","price":"3,25 €","price_unit":"(9,29 € / Kilo)","categories":["Supermercado","Alimentación General","Aperitivos y frutos secos","Ciruelas pasas","EL CORTE INGLES ciruelas pasas con hueso tarrina 350 g"],"general_information":["Denominación del alimento: CIRUELAS PASAS","Nombre del operador: Elaborado y envasado para El Corte Inglés por\nAgroserc, S.A. Polígono Industrial LA CASILLA - Nave 6\n03460 BENEJAMA (ALICANTE) España","Lugar de procedencia del alimento: Origen: California (EE.UU.)","Cantidad Neta: 350 g","Número de raciones por envase: 14"],"ingredients":[" Ingredientes: Ciruelas pasas, aceite vegetal de girasol, conservadores (E-200 y E-202) Puede contener trazas de sulfitos, leche, soja, cacahuetes y frutos de cáscara."],"conservation":" Conservar en lugar fresco y seco.","ean":"8433329015738"},{"full_name":"EL CORTE INGLES ciruelas pasas sin hueso tarrina 350 g","name":"ciruelas pasas sin hueso tarrina 350 g","brand":"EL CORTE INGLES ","img":"https://sgfm.elcorteingles.es/SGFM/dctm/MEDIA03/201711/27/00118140700743____1__600x600.jpg","price":"3,25 €","price_unit":"(9,29 € / Kilo)","categories":["Supermercado","Alimentación General","Aperitivos y frutos secos","Ciruelas pasas","EL CORTE INGLES ciruelas pasas sin hueso tarrina 350 g"],"general_information":["Denominación del alimento: CIRUELAS PASAS","Nombre del operador: Elaborado y envasado para El Corte Inglés por\nAgroserc, S.A. Polígono Industrial LA CASILLA - Nave 6\n03460 BENEJAMA (ALICANTE) España","Lugar de procedencia del alimento: Origen: California (EE.UU.)","Cantidad Neta: 350 g","Número de raciones por envase: 14"],"ingredients":[" Ingredientes: Ciruelas pasas, aceite vegetal de girasol, conservadores (E-200 y E-202) Puede contener huesos o trozos de hueso.\nPuede contener trazas de sulfitos, leche, soja, cacahuetes y frutos de cáscara."],"conservation":" Conservar en lugar fresco y seco.","ean":"8433329015745"},{"full_name":"ALIADA ciruelas sin hueso bolsa 250 g","name":"ciruelas sin hueso bolsa 250 g","brand":"ALIADA ","img":"https://sgfm.elcorteingles.es/SGFM/dctm/MEDIA02/CONTENIDOS/201411/19/00120980101024____1__600x600.jpg","price":"1,63 €","price_unit":"(6,52 € / Kilo)","categories":["Supermercado","Alimentación General","Aperitivos y frutos secos","Ciruelas pasas","ALIADA ciruelas sin hueso bolsa 250 g"],"general_information":["Denominación del alimento: Ciruelas sin hueso.","Nombre del operador: Elaborado para el\n Grupo El Corte Inglés \nHermosilla, 112 ? 28009 Madrid ? España \npor N.I.F.:  A-25008202","Cantidad Neta: 250 g"],"ingredients":[" Ingredientes: ciruelas sin hueso, aceite vegetal de girasol y conservador E-200. Puede contener trazas de frutos de cáscara  y de cacahuetes."],"conservation":" Conservar en lugar fresco y seco.","ean":"8433329000703"},{"full_name":"BORGES ciruelas sin hueso bolsa 250 g","name":"ciruelas sin hueso bolsa 250 g","brand":"BORGES ","img":"https://sgfm.elcorteingles.es/SGFM/dctm/MEDIA02/CONTENIDOS/201512/01/00120980101479____2__600x600.jpg","price":"2,55 €","price_unit":"(10,20 € / Kilo)","categories":["Supermercado","Alimentación General","Aperitivos y frutos secos","Ciruelas pasas","BORGES ciruelas sin hueso bolsa 250 g"],"general_information":["Denominación del alimento: Ciruelas sin hueso.","País de origen: España","Nombre del operador: Borges Branded Foods, SLU.","Dirección del operador: C/Flix, 29 - 43205 Reus (Tarragona).","Lugar de procedencia del alimento: Chile","Cantidad Neta: 250 g"],"ingredients":[" Ciruelas desecadas sin hueso, aceite vegetal de girasol y conservador: ácido sórbico. Puede contener hueso o fragmentos de hueso de ciruela, así como trazas de cacahuetes y frutos secos."],"conservation":" Conservar en lugar fresco y seco.","ean":"8410148502472"},{"full_name":"BORGES ciruelas de California sin hueso bolsa 150 g","name":"ciruelas de California sin hueso bolsa 150 g","brand":"BORGES ","img":"https://sgfm.elcorteingles.es/SGFM/01/07/3/0120980101073/0120980101073000g01011.jpg","price":"2,04 €","price_unit":"(13,60 € / Kilo)","categories":["Supermercado","Alimentación General","Aperitivos y frutos secos","Ciruelas pasas","BORGES ciruelas de California sin hueso bolsa 150 g"],"general_information":["Denominación del alimento: Ciruelas sin hueso de California.","País de origen: España","Nombre del operador: Borges Branded Foods, SLU.","Dirección del operador: C/Flix, 29 - 43205 Reus (Tarragona).","Lugar de procedencia del alimento: California","Cantidad Neta: 150 g"],"ingredients":[" Ciruelas sin hueso descadas, aceite vegetal de girasol  y conservador E-200.  Puede contener hueso o fragmentos de hueso de ciruela. Puede contener trazas de cacahuetes y frutos secos varios."],"conservation":" Conservar en lugar fresco y seco.","ean":"8410148500256"},{"full_name":"PRUNITA ciruelas pasas sin hueso bolsa 250 g","name":"ciruelas pasas sin hueso bolsa 250 g","brand":"PRUNITA ","img":"https://sgfm.elcorteingles.es/SGFM/dctm/MEDIA02/CONTENIDOS/201509/24/00120980101677____1__600x600.jpg","price":"2,15 €","price_unit":"(8,60 € / Kilo)","categories":["Supermercado","Alimentación General","Aperitivos y frutos secos","Ciruelas pasas","PRUNITA ciruelas pasas sin hueso bolsa 250 g"],"general_information":["Denominación del alimento: CIRUELA SIN HUESO","Nombre del operador: AGROSERC S.A","Dirección del operador: POLIGONO INDUSTRIAL NAVE 6   03460 BENEJAMA (ALICANTE)","Cantidad Neta: 250 g"],"ingredients":[" CIRUELA PASA DESHUESADA, ACEITE VEGETAL DE GIRASOL, ACIDO SÓRBICO (E-200), SORBATO POTÁSICO (E-202)"],"ean":"8412054160814"},{"full_name":"PRUNITA ciruelas pasas con hueso estuche 250 g","name":"ciruelas pasas con hueso estuche 250 g","brand":"PRUNITA ","img":"https://sgfm.elcorteingles.es/SGFM/01/26/3/0120980101263/0120980101263000g01011.jpg","price":"1,73 €","price_unit":"(6,92 € / Kilo)","categories":["Supermercado","Alimentación General","Aperitivos y frutos secos","Ciruelas pasas","PRUNITA ciruelas pasas con hueso estuche 250 g"],"general_information":["Denominación del alimento: CIRUELA CON HUESO","Nombre del operador: AGROSERC S.A","Dirección del operador: POLIGONO INDUSTRIAL NAVE 6   03460 BENEJAMA (ALICANTE)","Cantidad Neta: 250 g"],"ingredients":[" CIRUELA PASA CON HUESO, ACEITE VEGETAL DE GIRASOL, ACIDO SÓRBICO (E-200), SORBATO POTÁSICO (E-202)"],"ean":"8412054120818"},{"full_name":"PAÑO NATURAE ciruelas ecológicas bolsa 120 g","name":"ciruelas ecológicas bolsa 120 g","brand":"PAÑO NATURAE ","img":"https://sgfm.elcorteingles.es/SGFM//00/01/0/0120905100010/0120905100010000g01011.jpg","price":"3,24 €","price_unit":"(27 € / Kilo)","categories":["Supermercado","Alimentación General","Aperitivos y frutos secos","Ciruelas pasas","PAÑO NATURAE ciruelas ecológicas bolsa 120 g"],"general_information":["Denominación del alimento: Ciruelas pasas","Nombre del operador: Paño Fruits S.L.","Dirección del operador: Av. Montblanc 28, 43460 Alcover (Tarragona)","Cantidad Neta: 120 g"],"ingredients":[" Ciruelas pasas desecadas y pasteurizadas. Puede contener cacahuete y otros frutos de cáscara."],"conservation":" Conservar en lugar seco y fresco, lejos de productos químicos o fuertes olores.","ean":"8430175891011"},{"full_name":"EMICELA ciruelas sin hueso bolsa 200 g","name":"ciruelas sin hueso bolsa 200 g","brand":"EMICELA ","img":"https://sgfm.elcorteingles.es/SGFM/dctm/MEDIA02/CONTENIDOS/201510/26/00120980101602____1__600x600.jpg","price":"1,45 €","price_unit":"(7,25 € / Kilo)","categories":["Supermercado","Alimentación General","Aperitivos y frutos secos","Ciruelas pasas","EMICELA ciruelas sin hueso bolsa 200 g"],"general_information":["Denominación del alimento: Ciruelas desecadas sin hueso","País de origen: Chile","Nombre del operador: Emicela, S.A.","Dirección del operador: C/ Canal Izquierdo (subida), 5 - Zona Industrial de Arinaga 35118 AGÜIMES (Islas Canarias)Las Palmas  España","Cantidad Neta: 200 g"],"ingredients":[" Ciruelas secas, aceite girasol, conservante: E-202,"],"conservation":" Conservar en lugar fresco y seco. Para conservar mejor los frutos secos crudos y fruta desecada recomendamos guardar refrigerados.","ean":"8411303024853"},{"full_name":"RAJOPE ciruelas pasas claudias tarrina 350 g","name":"ciruelas pasas claudias tarrina 350 g","brand":"RAJOPE ","img":"https://sgfm.elcorteingles.es/SGFM/dctm/MEDIA02/CONTENIDOS/201408/25/00118140700834____1__600x600.jpg","price":"4,95 €","price_unit":"(14,14 € / Kilo)","categories":["Supermercado","Alimentación General","Aperitivos y frutos secos","Ciruelas pasas","RAJOPE ciruelas pasas claudias tarrina 350 g"],"general_information":["Denominación del alimento: Ciruelas","Nombre del operador: Rajope, S.L.","Dirección del operador: C/ Bagal, s/n -26570 Quel (La Rioja)","Cantidad Neta: 350,0 g"],"ingredients":[" Ciruela claudia pasa, conservador E202 y E220 anhídrido sulfurosos."],"conservation":" Conservar a temperatura ambiente en lugar fresco y seco. Una vez abierto, conservar en frigorífico y consumir antes de una semana.","ean":"8413296063505"},{"full_name":"BORGES fruta de Campaña (ciruelas pasas y orejones de albaricoque) lata 700 g","name":"fruta de Campaña (ciruelas pasas y orejones de albaricoque) lata 700 g","brand":"BORGES ","img":"https://sgfm.elcorteingles.es/SGFM/dctm/MEDIA03/201711/08/00120980101933____1__600x600.jpg","price":"5,99 €","price_unit":"(8,56 € / Kilo)","categories":["Supermercado","Desayunos Dulces y pan","Navidad","Dulces de Navidad","Cestas de frutas y frutos secos","BORGES fruta de Campaña (ciruelas pasas y orejones de albaricoque) lata 700 g"],"general_information":["Denominación del alimento: EXP Lata + Ciruela, Pasa y Orejones","País de origen: España","Nombre del operador: Borges Branded Foods, SLU.","Dirección del operador: C/Flix, 29 - 43205 Reus (Tarragona).","Cantidad Neta: 700 g"],"ingredients":[" Ciruelas desecadas sin hueso, aceite vegetal de girasol y conservador E-200. Puede contener hueso o fragmentos de hueso de ciruela. Puede contener trazas de cacahuetes y frutos secos"],"conservation":" Conservar en lugar fresco y seco.","ean":"8410148506869"},{"full_name":"EL CORTE INGLES uvas pasa moscatel tarrina 350 g","name":"uvas pasa moscatel tarrina 350 g","brand":"EL CORTE INGLES ","img":"https://sgfm.elcorteingles.es/SGFM/dctm/MEDIA03/201612/27/00118140701188____1__600x600.jpg","price":"2,25 €","price_unit":"(6,43 € / Kilo)","categories":["Supermercado","Alimentación General","Aperitivos y frutos secos","Uvas pasas","EL CORTE INGLES uvas pasa moscatel tarrina 350 g"],"general_information":["Denominación del alimento: UVAS PASAS MOSCATEL","Nombre del operador: Elaborado y envasado para El Corte Inglés por\nAgroserc, S.A. Polígono Industrial LA CASILLA - Nave 6\n03460 BENEJAMA (ALICANTE) España","Cantidad Neta: 350 g","Número de raciones por envase: 14.0"],"ingredients":[" Ingredientes: Uvas pasas con semillas, aceite vegetal de girasol y conservador (E 202) Puede contener trazas de sulfitos, leche, soja, cacahuetes y frutos de cáscara."],"conservation":" Conservar en lugar fresco y seco.","ean":"8433329078108"},{"full_name":"EL CORTE INGLES uva pasa sin pepita deshidratada ecológica bolsa 200 g","name":"uva pasa sin pepita deshidratada ecológica bolsa 200 g","brand":"EL CORTE INGLES ","img":"https://sgfm.elcorteingles.es/SGFM/dctm/MEDIA03/201708/04/00118144500214____1__600x600.jpg","price":"2,25 €","price_unit":"(11,25 € / Kilo)","categories":["Supermercado","Alimentación General","Aperitivos y frutos secos","Uvas pasas","EL CORTE INGLES uva pasa sin pepita deshidratada ecológica bolsa 200 g"],"general_information":["Denominación del alimento: UVA PASA SIN PEPITA DESHIDRATADA ECOLÓGICA","Nombre del operador: Envasado para El Corte Inglés por\nAperitivos Medina 3, S.L. \nC/ Puerto Linera, 1 \n 28935 (Móstoles) Madrid\n España","Lugar de procedencia del alimento: Origen: Turquía / Chile / Sudafrica","Cantidad Neta: 200 g"],"ingredients":[" Ingredientes: Pasas deshidratas* y aceite de girasol*.\n*Procedente de agricultura ecologica Puede contener trazas de otros frutos de cáscara."],"conservation":" Conservar en lugar fresco y seco. Evitar la luz directa y fuentes de calor. Una vez abierto consumir antes de 30 días.","ean":"8433329082198"},{"full_name":"ALIADA pasas moscatel bolsa 250 g","name":"pasas moscatel bolsa 250 g","brand":"ALIADA ","img":"https://sgfm.elcorteingles.es/SGFM/01/03/2/0120980101032/0120980101032000g01011.jpg","price":"1,87 €","price_unit":"(7,48 € / Kilo)","categories":["Supermercado","Alimentación General","Aperitivos y frutos secos","Uvas pasas","ALIADA pasas moscatel bolsa 250 g"],"general_information":["Denominación del alimento: Pasas sin pepita.","Nombre del operador: Elaborado para el\n Grupo El Corte Inglés \nHermosilla, 112 ? 28009 Madrid ? España \npor N.I.F.:  A-25008202","Cantidad Neta: 250 g"],"ingredients":[" Ingredientes: Pasas sin pepita Argentina y aceite vegetal de girasol. Puede contener trazas de frutos de cáscara  y de cacahuetes."],"conservation":" Conservar en lugar fresco y seco.","ean":"8433329000710"},{"full_name":"PRUNITA uvas pasas sultanas bolsa 250 g","name":"uvas pasas sultanas bolsa 250 g","brand":"PRUNITA ","img":"https://sgfm.elcorteingles.es/SGFM/01/15/6/0120980101156/0120980101156000g01011.jpg","price":"1,53 €","price_unit":"(6,12 € / Kilo)","categories":["Supermercado","Alimentación General","Aperitivos y frutos secos","Uvas pasas","PRUNITA uvas pasas sultanas bolsa 250 g"],"general_information":["Denominación del alimento: PASA SULTANA","Nombre del operador: AGROSERC S.A","Dirección del operador: POLIGONO INDUSTRIAL NAVE 6   03460 BENEJAMA (ALICANTE)","Cantidad Neta: 250 g"],"ingredients":[" PASA SULTANA, ACEITE VEGETAL DE GIRASOL, SORBATO POTÁSICO (E-202)"],"ean":"8412054310813"},{"full_name":"PRUNITA uvas pasas moscatel con pepitas estuche 250 g","name":"uvas pasas moscatel con pepitas estuche 250 g","brand":"PRUNITA ","img":"https://sgfm.elcorteingles.es/SGFM/01/28/9/0120980101289/0120980101289000g01011.jpg","price":"1,49 €","price_unit":"(5,96 € / Kilo)","categories":["Supermercado","Alimentación General","Aperitivos y frutos secos","Uvas pasas","PRUNITA uvas pasas moscatel con pepitas estuche 250 g"],"general_information":["Denominación del alimento: PASA MOSCATEL","Nombre del operador: AGROSERC S.A","Dirección del operador: POLIGONO INDUSTRIAL NAVE 6   03460 BENEJAMA (ALICANTE)","Cantidad Neta: 250 g"],"ingredients":[" UVA PASA CON SEMILLA, ACEITE VEGETAL DE GIRASOL, SORBATO POTÁSICO ( E-202 )"],"ean":"8412054350819"},{"full_name":"BORGES pasas moscatel bolsa 250 g","name":"pasas moscatel bolsa 250 g","brand":"BORGES ","img":"https://sgfm.elcorteingles.es/SGFM/dctm/MEDIA02/CONTENIDOS/201512/01/00120980101461____1__600x600.jpg","price":"2,76 €            ","price_unit":"(10,20 € / Kilo)","categories":["Supermercado","Alimentación General","Aperitivos y frutos secos","Uvas pasas","BORGES pasas moscatel bolsa 250 g"],"general_information":["Denominación del alimento: Pasas sin pepita de Argentina.","País de origen: España","Nombre del operador: Borges Branded Foods, SLU.","Dirección del operador: C/Flix, 29 - 43205 Reus (Tarragona).","Lugar de procedencia del alimento: Argentina","Cantidad Neta: 250 g"],"ingredients":[" Pasas moscatel Argentina y aceite vegetal de girasol.  Puede contener trazas de cacahuetes y frutos secos."],"conservation":" Conservar en lugar fresco y seco.","ean":"8410148502434"},{"full_name":"BORGES pasas de California sin pepitas estuche 150 g","name":"pasas de California sin pepitas estuche 150 g","brand":"BORGES ","img":"https://sgfm.elcorteingles.es/SGFM/01/08/1/0120980101081/0120980101081000g01011.jpg","price":"1,48 €","price_unit":"(9,87 € / Kilo)","categories":["Supermercado","Alimentación General","Aperitivos y frutos secos","Uvas pasas","BORGES pasas de California sin pepitas estuche 150 g"],"general_information":["Denominación del alimento: Pasas sin semilla de California.","País de origen: España","Nombre del operador: Borges Branded Foods, SLU.","Dirección del operador: C/Flix, 29 - 43205 Reus (Tarragona).","Lugar de procedencia del alimento: California","Cantidad Neta: 150 g"],"ingredients":[" Pasas sin semilla de California y aceite vegetal de girasol. Puede contener trazas de cacahuetes y frutos secos."],"conservation":" Conservar en lugar fresco y seco.","ean":"8410148500270"},{"full_name":"PAÑO NATURAE uvas pasas de Corinto ecológicas envase 90 g","name":"uvas pasas de Corinto ecológicas envase 90 g","brand":"PAÑO NATURAE ","img":"https://sgfm.elcorteingles.es/SGFM/dctm/MEDIA03/201702/16/00120904700612____1__600x600.jpg","price":"1,64 €","price_unit":"(18,22 € / Kilo)","categories":["Supermercado","Alimentación General","Aperitivos y frutos secos","Uvas pasas","PAÑO NATURAE uvas pasas de Corinto ecológicas envase 90 g"],"general_information":["Denominación del alimento: Uvas pasas","Nombre del operador: Paño Fruits S.L.","Dirección del operador: Av. Montblanc 28, 43460 Alcover (Tarragona)","Cantidad Neta: 90 g"],"ingredients":[" Pasas sultanas ecológicas y aceite de girasol ecológico. Puede contener cacahuetes y otros frutos de cáscara."],"conservation":" Mantener en lugar seco, fresco y protegido de la luz.","ean":"8430175811903"},{"full_name":"DARAMA pasas sultanas sin pepitas ecológicas bolsa 200 g","name":"pasas sultanas sin pepitas ecológicas bolsa 200 g","brand":"DARAMA ","img":"https://sgfm.elcorteingles.es/SGFM/00/15/6/0118144500156/0118144500156000g01011.jpg","price":"2,25 €","price_unit":"(11,25 € / Kilo)","categories":["Supermercado","Alimentación General","Aperitivos y frutos secos","Uvas pasas","DARAMA pasas sultanas sin pepitas ecológicas bolsa 200 g"],"general_information":["Denominación del alimento: PASAS","Nombre del operador: APERITIVOS MEDINA-3, S.L.","Dirección del operador: C/ Puerto Linera nº 1, 28935 Móstoles (Madrid), España","Cantidad Neta: 200 g"],"ingredients":[" Pasas sin pepita"],"ean":"8412139007560"},{"full_name":"EL PASERO uvas pasas extra D.O. Málaga estuche 350 g","name":"uvas pasas extra D.O. Málaga estuche 350 g","brand":"EL PASERO ","img":"https://sgfm.elcorteingles.es/SGFM/dctm/MEDIA03/201703/01/00118150300020____1__600x600.jpg","price":"4,99 €","price_unit":"(14,26 € / Kilo)","categories":["Supermercado","Alimentación General","Aperitivos y frutos secos","Uvas pasas","EL PASERO uvas pasas extra D.O. Málaga estuche 350 g"],"general_information":["Denominación del alimento: Uvas pasas moscatel de Málaga grano","Nombre del operador: Ucopaxa S.C.A. 2ºG.","Dirección del operador: Juan de Juanes, 6, 29700 Vélez, Malaga","Lugar de procedencia del alimento: Denominación de origen Málaga","Cantidad Neta: 350 g","Número de raciones por envase: 7"],"ingredients":[" Uvas pasas variedad Moscatel con Denominación de Origen Málaga (100%), categoría extra."],"conservation":" Consérvese en lugar fresco, seco y alejado de malos olores.","ean":"8412931700201"},{"full_name":"UCOPAXA uvas pasas de Málaga estuche 750 g","name":"uvas pasas de Málaga estuche 750 g","brand":"UCOPAXA ","img":"https://sgfm.elcorteingles.es/SGFM/01/10/5/0118150101105/0118150101105000g01011.jpg","price":"10,95 €            ","price_unit":"(11,93 € / Kilo)","categories":["Supermercado","Alimentación General","Aperitivos y frutos secos","Uvas pasas","UCOPAXA uvas pasas de Málaga estuche 750 g"],"general_information":["Denominación del alimento: Uvas pasas moscatel de Málaga racimos","Nombre del operador: Ucopaxa S.C.A. 2ºG.","Dirección del operador: Juan de Juanes, 6, 29700 Vélez, Malaga","Lugar de procedencia del alimento: Denominación de origen Málaga","Cantidad Neta: 750 g","Número de raciones por envase: 15"],"ingredients":[" Uvas pasas variedad Moscatel con Denominación de Origen Málaga (100%), categoría extra."],"conservation":" Consérvese en lugar fresco, seco y alejado de malos olores.","ean":"8412931700034"},{"full_name":"EL CORTE INGLES dátiles elaborados tarrina 350 g","name":"dátiles elaborados tarrina 350 g","brand":"EL CORTE INGLES ","img":"https://sgfm.elcorteingles.es/SGFM/dctm/MEDIA03/201711/27/00118140700792____1__600x600.jpg","price":"2,45 €","price_unit":"(7 € / Kilo)","categories":["Supermercado","Alimentación General","Aperitivos y frutos secos","Dátiles","EL CORTE INGLES dátiles elaborados tarrina 350 g"],"general_information":["Denominación del alimento: DATILES ELABORADOS","Nombre del operador: Elaborado y envasado para El Corte Inglés \npor Biosca Tamara\nBernabé Biosca Alimentación, S.A.U.\nCtra. Alicante - Valencia, Km 120\n03560 Campello - Alicante (España)","Lugar de procedencia del alimento: Origen: Túnez","Cantidad Neta: 350 g","Número de raciones por envase: Aproximadament"],"ingredients":[" Ingredientes: dátiles, estabilizante (E-420 ii), conservador (E-202)"],"conservation":" Conservar en lugar fresco y seco","ean":"8433329022941"},{"full_name":"EL CORTE INGLES dátiles naturales tarrina 350 g","name":"dátiles naturales tarrina 350 g","brand":"EL CORTE INGLES ","img":"https://sgfm.elcorteingles.es/SGFM/dctm/MEDIA03/201604/26/00118140700784____1__600x600.jpg","price":"2,90 €","price_unit":"(8,29 € / Kilo)","categories":["Supermercado","Alimentación General","Aperitivos y frutos secos","Dátiles","EL CORTE INGLES dátiles naturales tarrina 350 g"],"general_information":["Denominación del alimento: DATILES","Nombre del operador: Elaborado y envasado para El Corte Inglés \npor Biosca Tamara\nBernabé Biosca Alimentación, S.A.U.\nCtra. Alicante - Valencia, Km 120\n03560 Campello - Alicante (España)","Lugar de procedencia del alimento: Origen: Túnez","Cantidad Neta: 350 g","Número de raciones por envase: aproximadament"],"ingredients":[],"conservation":" Conservar en lugar fresco y seco","ean":"8433329022958"},{"full_name":"EL CORTE INGLES dátiles medjoul tarrina 350 g","name":"dátiles medjoul tarrina 350 g","brand":"EL CORTE INGLES ","img":"https://sgfm.elcorteingles.es/SGFM/dctm/MEDIA03/201612/02/00118140701162____6__600x600.jpg","price":"7,25 €","price_unit":"(20,71 € / Kilo)","categories":["Supermercado","Alimentación General","Aperitivos y frutos secos","Dátiles","EL CORTE INGLES dátiles medjoul tarrina 350 g"],"general_information":["Denominación del alimento: DATILES","Nombre del operador: Elaborado y envasado para El Corte Inglés \npor \nBernabé Biosca Alimentación, S.A.U.\nCtra. Alicante - Valencia, Km 120\n03560 Campello - Alicante (España)","Cantidad Neta: 350 g","Número de raciones por envase: 9"],"ingredients":[],"conservation":" Conservar en lugar fresco y seco","ean":"8433329078061"},{"full_name":"EL CORTE INGLES dátiles deshuesados tarrina 300 g","name":"dátiles deshuesados tarrina 300 g","brand":"EL CORTE INGLES ","img":"https://sgfm.elcorteingles.es/SGFM/dctm/MEDIA03/201702/13/00118140701196____1__600x600.jpg","price":"2,99 €","price_unit":"(9,97 € / Kilo)","categories":["Supermercado","Alimentación General","Aperitivos y frutos secos","Dátiles","EL CORTE INGLES dátiles deshuesados tarrina 300 g"],"general_information":["Denominación del alimento: DATILES","Nombre del operador: Elaborado y envasado para El Corte Inglés \npor Biosca Tamara\nBernabé Biosca Alimentación, S.A.U.\nCtra. Alicante - Valencia, Km 120\n03560 Campello - Alicante (España)","Cantidad Neta: 300 g","Número de raciones por envase: 7"],"ingredients":[],"conservation":" Conservar en lugar fresco y seco","ean":"8433329078351"},{"full_name":"EL CORTE INGLES dátiles sin hueso tarrina 300 g","name":"dátiles sin hueso tarrina 300 g","brand":"EL CORTE INGLES ","img":"https://sgfm.elcorteingles.es/SGFM/dctm/MEDIA03/201612/27/00118140701170____1__600x600.jpg","price":"2,99 €","price_unit":"(9,97 € / Kilo)","categories":["Supermercado","Alimentación General","Aperitivos y frutos secos","Dátiles","EL CORTE INGLES dátiles sin hueso tarrina 300 g"],"general_information":["Denominación del alimento: DATILES","Nombre del operador: Elaborado y envasado para El Corte Inglés \npor Biosca Tamara\nBernabé Biosca Alimentación, S.A.U.\nCtra. Alicante - Valencia, Km 120\n03560 Campello - Alicante (España)","Cantidad Neta: 300 g","Número de raciones por envase: 7"],"ingredients":[],"conservation":" Conservar en lugar fresco y seco","ean":"8433329078078"},{"full_name":"EL MONAGUILLO datíles naturales en rama medjoul tarrina 300 g","name":"datíles naturales en rama medjoul tarrina 300 g","brand":"EL MONAGUILLO ","img":"https://sgfm.elcorteingles.es/SGFM/dctm/MEDIA02/CONTENIDOS/201502/03/00118140700917____1__600x600.jpg","price":"2,85 €","price_unit":"(9,50 € / Kilo)","categories":["Supermercado","Alimentación General","Aperitivos y frutos secos","Dátiles","EL MONAGUILLO datíles naturales en rama medjoul tarrina 300 g"],"general_information":["Denominación del alimento: Datil Degler Nour en Ramas","País de origen: Túnez","Nombre del operador: BERNABE BIOSCA ALIMENTACION S.A.U.","Dirección del operador: Ctra. Alicante-Valencia, Km 120 El Campello (Alicante)","Lugar de procedencia del alimento: Dátil Deglet Nour Ramas","Cantidad Neta: 300 g","Otras menciones obligatorias en la etiqueta: Variedad: Deglet Nour Cat I Origen: Tunez"],"ingredients":[" Dátil Deglet Nour Ramas"],"conservation":" Conservar en lugar fresco y seco.","ean":"8410426351105"},{"full_name":"EL MONAGUILLO dátiles naturales medjoul caja 1 kg","name":"dátiles naturales medjoul caja 1 kg","brand":"EL MONAGUILLO ","img":"https://sgfm.elcorteingles.es/SGFM/00/90/9/0118140700909/0118140700909000g01011.jpg","price":"19,65 €","price_unit":"(19,65 € / Kilo)","categories":["Supermercado","Alimentación General","Aperitivos y frutos secos","Dátiles","EL MONAGUILLO dátiles naturales medjoul caja 1 kg"],"general_information":["Denominación del alimento: Datiles naturales  Medjoul","País de origen: Israel","Nombre del operador: BERNABE BIOSCA ALIMENTACION S.A.U.","Dirección del operador: Ctra. Alicante-Valencia, Km 120 El Campello (Alicante)","Lugar de procedencia del alimento: Dátiles Medjoul","Cantidad Neta: 1 Kilogramos"],"ingredients":[" Dátiles Medjoul"],"conservation":" Conservar en lugar fresco y seco a una temperatura recomendada de 4º C","ean":"8410426385506"},{"full_name":"EL MONAGUILLO dátiles bandeja 250 g","name":"dátiles bandeja 250 g","brand":"EL MONAGUILLO ","img":"https://sgfm.elcorteingles.es/SGFM/dctm/MEDIA03/201702/08/00118140700875____1__600x600.jpg","price":"1,65 €","price_unit":"(6,60 € / Kilo)","categories":["Supermercado","Alimentación General","Aperitivos y frutos secos","Dátiles","EL MONAGUILLO dátiles bandeja 250 g"],"general_information":["Denominación del alimento: Dátiles Deglet Nour Categoría I","País de origen: Túnez","Nombre del operador: BERNABE BIOSCA ALIMENTACION S.A.U.","Dirección del operador: Ctra. Alicante-Valencia, Km 120 El Campello (Alicante)","Lugar de procedencia del alimento: Dátiles, estabilizantes (E-420ii) y conservante (E-202)","Cantidad Neta: 250 g","Otras menciones obligatorias en la etiqueta: Cat I"],"ingredients":[" Dátiles, estabilizantes (E-420ii) y conservante (E-202)"],"conservation":" Conservar en lugar fresco y seco.","ean":"8410426354007"},{"full_name":"BORGES datiles sin hueso envase 200 g","name":"datiles sin hueso envase 200 g","brand":"BORGES ","img":"https://sgfm.elcorteingles.es/SGFM/dctm/MEDIA02/CONTENIDOS/201512/01/00120980101446____1__600x600.jpg","price":"2,65 €            ","price_unit":"(12,75 € / Kilo)","categories":["Supermercado","Alimentación General","Aperitivos y frutos secos","Dátiles","BORGES datiles sin hueso envase 200 g"],"general_information":["Denominación del alimento: Dátiles sin hueso.","País de origen: España","Nombre del operador: Borges Branded Foods, SLU.","Dirección del operador: C/Flix, 29 - 43205 Reus (Tarragona).","Lugar de procedencia del alimento: Túnez","Cantidad Neta: 200 g"],"ingredients":[" Dátiles de la variedad Deglet Nour de Túnez, estabilizador E-420 y conservador E-202. Puede contener trazas de cacahuetes y frutos secos."],"conservation":" Conservar en lugar fresco y seco.","ean":"8410148502397"},{"full_name":"PRUNITA dátiles confitados bolsa 250 g","name":"dátiles confitados bolsa 250 g","brand":"PRUNITA ","img":"https://sgfm.elcorteingles.es/SGFM/01/24/8/0120980101248/0120980101248000g01011.jpg","price":"1,69 €","price_unit":"(6,76 € / Kilo)","categories":["Supermercado","Alimentación General","Aperitivos y frutos secos","Dátiles","PRUNITA dátiles confitados bolsa 250 g"],"general_information":["Denominación del alimento: DATIL CONFITADO","Nombre del operador: AGROSERC S.A","Dirección del operador: POLIGONO INDUSTRIAL NAVE 6   03460 BENEJAMA (ALICANTE)","Cantidad Neta: 250 g"],"ingredients":[" DATIL, ACEITE VEGETAL DE GIRASOL, ESTABILIZADOR (E-420 ii)"],"ean":"8412054510817"},{"full_name":"GLORIA BENDITA dátiles medjoul bandeja 300 g","name":"dátiles medjoul bandeja 300 g","brand":"GLORIA BENDITA ","img":"https://sgfm.elcorteingles.es/SGFM/dctm/MEDIA02/CONTENIDOS/201512/17/00118140701071____1__600x600.jpg","price":"7,95 €","price_unit":"(26,50 € / Kilo)","categories":["Supermercado","Alimentación General","Aperitivos y frutos secos","Dátiles","GLORIA BENDITA dátiles medjoul bandeja 300 g"],"general_information":[],"ingredients":[],"ean":"8436023131186"},{"full_name":"HIGUERAS dátiles bañados en chocolate envase 200 g","name":"dátiles bañados en chocolate envase 200 g","brand":"HIGUERAS ","img":"https://sgfm.elcorteingles.es/SGFM/dctm/MEDIA03/201610/20/00118150300863____5__600x600.jpg","price":"3,95 €","price_unit":"(19,75 € / Kilo)","categories":["Supermercado","Desayunos Dulces y pan","Navidad","Dulces de Navidad","Cestas de frutas y frutos secos","HIGUERAS dátiles bañados en chocolate envase 200 g"],"general_information":[],"ingredients":[],"ean":"8412554100075"},{"full_name":"PAÑO NATURAE higos ecológicos bolsa 120 g","name":"higos ecológicos bolsa 120 g","brand":"PAÑO NATURAE ","img":"https://sgfm.elcorteingles.es/SGFM/dctm/MEDIA02/CONTENIDOS/201411/19/00120980300089____1__600x600.jpg","price":"2,31 €","price_unit":"(19,25 € / Kilo)","categories":["Supermercado","Alimentación General","Aperitivos y frutos secos","Higos","PAÑO NATURAE higos ecológicos bolsa 120 g"],"general_information":["Denominación del alimento: Higos ecológicos","Nombre del operador: Paño Fruits S.L.","Dirección del operador: Av. Montblanc 28, 43460 Alcover (Tarragona)","Cantidad Neta: 120 g"],"ingredients":[" Higos desecados y pasteurizados ecológicos. Puede contener cacahuete y otros frutos de cáscara."],"conservation":" Conservar en lugar seco y fresco, lejos de productos químicos o fuertes olores.","ean":"8430175886123"},{"full_name":"PRUNITA higos secos calabacita envase 200 g","name":"higos secos calabacita envase 200 g","brand":"PRUNITA ","img":"https://sgfm.elcorteingles.es/SGFM/01/61/0/0120980101610/0120980101610000g01011.jpg","price":"1,30 €","price_unit":"(6,50 € / Kilo)","categories":["Supermercado","Alimentación General","Aperitivos y frutos secos","Higos","PRUNITA higos secos calabacita envase 200 g"],"general_information":["Denominación del alimento: OREJON ALBARICOQUE","Nombre del operador: AGROSERC S.A","Dirección del operador: POLIGONO INDUSTRIAL NAVE 6   03460 BENEJAMA (ALICANTE) España","Cantidad Neta: 200 g"],"ingredients":[" HIGO SECO, HARINA DE ARROZ"],"ean":"8412054441319"},{"full_name":"BORGES higos bolsa 200 g","name":"higos bolsa 200 g","brand":"BORGES ","img":"https://sgfm.elcorteingles.es/SGFM/dctm/MEDIA02/CONTENIDOS/201512/01/00120980101453____1__600x600.jpg","price":"2,95 €","price_unit":"(14,75 € / Kilo)","categories":["Supermercado","Alimentación General","Aperitivos y frutos secos","Higos","BORGES higos bolsa 200 g"],"general_information":["Denominación del alimento: Higos desecados","País de origen: España","Nombre del operador: Borges Branded Foods, SLU.","Dirección del operador: C/Flix, 29 - 43205 Reus (Tarragona).","Cantidad Neta: 200 g"],"ingredients":[" Higos desecados de Turquia. Puede contener trazas de cacahuetes y frutos secos."],"conservation":" Conservar en lugar fresco y seco.","ean":"8410148502410"},{"full_name":"LA GUAÑA higos secos cuello de dama bolsa 600 g","name":"higos secos cuello de dama bolsa 600 g","brand":"LA GUAÑA ","img":"https://sgfm.elcorteingles.es/SGFM/00/01/2/0118150300012/0118150300012000g01011.jpg","price":"4,50 €","price_unit":"(7,50 € / Kilo)","categories":["Supermercado","Desayunos Dulces y pan","Navidad","Dulces de Navidad","Cestas de frutas y frutos secos","LA GUAÑA higos secos cuello de dama bolsa 600 g"],"general_information":["Denominación del alimento: Higos Secos Cuello de Dama","País de origen: España","Nombre del operador: La Guaña S.C.L.","Dirección del operador: Camino del Tejar S/N. 05492 Poyales del Hoyo. Avila","Lugar de procedencia del alimento: Poyales del Hoyo - Avila","Cantidad Neta: 600 g","Número de raciones por envase: 6"],"ingredients":[" Higos Secos Cuello de DamaHarina de Arroz"],"conservation":" Preservar el producto de la luz directa e intensa y del calor excesivo.","ean":"8429202002315"},{"full_name":"LA GUAÑA higos secos calabacita bolsa 600 g","name":"higos secos calabacita bolsa 600 g","brand":"LA GUAÑA ","img":"https://sgfm.elcorteingles.es/SGFM/dctm/MEDIA02/CONTENIDOS/201409/27/00118150300129____1__600x600.jpg","price":"3,25 €","price_unit":"(5,42 € / Kilo)","categories":["Supermercado","Desayunos Dulces y pan","Navidad","Dulces de Navidad","Cestas de frutas y frutos secos","LA GUAÑA higos secos calabacita bolsa 600 g"],"general_information":["Denominación del alimento: Higos Secos Calabacita","País de origen: España","Nombre del operador: La Guaña S.C.L.","Dirección del operador: Camino del Tejar S/N. 05492 Poyales del Hoyo. Avila","Lugar de procedencia del alimento: Avila","Cantidad Neta: 600 g","Número de raciones por envase: 6"],"ingredients":[],"conservation":" Preservar el producto de la luz directa e intensa y del calor excesivo.","ean":"8429202002322"},{"full_name":"LA GUAÑA higos turcos Smirna bandeja 600 g","name":"higos turcos Smirna bandeja 600 g","brand":"LA GUAÑA ","img":"https://sgfm.elcorteingles.es/SGFM/dctm/MEDIA02/CONTENIDOS/201410/16/00118150300111____1__600x600.jpg","price":"7,50 €","price_unit":"(12,50 € / Kilo)","categories":["Supermercado","Alimentación General","Aperitivos y frutos secos","Higos","LA GUAÑA higos turcos Smirna bandeja 600 g"],"general_information":["Denominación del alimento: Higos Secos Smirna","País de origen: España","Nombre del operador: La Guaña S.C.L.","Dirección del operador: Camino del Tejar S/N. 05492 Poyales del Hoyo. Avila","Lugar de procedencia del alimento: Turquia","Cantidad Neta: 600 g","Número de raciones por envase: 6"],"ingredients":[" Higos Secos variedad Smirna"],"conservation":" Preservar el producto de la luz directa e intensa y del calor excesivo.","ean":"8429202000083"},{"full_name":"PRUNITA higos turcos Smirna bolsa 600 g","name":"higos turcos Smirna bolsa 600 g","brand":"PRUNITA ","img":"https://sgfm.elcorteingles.es/SGFM/dctm/MEDIA02/CONTENIDOS/201503/13/00118150300269000_1__600x600.jpg","price":"6,95 €","price_unit":"(11,58 € / Kilo)","categories":["Supermercado","Alimentación General","Aperitivos y frutos secos","Higos","PRUNITA higos turcos Smirna bolsa 600 g"],"general_information":[],"ingredients":[],"ean":"8412054494919"},{"full_name":"EL CORTE INGLES orejones de albaricoque tarrina 350 g","name":"orejones de albaricoque tarrina 350 g","brand":"EL CORTE INGLES ","img":"https://sgfm.elcorteingles.es/SGFM/dctm/MEDIA03/201609/02/00118140700750____1__600x600.jpg","price":"4,95 €","price_unit":"(14,14 € / Kilo)","categories":["Supermercado","Alimentación General","Aperitivos y frutos secos","Frutas deshidratadas","EL CORTE INGLES orejones de albaricoque tarrina 350 g"],"general_information":["Denominación del alimento: OREJONES DE ALBARICOQUE","Nombre del operador: Elaborado y envasado para El Corte Inglés por\nAgroserc, S.A. Polígono Industrial LA CASILLA - Nave 6\n03460 BENEJAMA (ALICANTE) España","Lugar de procedencia del alimento: Origen: Turquía","Cantidad Neta: 350 g","Número de raciones por envase: 14"],"ingredients":[" Ingredientes: Albaricoque seco, conservadores (E-220 (sulfitos) y E-202) Contiene sulfitos."],"conservation":" Conservar en lugar fresco y seco.","ean":"8433329015752"},{"full_name":"EL CORTE INGLES coco rallado tarrina 150 g","name":"coco rallado tarrina 150 g","brand":"EL CORTE INGLES ","img":"https://sgfm.elcorteingles.es/SGFM/dctm/MEDIA03/201606/20/00118143100040____1__600x600.jpg","price":"1,75 €","price_unit":"(11,67 € / Kilo)","categories":["Supermercado","Alimentación General","Aperitivos y frutos secos","Frutas deshidratadas","EL CORTE INGLES coco rallado tarrina 150 g"],"general_information":["Denominación del alimento: COCO RALLADO","Nombre del operador: Envasado para El Corte Inglés por\nAperitivos Medina 3, S.L. - Puerto Linera, 1 \nPol. Ind. Nº 6 Expansión - Móstoles (Madrid) España","Lugar de procedencia del alimento: Origen del fruto: Sri Lanka / Indonesia","Cantidad Neta: 150 g","Número de raciones por envase: 6"],"ingredients":[" Ingredientes: Coco Puede contener trazas de cacahuetes y frutos de cáscara."],"conservation":" Envasado en atmósfera protectora. Conservar en lugar fresco y seco.","ean":"8433329020800"},{"full_name":"EL CORTE INGLES arándanos deshidratados tarrina 300 g","name":"arándanos deshidratados tarrina 300 g","brand":"EL CORTE INGLES ","img":"https://sgfm.elcorteingles.es/SGFM/dctm/MEDIA03/201610/28/00118140701154____1__600x600.jpg","price":"3,95 €","price_unit":"(13,17 € / Kilo)","categories":["Supermercado","Alimentación General","Aperitivos y frutos secos","Frutas deshidratadas","EL CORTE INGLES arándanos deshidratados tarrina 300 g"],"general_information":["Denominación del alimento: Arándanos rojos deshidratados.","Nombre del operador: Envasado para El Corte Inglés por\nAperitivos Medina 3, S.L. - Puerto Linera, 1 \nPol. Ind. Nº 6 Expansión - Móstoles (Madrid) España","Lugar de procedencia del alimento: Origen del fruto: ver base.","Cantidad Neta: 300 g","Número de raciones por envase: 12"],"ingredients":[" Ingredientes: Arándano, azúcar y aceite de girasol Puede contener trazas de cacahuetes y otros frutos de cáscara."],"conservation":" Conservar en lugar fresco y seco.","ean":"8433329078047"},{"full_name":"EL CORTE INGLES arándano deshidratado ecológico bolsa 200 g","name":"arándano deshidratado ecológico bolsa 200 g","brand":"EL CORTE INGLES ","img":"https://sgfm.elcorteingles.es/SGFM/dctm/MEDIA03/201708/04/00118144500198____1__600x600.jpg","price":"4,25 €","price_unit":"(21,25 € / Kilo)","categories":["Supermercado","Alimentación General","Aperitivos y frutos secos","Frutas deshidratadas","EL CORTE INGLES arándano deshidratado ecológico bolsa 200 g"],"general_information":["Denominación del alimento: ARÁNDANO DESHIDRATADO ECOLÓGICO","Nombre del operador: Envasado para El Corte Inglés por\nAperitivos Medina 3, S.L. \nC/ Puerto Linera, 1 \n 28935 (Móstoles) Madrid\n España","Lugar de procedencia del alimento: Origen: EEUU, Canadá","Cantidad Neta: 200 g"],"ingredients":[" Ingredientes: Arándano deshidratado*,  azúcar*  y aceite de girasol* .\n*Procedente de agricultura ecológica. Puede contener trazas de otros frutos de cáscara."],"conservation":" Conservar en lugar fresco y seco. Evitar la luz directa y fuentes de calor. Una vez abierto consumir antes de 30 días.","ean":"8433329082105"},{"full_name":"EL CORTE INGLES orejones de albaricoque ecológicos bolsa 200 g","name":"orejones de albaricoque ecológicos bolsa 200 g","brand":"EL CORTE INGLES ","img":"https://sgfm.elcorteingles.es/SGFM/dctm/MEDIA03/201708/04/00118144500206____1__600x600.jpg","price":"3,50 €","price_unit":"(17,50 € / Kilo)","categories":["Supermercado","Alimentación General","Aperitivos y frutos secos","Frutas deshidratadas","EL CORTE INGLES orejones de albaricoque ecológicos bolsa 200 g"],"general_information":["Denominación del alimento: OREJONES DE ALBARICOQUE ECOLÓGICOS","Nombre del operador: Envasado para El Corte Inglés por\nAperitivos Medina 3, S.L. \nC/ Puerto Linera, 1 \n 28935 (Móstoles) Madrid\n España","Lugar de procedencia del alimento: Origen: Turquía","Cantidad Neta: 200 g"],"ingredients":[" Ingredientes: Orejón de albaricoque ecológico. Puede contener trazas de otros frutos de cáscara."],"conservation":" Conservar en lugar fresco y seco. Evitar la luz directa y fuentes de calor. Una vez abierto consumir antes de 30 días.","ean":"8433329082181"},{"full_name":"PRUNITA arandano deshidratado envase 200 g","name":"arandano deshidratado envase 200 g","brand":"PRUNITA ","img":"https://sgfm.elcorteingles.es/SGFM/dctm/MEDIA02/CONTENIDOS/201412/04/00120980101685____1__600x600.jpg","price":"2,27 €","price_unit":"(11,35 € / Kilo)","categories":["Supermercado","Alimentación General","Aperitivos y frutos secos","Frutas deshidratadas","PRUNITA arandano deshidratado envase 200 g"],"general_information":["Denominación del alimento: ARÁNDANOS","Nombre del operador: AGROSERC S.A","Dirección del operador: POLIGONO INDUSTRIAL NAVE 6   03460 BENEJAMA (ALICANTE)","Cantidad Neta: 200 g"],"ingredients":[" Arándano, azúcar y aceite vegetal de girasol. Puede contener trazas de sulfitos."],"ean":"8412054061319"},{"full_name":"PRUNITA orejones de albaricoque estuche 200 g","name":"orejones de albaricoque estuche 200 g","brand":"PRUNITA ","img":"https://sgfm.elcorteingles.es/SGFM/dctm/MEDIA02/CONTENIDOS/201509/24/00120980101669____1__600x600.jpg","price":"2,13 €","price_unit":"(10,65 € / Kilo)","categories":["Supermercado","Alimentación General","Aperitivos y frutos secos","Frutas deshidratadas","PRUNITA orejones de albaricoque estuche 200 g"],"general_information":["Denominación del alimento: OREJON ALBARICOQUE","Nombre del operador: AGROSERC S.A","Dirección del operador: POLIGONO INDUSTRIAL NAVE 6   03460 BENEJAMA (ALICANTE)","Cantidad Neta: 200 g"],"ingredients":[" OREJON ALBARICOQUE, DIOXIDO DE AZUFRE ( E-220 ), SORBATO POTÁSICO ( E-202 )"],"ean":"8412054231316"},{"full_name":"PAÑO NATURAE orejones albaricoques ecológicos bolsa 120 g","name":"orejones albaricoques ecológicos bolsa 120 g","brand":"PAÑO NATURAE ","img":"https://sgfm.elcorteingles.es/SGFM/00/09/7/0120980300097/0120980300097000g01011.jpg","price":"4,79 €","price_unit":"(39,92 € / Kilo)","categories":["Supermercado","Alimentación General","Aperitivos y frutos secos","Frutas deshidratadas","PAÑO NATURAE orejones albaricoques ecológicos bolsa 120 g"],"general_information":["Denominación del alimento: Orejones albaricoque pasteurizados","Nombre del operador: Paño Fruits S.L.","Dirección del operador: Av. Montblanc 28, 43460 Alcover (Tarragona)","Cantidad Neta: 120 g"],"ingredients":[" Orejones ecológicos pasteurizados. Puede contener cacahuete y otros frutos de cáscara. No contiene GMO."],"conservation":" Mantener en lugar seco, fresco y protegido de la luz.","ean":"8430175821025"},{"full_name":"RAJOPE orejones de melocotón tarrina 300 g","name":"orejones de melocotón tarrina 300 g","brand":"RAJOPE ","img":"https://sgfm.elcorteingles.es/SGFM/dctm/MEDIA02/CONTENIDOS/201408/25/00118140700842____1__600x600.jpg","price":"5,95 €","price_unit":"(19,83 € / Kilo)","categories":["Supermercado","Alimentación General","Aperitivos y frutos secos","Frutas deshidratadas","RAJOPE orejones de melocotón tarrina 300 g"],"general_information":["Denominación del alimento: Melocotón deshidratado","Nombre del operador: Rajope, S.L.","Dirección del operador: C/ Bagal, s/n -26570 Quel (La Rioja)","Cantidad Neta: 300,0 g"],"ingredients":[" Orejón de melocotón, conservador  E202 y E220 anhídrido sulfurosos."],"conservation":" Conservar a temperatura ambiente en lugar fresco y seco. Una vez abierto, conservar en frigorífico y consumir antes de una semana.","ean":"8413296053001"},{"full_name":"GANCEDO frutas secas del bosque estuche 250 g","name":"frutas secas del bosque estuche 250 g","brand":"GANCEDO ","img":"https://sgfm.elcorteingles.es/SGFM/01/16/4/0120980101164/0120980101164000g01011.jpg","price":"5,76 €","price_unit":"(23,04 € / Kilo)","categories":["Supermercado","Alimentación General","Aperitivos y frutos secos","Frutas deshidratadas","GANCEDO frutas secas del bosque estuche 250 g"],"general_information":[],"ingredients":[],"ean":"8422915148516"},{"full_name":"BORGES orejones de albaricoque envase 200 g","name":"orejones de albaricoque envase 200 g","brand":"BORGES ","img":"https://sgfm.elcorteingles.es/SGFM/dctm/MEDIA02/CONTENIDOS/201512/01/00120980101438____1__600x600.jpg","price":"2,95 €            ","price_unit":"(12,75 € / Kilo)","categories":["Supermercado","Alimentación General","Aperitivos y frutos secos","Frutas deshidratadas","BORGES orejones de albaricoque envase 200 g"],"general_information":["Denominación del alimento: Orejones de albaricoque","País de origen: España","Nombre del operador: Borges Branded Foods, SLU.","Dirección del operador: C/Flix, 29 - 43205 Reus (Tarragona).","Cantidad Neta: 200 g"],"ingredients":[" Albaricoques desecados y conservador: dioxido de azufre. Puede contener trazas de cacahuetes y frutos secos."],"conservation":" Conservar en lugar fresco y seco.","ean":"8410148502373"},{"full_name":"EMICELA orejones de albaricoque bolsa 200 g","name":"orejones de albaricoque bolsa 200 g","brand":"EMICELA ","img":"https://sgfm.elcorteingles.es/SGFM/dctm/MEDIA02/CONTENIDOS/201510/26/00120980101594____1__600x600.jpg","price":"1,79 €","price_unit":"(8,95 € / Kilo)","categories":["Supermercado","Alimentación General","Aperitivos y frutos secos","Frutas deshidratadas","EMICELA orejones de albaricoque bolsa 200 g"],"general_information":["Denominación del alimento: Albaricoque orejón","País de origen: Turquía","Nombre del operador: Emicela, S.A.","Dirección del operador: C/ Canal Izquierdo (subida), 5 - Zona Industrial de Arinaga 35118 AGÜIMES (Islas Canarias)Las Palmas  España","Cantidad Neta: 200 g"],"ingredients":[" Albaricoques, conservante: E-220. Contiene sulfitos."],"conservation":" Conservar en lugar fresco y seco. Para conservar mejor los frutos secos crudos y fruta desecada recomendamos guardar refrigerados.","ean":"8411303024877"},{"full_name":"EMICELA coco rallado bolsa 100 g","name":"coco rallado bolsa 100 g","brand":"EMICELA ","img":"https://sgfm.elcorteingles.es/SGFM/dctm/MEDIA02/CONTENIDOS/201510/26/00120971601057____1__600x600.jpg","price":"0,85 €","price_unit":"(8,50 € / Kilo)","categories":["Supermercado","Alimentación General","Aperitivos y frutos secos","Frutas deshidratadas","EMICELA coco rallado bolsa 100 g"],"general_information":["Denominación del alimento: Coco rallado","País de origen: Sri Lanka","Nombre del operador: Emicela, S.A.","Dirección del operador: C/ Canal Izquierdo (subida), 5 - Zona Industrial de Arinaga 35118 AGÜIMES (Islas Canarias)Las Palmas  España","Cantidad Neta: 100 g"],"ingredients":[" Coco. Puede contener trazas de gluten, sulfitos, cacahuetes y otros frutos de cáscara."],"conservation":" Conservar en lugar fresco y seco. Para conservar mejor los frutos secos crudos y fruta desecada recomendamos guardar refrigerados.","ean":"8411303300193"},{"full_name":"DARAMA arándanos ecológicos bolsa 200 g","name":"arándanos ecológicos bolsa 200 g","brand":"DARAMA ","img":"https://sgfm.elcorteingles.es/SGFM/00/14/9/0118144500149/0118144500149000g01011.jpg","price":"4,25 €","price_unit":"(21,25 € / Kilo)","categories":["Supermercado","Alimentación General","Aperitivos y frutos secos","Frutas deshidratadas","DARAMA arándanos ecológicos bolsa 200 g"],"general_information":["Denominación del alimento: ARÁNDANO","Nombre del operador: APERITIVOS MEDINA-3, S.L.","Dirección del operador: C/ Puerto Linera nº 1, 28935 Móstoles (Madrid), España","Cantidad Neta: 200 g"],"ingredients":[" Arándano"],"ean":"8412139007539"},{"full_name":"DARAMA orejones de albaricoque ecológicos bolsa 200 g","name":"orejones de albaricoque ecológicos bolsa 200 g","brand":"DARAMA ","img":"https://sgfm.elcorteingles.es/SGFM/dctm/MEDIA03/201604/26/00118144500172____1__600x600.jpg","price":"3,50 €","price_unit":"(17,50 € / Kilo)","categories":["Supermercado","Alimentación General","Aperitivos y frutos secos","Frutas deshidratadas","DARAMA orejones de albaricoque ecológicos bolsa 200 g"],"general_information":[],"ingredients":[],"ean":"8412139007690"},{"full_name":"MEDINA bayas de Goji tarrina 200 g","name":"bayas de Goji tarrina 200 g","brand":"MEDINA ","img":"https://sgfm.elcorteingles.es/SGFM/00/24/8/0118142600248/0118142600248000g01011.jpg","price":"4,95 €","price_unit":"(24,75 € / Kilo)","categories":["Supermercado","Alimentación General","Aperitivos y frutos secos","Frutas deshidratadas","MEDINA bayas de Goji tarrina 200 g"],"general_information":["Denominación del alimento: BAYAS DE GOJI","Nombre del operador: APERITIVOS MEDINA-3, S.L.","Dirección del operador: C/ Puerto Linera nº 1, 28935 Móstoles (Madrid), España","Cantidad Neta: 200 g"],"ingredients":[" Bayas de Goji"],"ean":"8412139060688"}]