[{"full_name":"ALIADA arroz redondo extra paquete 1 kg","name":"arroz redondo extra paquete 1 kg","brand":"ALIADA ","img":"https://sgfm.elcorteingles.es/SGFM/00/75/4/0118005700754/0118005700754000g01011.jpg","price":"0,75 €","price_unit":"(0,75 € / Kilo)","categories":["Supermercado","Alimentación General","Arroz","Arroz grano redondo","ALIADA arroz redondo extra paquete 1 kg"],"general_information":["Denominación del alimento: Arroz redondo categoría extra","Nombre del operador: El Corte Inglés  S.A","Dirección del operador: C/Hermosilla, 112 -28009 Madrid (Madrid)","Cantidad Neta: 1 Kilogramos"],"ingredients":[],"conservation":" Conservar en lugar fresco y seco.","ean":"8433329029353"},{"full_name":"EL CORTE INGLES arroz redondo extra I.G.P. delta del Ebro paquete 1 kg","name":"arroz redondo extra I.G.P. delta del Ebro paquete 1 kg","brand":"EL CORTE INGLES ","img":"https://sgfm.elcorteingles.es/SGFM/dctm/MEDIA03/201707/07/00118005700630____2__600x600.jpg","price":"1,24 €","price_unit":"(1,24 € / Kilo)","categories":["Supermercado","Alimentación General","Arroz","Arroz grano redondo","EL CORTE INGLES arroz redondo extra I.G.P. delta del Ebro paquete 1 kg"],"general_information":["Denominación del alimento: Arroz Categoría Extra","Nombre del operador: Elaborado para \nEl Corte Inglés \npor Càmara Arrossera del Montsià,  SCCL \nSalvador Dalí 27-29 43870 Amposta (Tarragona)- España","Lugar de procedencia del alimento: Arroz cultivado en el Delta del Ebro (Tarragona - España)","Cantidad Neta: 1 Kilogramos","Número de raciones por envase: 12.0"],"ingredients":[" Ingredientes: Arroz 100%"],"conservation":" CONSERVAR EN  LUGAR FRESCO Y SECO","ean":"8433329012836"},{"full_name":"SOS arroz redondo bolsa 2 kg","name":"arroz redondo bolsa 2 kg","brand":"SOS ","img":"https://sgfm.elcorteingles.es/SGFM/00/82/0/0118005700820/0118005700820000g01011.jpg","price":"2,95 €","price_unit":"(1,48 € / Kilo)","categories":["Supermercado","Alimentación General","Arroz","Arroz grano redondo","SOS arroz redondo bolsa 2 kg"],"general_information":["Denominación del alimento: Arroz grano Redondo.","Nombre del operador: Herba Ricemills. S.L.U.","Dirección del operador: C/ Real. 43 - 41920 San Juan de Aznalfarache (Sevilla)","Cantidad Neta: 2 Kilogramos"],"ingredients":[" 100% Arroz grano redondo"],"conservation":" Almacenar en lugar fresco y seco. Preservar de la luz solar.","ean":"8410830001009"},{"full_name":"SOS arroz grano redondo paquete 1 kg","name":"arroz grano redondo paquete 1 kg","brand":"SOS ","img":"https://sgfm.elcorteingles.es/SGFM/00/61/4/0118005700614/0118005700614000g01011.jpg","price":"1,52 €","price_unit":"(1,52 € / Kilo)","categories":["Supermercado","Alimentación General","Arroz","Arroz grano redondo","SOS arroz grano redondo paquete 1 kg"],"general_information":["Denominación del alimento: Arroz grano Redondo.","Nombre del operador: Herba Ricemills. S.L.U.","Dirección del operador: C/ Real. 43 - 41920 San Juan de Aznalfarache (Sevilla)","Cantidad Neta: 1 Kilogramos"],"ingredients":[" 100% Arroz grano redondo"],"conservation":" Almacenar en lugar fresco y seco. Preservar de la luz solar.","ean":"8410830001016"},{"full_name":"LA FALLERA arroz redondo especial para paella D.O. Valencia paquete 1 kg","name":"arroz redondo especial para paella D.O. Valencia paquete 1 kg","brand":"LA FALLERA ","img":"https://sgfm.elcorteingles.es/SGFM/dctm/MEDIA02/CONTENIDOS/201601/26/00118005700523____1__600x600.jpg","price":"1,94 €","price_unit":"(1,94 € / Kilo)","categories":["Supermercado","Alimentación General","Arroz","Arroz grano redondo","LA FALLERA arroz redondo especial para paella D.O. Valencia paquete 1 kg"],"general_information":["Denominación del alimento: Arroz medio perlado","Nombre del operador: Fallera Nutrición, S.L.U.","Dirección del operador: Avda. Alacant s/n - 46460 Silla Valencia","Cantidad Neta: 1 Kilogramos","Otras menciones obligatorias en la etiqueta: Categoría Extra"],"ingredients":[" 100% Arroz medio perlado D.O."],"conservation":" Conservar en lugar fresco y seco","ean":"8410084040113"},{"full_name":"LA FALLERA arroz redondo paquete 1 kg","name":"arroz redondo paquete 1 kg","brand":"LA FALLERA ","img":"https://sgfm.elcorteingles.es/SGFM/dctm/MEDIA03/201605/11/00118005700499____1__600x600.jpg","price":"1,40 €","price_unit":"(1,40 € / Kilo)","categories":["Supermercado","Alimentación General","Arroz","Arroz grano redondo","LA FALLERA arroz redondo paquete 1 kg"],"general_information":["Denominación del alimento: Arroz grano redondo","Nombre del operador: Fallera Nutrición, S.L.U.","Dirección del operador: Avda. Alacant s/n - 46460 Silla Valencia","Cantidad Neta: 1 Kilogramos","Otras menciones obligatorias en la etiqueta: Categoría I"],"ingredients":[" 100% Arroz redondo"],"conservation":" Conservar en lugar fresco y seco","ean":"8410084041110"},{"full_name":"BRILLANTE arroz redondo Sabroz variedad exclusiva paquete 1 kg","name":"arroz redondo Sabroz variedad exclusiva paquete 1 kg","brand":"BRILLANTE ","img":"https://sgfm.elcorteingles.es/SGFM/dctm/MEDIA02/CONTENIDOS/201408/20/00118005700804____1__600x600.jpg","price":"1,62 €","price_unit":"(1,62 € / Kilo)","categories":["Supermercado","Alimentación General","Arroz","Arroz grano redondo","BRILLANTE arroz redondo Sabroz variedad exclusiva paquete 1 kg"],"general_information":["Denominación del alimento: Arroz grano Redondo.","Nombre del operador: Herba Ricemills. S.L.U.","Dirección del operador: C/ Real. 43 - 41920 San Juan de Aznalfarache (Sevilla)","Cantidad Neta: 1 Kilogramos"],"ingredients":[" 100% Arroz grano Redondo"],"conservation":" Almacenar en lugar fresco y seco. Preservar de la luz solar.","ean":"8410184016520"},{"full_name":"LA CIGALA arroz redondo envasado al vacio caja 1 kg","name":"arroz redondo envasado al vacio caja 1 kg","brand":"LA CIGALA ","img":"https://sgfm.elcorteingles.es/SGFM/dctm/MEDIA02/CONTENIDOS/201408/20/00118005700440____1__600x600.jpg","price":"1,50 €","price_unit":"(1,50 € / Kilo)","categories":["Supermercado","Alimentación General","Arroz","Arroz grano redondo","LA CIGALA arroz redondo envasado al vacio caja 1 kg"],"general_information":["Denominación del alimento: Arroz grano Redondo.","Nombre del operador: Herba Ricemills. S.L.U.","Dirección del operador: C/ Real. 43 - 41920 San Juan de Aznalfarache (Sevilla)","Cantidad Neta: 1 Kilogramos"],"ingredients":[" 100% Arroz grano Redondo"],"conservation":" Almacenar en lugar fresco y seco. Preservar de la luz solar.","ean":"8410184014113"},{"full_name":"MONTSIA arroz redondo extra paquete 1 kg","name":"arroz redondo extra paquete 1 kg","brand":"MONTSIA ","img":"https://sgfm.elcorteingles.es/SGFM/dctm/MEDIA02/CONTENIDOS/201409/18/00118005700622____1__600x600.jpg","price":"1,57 €","price_unit":"(1,57 € / Kilo)","categories":["Supermercado","Alimentación General","Arroz","Arroz grano redondo","MONTSIA arroz redondo extra paquete 1 kg"],"general_information":["Denominación del alimento: Arroz categoría extra.","País de origen: España","Nombre del operador: Càmara Arrossera del Montsià, SCCL.","Dirección del operador: Salvador Dalí, 27-29 - 43870 Amposta (Tarragona) - España.","Lugar de procedencia del alimento: Denominación de origen protegida-Arroz del Delta del Ebro","Cantidad Neta: 1 Kilogramos"],"ingredients":[" arroz"],"conservation":" Conservar en lugar fresco y seco.","ean":"8410769000036"},{"full_name":"MONTSIA arroz redondo extra I.G.P. Delta del Ebro especial paella caja 500 g","name":"arroz redondo extra I.G.P. Delta del Ebro especial paella caja 500 g","brand":"MONTSIA ","img":"https://sgfm.elcorteingles.es/SGFM/dctm/MEDIA03/201704/10/00118005701034____1__600x600.jpg","price":"0,79 €","price_unit":"(1,58 € / Kilo)","categories":["Supermercado","Alimentación General","Arroz","Arroz grano redondo","MONTSIA arroz redondo extra I.G.P. Delta del Ebro especial paella caja 500 g"],"general_information":[],"ingredients":[],"ean":"8410769002801"},{"full_name":"DACSA arroz redondo extra D.O. Valencia paquete 1 kg","name":"arroz redondo extra D.O. Valencia paquete 1 kg","brand":"DACSA ","img":"https://sgfm.elcorteingles.es/SGFM/01/63/6/0118005801636/0118005801636000g01011.jpg","price":"1,19 €","price_unit":"(1,19 € / Kilo)","categories":["Supermercado","Alimentación General","Arroz","Arroz grano redondo","DACSA arroz redondo extra D.O. Valencia paquete 1 kg"],"general_information":["Denominación del alimento: ARROZ","Nombre del operador: MAICERIAS ESPAÑOLAS ,S.A.","Dirección del operador: Ctra. de Barcelona Km. 5. 46132 Almàssera, Valencia","Cantidad Neta: 1 Kilogramos"],"ingredients":[" Arroz"],"conservation":" conservar en lugar fresco y seco, una vez abierto conservar en las mismas condiciones y cerrar bien el paquete después de cada uso","ean":"8410324223412"},{"full_name":"BRAZAL arroz redondo del Pirineo paquete 1 kg","name":"arroz redondo del Pirineo paquete 1 kg","brand":"BRAZAL ","img":"https://sgfm.elcorteingles.es/SGFM/00/50/7/0118005700507/0118005700507000g01011.jpg","price":"1,78 €","price_unit":"(1,78 € / Kilo)","categories":["Supermercado","Alimentación General","Arroz","Arroz grano redondo","BRAZAL arroz redondo del Pirineo paquete 1 kg"],"general_information":["Denominación del alimento: Arroz","Nombre del operador: Arrocera del Pirineo SCL","Dirección del operador: C/Matilde Sangüesa Castañosa, 5, local 7, 50015 Zaragoza.","Cantidad Neta: 1 Kilogramos","Otras menciones obligatorias en la etiqueta: Cultivado con agua de los Pirineos."],"ingredients":[" Arroz categoría extra, variedad maratelli."],"conservation":" Consérvese en lugar fresco y seco.","ean":"8429518001019"},{"full_name":"EMBAJADOR arroz redondo extra paquete 1 kg","name":"arroz redondo extra paquete 1 kg","brand":"EMBAJADOR ","img":"https://sgfm.elcorteingles.es/SGFM/00/73/9/0118005700739/0118005700739000g01011.jpg","price":"1,45 €","price_unit":"(1,45 € / Kilo)","categories":["Supermercado","Alimentación General","Arroz","Arroz grano redondo","EMBAJADOR arroz redondo extra paquete 1 kg"],"general_information":["Denominación del alimento: Arroz","Nombre del operador: Pascual Arnandis Martinez, SA","Dirección del operador: Ctra. Algemesí s/n 46687 Albalat de la Ribera (Valencia)","Cantidad Neta: 1000 g","Otras menciones obligatorias en la etiqueta: Tiempo de cocción aproximado 17/20 minutos y 3 minutos de reposo"],"ingredients":[" Arroz"],"conservation":" Conservar en lugar fresco y seco.","ean":"8410901101102"},{"full_name":"CARMENCITA kit para paella envase 415 g","name":"kit para paella envase 415 g","brand":"CARMENCITA ","img":"https://sgfm.elcorteingles.es/SGFM/dctm/MEDIA02/CONTENIDOS/201506/30/00118005700952____1__600x600.jpg","price":"9,03 €","price_unit":"(21,76 € / Kilo)","categories":["Supermercado","Alimentación General","Arroz","Arroz grano redondo","CARMENCITA kit para paella envase 415 g"],"general_information":["Denominación del alimento: \"Paella kit\" contiene: 1 sobre de caldo deshidratado para paella de pescado y marisco, 1 paquete de arroz y 1 botellita de aceite de oliva virgen extra.","País de origen: España","Nombre del operador: JESÚS NAVARRO, S.A.","Dirección del operador: C/ISAAC PERAL, 46 03660 NOVELDA (ALICANTE)","Cantidad Neta: 415 g"],"ingredients":[" Arroz. Aceite. Caldo deshidratado: Extracto de pescado y marisco (contiene crustáceos) (30%), sal, especias (pimentón, ajo, cúrcuma y azafrán 0,15%), tomate deshidratado y extracto de levadura."],"conservation":" Conservar en lugar fresco y seco.","ean":"8413700590894"},{"full_name":"DOÑA ANA arroz redondo extra paquete 1 kg","name":"arroz redondo extra paquete 1 kg","brand":"DOÑA ANA ","img":"https://sgfm.elcorteingles.es/SGFM/00/41/6/0118005700416/0118005700416000g01011.jpg","price":"1,35 €","price_unit":"(1,35 € / Kilo)","categories":["Supermercado","Alimentación General","Arroz","Arroz grano redondo","DOÑA ANA arroz redondo extra paquete 1 kg"],"general_information":[],"ingredients":[],"ean":"8435311100095"},{"full_name":"LA PERLA arroz J.Sendra D.O. Valencia saco 1 kg","name":"arroz J.Sendra D.O. Valencia saco 1 kg","brand":"LA PERLA ","img":"https://sgfm.elcorteingles.es/SGFM/dctm/MEDIA03/201606/24/00118005700994____1__600x600.jpg","price":"2,75 €","categories":["Supermercado","Alimentación General","Arroz","Arroz grano redondo","LA PERLA arroz J.Sendra D.O. Valencia saco 1 kg"],"general_information":[],"ingredients":[],"ean":"8412305444441"},{"full_name":"LA CAZUELA arroz redondo especial para paella envase 1 kg","name":"arroz redondo especial para paella envase 1 kg","brand":"LA CAZUELA ","img":"https://sgfm.elcorteingles.es/SGFM/dctm/MEDIA02/CONTENIDOS/201411/28/00200105700686____1__600x600.jpg","price":"1,35 €","price_unit":"(1,35 € / Kilo)","categories":["Supermercado","Alimentación General","Arroz","Arroz grano redondo","LA CAZUELA arroz redondo especial para paella envase 1 kg"],"general_information":["Denominación del alimento: ARROZ","Nombre del operador: MAICERIAS ESPAÑOLAS ,S.A.","Dirección del operador: Ctra. de Barcelona Km. 5. 46132 Almàssera, Valencia","Cantidad Neta: 1 Kilogramos"],"ingredients":[" Arroz"],"conservation":" conservar en lugar fresco y seco, una vez abierto conservar en las mismas condiciones y cerrar bien el paquete después de cada uso","ean":"8410324012115"},{"full_name":"EL AVION Kit Paella 6 raciones con arroz bolsa 500 g + AVAB aceite virgen extra blanqueta botella 250 ml + sazonador para paella con azafrán envase 3 sobres 3 g","name":"Kit Paella 6 raciones con arroz bolsa 500 g + AVAB aceite virgen extra blanqueta botella 250 ml","brand":"EL AVION ","img":"https://sgfm.elcorteingles.es/SGFM/dctm/MEDIA03/201703/24/00120945104162____1__600x600.jpg","price":"12,00 €","price_unit":"(12 € / Kilo)","categories":["Supermercado","Alimentación General","Arroz","Arroz grano redondo","EL AVION Kit Paella 6 raciones con arroz bolsa 500 g + AVAB aceite virgen extra blanqueta botella 250 ml + sazonador para paella con azafrán envase 3 sobres 3 g"],"general_information":[],"ingredients":[],"ean":"8416200156010"},{"full_name":"ALIADA arroz largo extra paquete 1 kg","name":"arroz largo extra paquete 1 kg","brand":"ALIADA ","img":"https://sgfm.elcorteingles.es/SGFM/dctm/MEDIA02/CONTENIDOS/201408/21/00118005600343____2__600x600.jpg","price":"0,76 €","price_unit":"(0,76 € / Kilo)","categories":["Supermercado","Alimentación General","Arroz","Arroz grano largo","ALIADA arroz largo extra paquete 1 kg"],"general_information":[],"ingredients":[],"ean":"8435311100408"},{"full_name":"LA CIGALA arroz largo paquete 1 kg","name":"arroz largo paquete 1 kg","brand":"LA CIGALA ","img":"https://sgfm.elcorteingles.es/SGFM/dctm/MEDIA03/201608/02/00118005600368____1__600x600.jpg","price":"1,17 €","price_unit":"(1,17 € / Kilo)","categories":["Supermercado","Alimentación General","Arroz","Arroz grano largo","LA CIGALA arroz largo paquete 1 kg"],"general_information":["Denominación del alimento: Arroz grano Largo.","Nombre del operador: Herba Ricemills. S.L.U.","Dirección del operador: C/ Real. 43 - 41920 San Juan de Aznalfarache (Sevilla)","Cantidad Neta: 1 Kilogramos"],"ingredients":[" 100% Arroz grano Largo"],"conservation":" Almacenar en lugar fresco y seco.","ean":"8410184017114"},{"full_name":"SOS arroz largo paquete 1 kg","name":"arroz largo paquete 1 kg","brand":"SOS ","img":"https://sgfm.elcorteingles.es/SGFM/dctm/MEDIA02/CONTENIDOS/201409/22/00118005600228____1__600x600.jpg","price":"1,35 €","price_unit":"(1,35 € / Kilo)","categories":["Supermercado","Alimentación General","Arroz","Arroz grano largo","SOS arroz largo paquete 1 kg"],"general_information":["Denominación del alimento: Arroz grano Largo.","Nombre del operador: Herba Ricemills. S.L.U.","Dirección del operador: C/ Real. 43 - 41920 San Juan de Aznalfarache (Sevilla)","Cantidad Neta: 1 Kilogramos"],"ingredients":[" 100% Arroz grano redondo"],"conservation":" Almacenar en lugar fresco y seco.","ean":"8410830001191"},{"full_name":"DOÑA ANA arroz largo extra paquete 1 kg","name":"arroz largo extra paquete 1 kg","brand":"DOÑA ANA ","img":"https://sgfm.elcorteingles.es/SGFM/00/17/8/0118005600178/0118005600178000g01011.jpg","price":"1,30 €","price_unit":"(1,30 € / Kilo)","categories":["Supermercado","Alimentación General","Arroz","Arroz grano largo","DOÑA ANA arroz largo extra paquete 1 kg"],"general_information":[],"ingredients":[],"ean":"8435311100033"},{"full_name":"EL CORTE INGLES arroz bomba I.G.P. delta del Ebro envase 1 kg","name":"arroz bomba I.G.P. delta del Ebro envase 1 kg","brand":"EL CORTE INGLES ","img":"https://sgfm.elcorteingles.es/SGFM/dctm/MEDIA03/201612/02/00118005700788____2__600x600.jpg","price":"3,11 €","price_unit":"(3,11 € / Kilo)","categories":["Supermercado","Alimentación General","Arroz","Arroz especialidades","EL CORTE INGLES arroz bomba I.G.P. delta del Ebro envase 1 kg"],"general_information":["Denominación del alimento: ARROZ BOMBA. CATEGORÍA EXTRA","Nombre del operador: Elaborado para \nEl Corte Inglés \npor Càmara Arrossera del Montsià,  SCCL Salvador Dalí 27-29 43870 Amposta (Tarragona)- España","Lugar de procedencia del alimento: Arroz cultivado en el Delta del Ebro (Tarragona - España)","Cantidad Neta: 1 Kilogramos","Número de raciones por envase: 12.0"],"ingredients":[],"conservation":" CONSERVAR EN LUGAR FRESCO Y SECO","ean":"8433329070546"},{"full_name":"EL CORTE INGLES arroz basmati aromático del Himalaya paquete 1 kg","name":"arroz basmati aromático del Himalaya paquete 1 kg","brand":"EL CORTE INGLES ","img":"https://sgfm.elcorteingles.es/SGFM/dctm/MEDIA03/201611/14/00118005600350____2__600x600.jpg","price":"2,10 €","price_unit":"(2,10 € / Kilo)","categories":["Supermercado","Alimentación General","Arroz","Arroz especialidades","EL CORTE INGLES arroz basmati aromático del Himalaya paquete 1 kg"],"general_information":["Denominación del alimento: Arroz basmati categoría I","Lugar de procedencia del alimento: Origen: India","Cantidad Neta: 1 Kilogramos","Número de raciones por envase: 12.0"],"ingredients":[],"conservation":" CONSERVAR EN UN LUGAR FRESCO Y SECO","ean":"8433329018821"},{"full_name":"EL CORTE INGLES arroz redondo integral paquete 1 kg","name":"arroz redondo integral paquete 1 kg","brand":"EL CORTE INGLES ","img":"https://sgfm.elcorteingles.es/SGFM/dctm/MEDIA03/201612/19/00118005801669____3__600x600.jpg","price":"1,52 €","price_unit":"(1,52 € / Kilo)","categories":["Supermercado","Alimentación General","Arroz","Arroz especialidades","EL CORTE INGLES arroz redondo integral paquete 1 kg"],"general_information":["Denominación del alimento: ARROZ CARGO","Nombre del operador: Elaborado para \nEl Corte Inglés \npor Càmara Arrossera del Montsià,  SCCL Salvador Dalí 27-29 43870 Amposta (Tarragona)- España","Lugar de procedencia del alimento: Origen: España","Cantidad Neta: 1 Kilogramos","Número de raciones por envase: 12.0"],"ingredients":[],"conservation":" CONSERVAR EN UN  LUGAR FRESCO Y SECO","ean":"8433329045445"},{"full_name":"SOS arroz especial guarniciones grano extralargo paquete 500 g","name":"arroz especial guarniciones grano extralargo paquete 500 g","brand":"SOS ","img":"https://sgfm.elcorteingles.es/SGFM/dctm/MEDIA03/201701/02/00118005600426____6__600x600.jpg","price":"1,22 €","price_unit":"(2,44 € / Kilo)","categories":["Supermercado","Alimentación General","Arroz","Arroz especialidades","SOS arroz especial guarniciones grano extralargo paquete 500 g"],"general_information":["Denominación del alimento: Arroz vaporizado extra largo","Nombre del operador: Herba Ricemills. S.L.U.","Dirección del operador: C/ Real. 43 - 41920 San Juan de Aznalfarache (Sevilla)","Cantidad Neta: 500 g"],"ingredients":[" 100% Arroz vaporizado extra largo"],"conservation":" Almacenar en lugar fresco y seco.","ean":"8410184030632"},{"full_name":"SOS arroz especial ensaladas y guarniciones paquete 500 g","name":"arroz especial ensaladas y guarniciones paquete 500 g","brand":"SOS ","img":"https://sgfm.elcorteingles.es/SGFM/00/16/0/0118005600160/0118005600160000g01011.jpg","price":"1,22 €","price_unit":"(2,44 € / Kilo)","categories":["Supermercado","Alimentación General","Arroz","Arroz especialidades","SOS arroz especial ensaladas y guarniciones paquete 500 g"],"general_information":["Denominación del alimento: Arroz largo vaporizado + largos rojos+salvaje.","Nombre del operador: Herba Ricemills. S.L.U.","Dirección del operador: C/ Real. 43 - 41920 San Juan de Aznalfarache (Sevilla)","Cantidad Neta: 500 g"],"ingredients":[" 100% mezcla de arroces. Arroz Largo vaporizado. arroz largo rojo y arroz salvaje"],"conservation":" Almacenar en lugar fresco y seco. Preservar de la luz solar.","ean":"8410184020466"},{"full_name":"SOS arroz especial caldosos y melosos paquete 500 g","name":"arroz especial caldosos y melosos paquete 500 g","brand":"SOS ","img":"https://sgfm.elcorteingles.es/SGFM/00/40/8/0118005700408/0118005700408000g01011.jpg","price":"1,22 €","price_unit":"(2,44 € / Kilo)","categories":["Supermercado","Alimentación General","Arroz","Arroz especialidades","SOS arroz especial caldosos y melosos paquete 500 g"],"general_information":["Denominación del alimento: Arroz redondo+arroz redondo vaporizado.","Nombre del operador: Herba Ricemills. S.L.U.","Dirección del operador: C/ Real. 43 - 41920 San Juan de Aznalfarache (Sevilla)","Cantidad Neta: 500 g"],"ingredients":[" 100% mezcla de arroces medios perlados blanco (60%) y medio vaporizado (40%)"],"conservation":" Almacenar en lugar fresco y seco. Preservar de la luz solar.","ean":"8410184020459"},{"full_name":"SOS arroz sos bomba reserva paquete 1 kg","name":"arroz sos bomba reserva paquete 1 kg","brand":"SOS ","img":"https://sgfm.elcorteingles.es/SGFM/dctm/MEDIA02/CONTENIDOS/201412/10/00118005700929____2__600x600.jpg","price":"4,25 €            ","price_unit":"(3,87 € / Kilo)","categories":["Supermercado","Alimentación General","Arroz","Arroz especialidades","SOS arroz sos bomba reserva paquete 1 kg"],"general_information":["Denominación del alimento: Arroz Bomba.","Nombre del operador: Herba Ricemills. S.L.U.","Dirección del operador: C/ Real. 43 - 41920 San Juan de Aznalfarache (Sevilla)","Cantidad Neta: 1 Kilogramos"],"ingredients":[" 100% Arroz redondo de la variedad Bomba"],"conservation":" Almacenar en lugar fresco y seco. Preservar de la luz solar.","ean":"8410830588678"},{"full_name":"SOS arroz especial postres paquete 500 g","name":"arroz especial postres paquete 500 g","brand":"SOS ","img":"https://sgfm.elcorteingles.es/SGFM/01/54/5/0118005801545/0118005801545000g01011.jpg","price":"1,22 €","price_unit":"(2,44 € / Kilo)","categories":["Supermercado","Alimentación General","Arroz","Arroz especialidades","SOS arroz especial postres paquete 500 g"],"general_information":["Denominación del alimento: Arroz grano Redondo.","Nombre del operador: Herba Ricemills. S.L.U.","Dirección del operador: C/ Real. 43 - 41920 San Juan de Aznalfarache (Sevilla)","Cantidad Neta: 500 g"],"ingredients":[" 100% Arroz grano Redondo"],"conservation":" Almacenar en lugar fresco y seco. Preservar de la luz solar.","ean":"8410184020442"},{"full_name":"SOS arroz integral paquete 1 kg","name":"arroz integral paquete 1 kg","brand":"SOS ","img":"https://sgfm.elcorteingles.es/SGFM/01/55/2/0118005801552/0118005801552000g01011.jpg","price":"1,63 €","price_unit":"(1,63 € / Kilo)","categories":["Supermercado","Alimentación General","Arroz","Arroz especialidades","SOS arroz integral paquete 1 kg"],"general_information":["Denominación del alimento: Arroz grano medio integral","Nombre del operador: Herba Ricemills. S.L.U.","Dirección del operador: C/ Real. 43 - 41920 San Juan de Aznalfarache (Sevilla)","Cantidad Neta: 1 Kilogramos"],"ingredients":[" 100% Arroz grano medio integral"],"conservation":" Almacenar en lugar fresco y seco. Preservar de la luz solar.","ean":"8410830001214"},{"full_name":"SOS arroz integral con quinoa + 4 cereales paquete 500 g","name":"arroz integral con quinoa + 4 cereales paquete 500 g","brand":"SOS ","img":"https://sgfm.elcorteingles.es/SGFM/dctm/MEDIA02/CONTENIDOS/201508/31/00200105801799____1__600x600.jpg","price":"1,60 €","price_unit":"(3,20 € / Kilo)","categories":["Supermercado","Alimentación General","Arroz","Arroz especialidades","SOS arroz integral con quinoa + 4 cereales paquete 500 g"],"general_information":["Denominación del alimento: Mezcla de arroz integral con cereales y quinoa","Nombre del operador: Herba Ricemills, S.L.U.","Dirección del operador: C/ Real, 43 - 41920 San Juan de Aznalfarache (Sevilla)","Cantidad Neta: 500 g"],"ingredients":[" 56% arroz d grano medio integral, 25% mezcla de cereales ( 50% trigo, 32% centeno y 18% cebada), 10% quinoa y 9% avena. Contiene gluten"],"conservation":" Almacenar en lugar fresco y seco. Preservar de la luz solar.","ean":"8410830025371"},{"full_name":"SOS arroz redondo ecológico paquete 1 kg","name":"arroz redondo ecológico paquete 1 kg","brand":"SOS ","img":"https://sgfm.elcorteingles.es/SGFM/dctm/MEDIA03/201610/27/00118006000113____1__600x600.jpg","price":"2,75 €","price_unit":"(2,75 € / Kilo)","categories":["Supermercado","Alimentación General","Arroz","Arroz especialidades","SOS arroz redondo ecológico paquete 1 kg"],"general_information":["Denominación del alimento: Arroz blanco redondo ecológico","Nombre del operador: Herba Ricemills. S.L.U.","Dirección del operador: C/ Real. 43 - 41920 San Juan de Aznalfarache (Sevilla)","Cantidad Neta: 1000 g"],"ingredients":[" 100% Arroz blanco redondo ecológico"],"conservation":" Almacenar en lugar fresco y seco.  Preservar de la luz solar.","ean":"8410184030311"},{"full_name":"VIRGEN DE LA ESPERANZA arroz D.O. Calasparra envase 1 kg","name":"arroz D.O. Calasparra envase 1 kg","brand":"VIRGEN DE LA ESPERANZA ","img":"https://sgfm.elcorteingles.es/SGFM/00/46/5/0118005700465/0118005700465000g01011.jpg","price":"2,30 €","price_unit":"(2,30 € / Kilo)","categories":["Supermercado","Alimentación General","Arroz","Arroz especialidades","VIRGEN DE LA ESPERANZA arroz D.O. Calasparra envase 1 kg"],"general_information":[],"ingredients":[],"ean":"8410983115028"},{"full_name":"LA FALLERA arroz bomba envase 1 kg","name":"arroz bomba envase 1 kg","brand":"LA FALLERA ","img":"https://sgfm.elcorteingles.es/SGFM/dctm/MEDIA02/CONTENIDOS/201601/26/00118005700721____1__600x600.jpg","price":"4,02 €","price_unit":"(4,02 € / Kilo)","categories":["Supermercado","Alimentación General","Arroz","Arroz especialidades","LA FALLERA arroz bomba envase 1 kg"],"general_information":["Denominación del alimento: Arroz blanco Bomba","Nombre del operador: Fallera Nutrición, S.L.U.","Dirección del operador: Avda. Alacant s/n - 46460 Silla Valencia","Cantidad Neta: 1200 g","Otras menciones obligatorias en la etiqueta: Categoría Extra"],"ingredients":[" 100% Arroz Bomba"],"conservation":" Conservar en lugar fresco y seco","ean":"8410084024946"},{"full_name":"FLOR DE CALASPARRA arroz D.O. Calasparra saco 1 kg","name":"arroz D.O. Calasparra saco 1 kg","brand":"FLOR DE CALASPARRA ","img":"https://sgfm.elcorteingles.es/SGFM/00/59/8/0118005700598/0118005700598000g01011.jpg","price":"3,71 €","price_unit":"(3,71 € / Kilo)","categories":["Supermercado","Alimentación General","Arroz","Arroz especialidades","FLOR DE CALASPARRA arroz D.O. Calasparra saco 1 kg"],"general_information":[],"ingredients":[],"ean":"8424079000051"},{"full_name":"FLOR DE CALASPARRA arroz bomba D.O. Calasparra saco 1 kg","name":"arroz bomba D.O. Calasparra saco 1 kg","brand":"FLOR DE CALASPARRA ","img":"https://sgfm.elcorteingles.es/SGFM/00/57/2/0118005700572/0118005700572000g01011.jpg","price":"7,00 €","price_unit":"(7 € / Kilo)","categories":["Supermercado","Alimentación General","Arroz","Arroz especialidades","FLOR DE CALASPARRA arroz bomba D.O. Calasparra saco 1 kg"],"general_information":[],"ingredients":[],"ean":"8424079000044"},{"full_name":"FLOR DE CALASPARRA arroz bomba D.O. Calasparra saco 500 g","name":"arroz bomba D.O. Calasparra saco 500 g","brand":"FLOR DE CALASPARRA ","img":"https://sgfm.elcorteingles.es/SGFM/00/56/4/0118005700564/0118005700564000g01011.jpg","price":"3,70 €","price_unit":"(7,40 € / Kilo)","categories":["Supermercado","Alimentación General","Arroz","Arroz especialidades","FLOR DE CALASPARRA arroz bomba D.O. Calasparra saco 500 g"],"general_information":[],"ingredients":[],"ean":"8424079000020"},{"full_name":"LA CIGALA arroz basmati 5 bolsitas caja 500 g","name":"arroz basmati 5 bolsitas caja 500 g","brand":"LA CIGALA ","img":"https://sgfm.elcorteingles.es/SGFM/00/24/4/0118005600244/0118005600244000g01011.jpg","price":"2,15 €","price_unit":"(4,30 € / Kilo)","categories":["Supermercado","Alimentación General","Arroz","Arroz especialidades","LA CIGALA arroz basmati 5 bolsitas caja 500 g"],"general_information":["Denominación del alimento: Arroz grano Largo.","Nombre del operador: Herba Ricemills. S.L.U.","Dirección del operador: C/ Real. 43 - 41920 San Juan de Aznalfarache (Sevilla)","Cantidad Neta: 500 g"],"ingredients":[" 100% Arroz largo Basmati"],"conservation":" Almacenar en lugar fresco y seco.","ean":"8410184138321"},{"full_name":"LA CIGALA arroz salvaje 5 bolsitas caja 500 g","name":"arroz salvaje 5 bolsitas caja 500 g","brand":"LA CIGALA ","img":"https://sgfm.elcorteingles.es/SGFM/00/57/0/0118005800570/0118005800570000g01011.jpg","price":"2,35 €","price_unit":"(4,70 € / Kilo)","categories":["Supermercado","Alimentación General","Arroz","Arroz especialidades","LA CIGALA arroz salvaje 5 bolsitas caja 500 g"],"general_information":["Denominación del alimento: Arroz largo vaporizado + Arroz salvaje.","Nombre del operador: Herba Ricemills. S.L.U.","Dirección del operador: C/ Real. 43 - 41920 San Juan de Aznalfarache (Sevilla)","Cantidad Neta: 500 g"],"ingredients":[" 75% Arroz largo vaporizado + 25% zizania palustris (arroz salvaje)"],"conservation":" Almacenar en lugar fresco y seco. Preservar de la luz solar.","ean":"8410184139328"},{"full_name":"GALLINA BLANCA risotto a la parmesana sobre 175 g","name":"risotto a la parmesana sobre 175 g","brand":"GALLINA BLANCA ","img":"https://sgfm.elcorteingles.es/SGFM/dctm/MEDIA03/201709/14/00118005500352____1__600x600.jpg","price":"1,90 €","price_unit":"(10,86 € / Kilo)","categories":["Supermercado","Alimentación General","Arroz","Arroz especialidades","GALLINA BLANCA risotto a la parmesana sobre 175 g"],"general_information":["Denominación del alimento: Rissoto a la parmesana","Nombre del operador: Gallina Blanca, S.A.","Dirección del operador: Plaza Europa 41, 08908 - Hospitalet de Llobregat (Barcelona)","Cantidad Neta: 175 g","Número de raciones por envase: 2","Otras menciones obligatorias en la etiqueta: Sin grasas hidrogenadas"],"ingredients":[" Arroz 80%. Salsa 20%: Quesos fundidos 66% (gorgonzola, parmigiano reggiano 16,1%, queso semicurado, cheddar, romano, mozzarella, solidos lacteos, sales fundentes (E-331,E-339)), lactosa, aromas (con trigo), extracto de levadura, sal, fibra vegetal, puerro, cebolla, suero de leche, especias, ajo, aceite de oliva virgen extra, salsa de soja, plantas aromáticas. Puede contener trazas de huevo, apio, pescado y crustáceos."],"conservation":" Conservar en lugar fresco y seco.","ean":"8410300552093"},{"full_name":"GALLINA BLANCA risotto con setas sobre 175 g","name":"risotto con setas sobre 175 g","brand":"GALLINA BLANCA ","img":"https://sgfm.elcorteingles.es/SGFM/dctm/MEDIA03/201709/14/00118005500360____2__600x600.jpg","price":"1,90 €","price_unit":"(10,86 € / Kilo)","categories":["Supermercado","Alimentación General","Arroz","Arroz especialidades","GALLINA BLANCA risotto con setas sobre 175 g"],"general_information":["Denominación del alimento: Rissoto con setas","Nombre del operador: Gallina Blanca, S.A.","Dirección del operador: Plaza Europa 41, 08908 - Hospitalet de Llobregat (Barcelona)","Cantidad Neta: 175 g","Número de raciones por envase: 2","Otras menciones obligatorias en la etiqueta: Sin grasas hidrogenadas"],"ingredients":[" Arroz 82%. Salsa 18%: harina de trigo, setas 22% (Boletus edulis), sal , grasa vegetal de palma, cebolla, extracto de levadura, ajo, aromas (con soja), lactosa, fibra vegetal, aceite de oliva virgen, proteínas de la leche, perejil. Puede contener trazas de huevo, apio, pescado y crustáceos."],"conservation":" Conservar en lugar fresco y seco.","ean":"8410300552086"},{"full_name":"SUNDARI arroz basmati paquete 1 kg","name":"arroz basmati paquete 1 kg","brand":"SUNDARI ","img":"https://sgfm.elcorteingles.es/SGFM/dctm/MEDIA02/CONTENIDOS/201511/11/00118005600418____1__600x600.jpg","price":"3,25 €            ","categories":["Supermercado","Alimentación General","Arroz","Arroz especialidades","SUNDARI arroz basmati paquete 1 kg"],"general_information":["Denominación del alimento: Arroz grano largo","Nombre del operador: Herba Ricemills, S.L.U.","Dirección del operador: C/ Real, 43 - 41920 San Juan de Aznalfarache (Sevilla)","Cantidad Neta: 1 Kilogramos"],"ingredients":[" Semillas de girasol (88%), sal, harina de arroz (1,5%) y fécula de patata, Puede contener: leche"],"conservation":" Conservar en lugar fresco y seco","ean":"8410184027878"},{"full_name":"SUNDARI arroz sushi paquete 500 g","name":"arroz sushi paquete 500 g","brand":"SUNDARI ","img":"https://sgfm.elcorteingles.es/SGFM/01/60/2/0118005801602/0118005801602000g01011.jpg","price":"1,75 €","price_unit":"(3,50 € / Kilo)","categories":["Supermercado","Alimentación General","Arroz","Arroz especialidades","SUNDARI arroz sushi paquete 500 g"],"general_information":["Denominación del alimento: Arroz grano Largo.","Nombre del operador: Herba Ricemills. S.L.U.","Dirección del operador: C/ Real. 43 - 41920 San Juan de Aznalfarache (Sevilla)","Cantidad Neta: 500 g"],"ingredients":[" 100% Arroz Japónica"],"conservation":" Almacenar en lugar fresco y seco.","ean":"8410184020497"},{"full_name":"SUNDARI arroz thai jasmine paquete 500 g","name":"arroz thai jasmine paquete 500 g","brand":"SUNDARI ","img":"https://sgfm.elcorteingles.es/SGFM/01/61/0/0118005801610/0118005801610000g01011.jpg","price":"1,75 €","price_unit":"(3,50 € / Kilo)","categories":["Supermercado","Alimentación General","Arroz","Arroz especialidades","SUNDARI arroz thai jasmine paquete 500 g"],"general_information":["Denominación del alimento: Arroz grano Largo.","Nombre del operador: Herba Ricemills. S.L.U.","Dirección del operador: C/ Real. 43 - 41920 San Juan de Aznalfarache (Sevilla)","Cantidad Neta: 500 g"],"ingredients":[" 100% Arroz Jazmin"],"conservation":" Almacenar en lugar fresco y seco.","ean":"8410184020503"},{"full_name":"RISO SCOTTI arroz largo risotto arborio paquete 500 g","name":"arroz largo risotto arborio paquete 500 g","brand":"RISO SCOTTI ","img":"https://sgfm.elcorteingles.es/SGFM/dctm/MEDIA02/CONTENIDOS/201410/09/00118005801784____1__600x600.jpg","price":"1,71 €            ","price_unit":"(3,36 € / Kilo)","categories":["Supermercado","Alimentación General","Arroz","Arroz especialidades","RISO SCOTTI arroz largo risotto arborio paquete 500 g"],"general_information":["Denominación del alimento: Arroz grano largo tipo \"A\"","Nombre del operador: Herba Ricemills. S.L.U.","Dirección del operador: C/ Real. 43 - 41920 San Juan de Aznalfarache (Sevilla)","Cantidad Neta: 500 g"],"ingredients":[" 100% Arroz grano largo (Tipo \"A\")"],"conservation":" Almacenar en lugar fresco y seco. Preservar de la luz solar.","ean":"8001860254222"},{"full_name":"RISO SCOTTI arroz carnaroli risotto paquete 500 g","name":"arroz carnaroli risotto paquete 500 g","brand":"RISO SCOTTI ","img":"https://sgfm.elcorteingles.es/SGFM/dctm/MEDIA03/201610/27/00118005801834____1__600x600.jpg","price":"2,30 €            ","price_unit":"(4,40 € / Kilo)","categories":["Supermercado","Alimentación General","Arroz","Arroz especialidades","RISO SCOTTI arroz carnaroli risotto paquete 500 g"],"general_information":["Denominación del alimento: Arroz tipo carnaroli","Nombre del operador: Herba Ricemills. S.L.U.","Dirección del operador: C/ Real. 43 - 41920 San Juan de Aznalfarache (Sevilla)","Cantidad Neta: 500 g"],"ingredients":[" 100% arroz carnaroli"],"conservation":" Almacenar en lugar fresco y seco.","ean":"8001860250330"},{"full_name":"LA FALLERA arroz especial caldosos y melosos paquete 1 kg","name":"arroz especial caldosos y melosos paquete 1 kg","brand":"LA FALLERA ","img":"https://sgfm.elcorteingles.es/SGFM/dctm/MEDIA03/201606/01/00200105701031____1__600x600.jpg","price":"2,45 €","categories":["Supermercado","Alimentación General","Arroz","Arroz especialidades","LA FALLERA arroz especial caldosos y melosos paquete 1 kg"],"general_information":["Denominación del alimento: Arroz especial caldosos y melosos","Nombre del operador: Fallera Nutrición, S.L.U.","Dirección del operador: Avda. Alacant s/n - 46460 Silla Valencia","Cantidad Neta: 1 Kilogramos"],"ingredients":[" Mezcla de arroces"],"conservation":" Conservar en lugar fresco y seco","ean":"8410084028432"},{"full_name":"UNCLE BEN'S arroz para ensaladas y guarnición envase 250 g","name":"arroz para ensaladas y guarnición envase 250 g","brand":"UNCLE BEN'S ","img":"https://sgfm.elcorteingles.es/SGFM/dctm/MEDIA02/CONTENIDOS/201410/01/00118005600384____1__600x600.jpg","price":"2,40 €","price_unit":"(9,60 € / Kilo)","categories":["Supermercado","Alimentación General","Arroz","Arroz especialidades","UNCLE BEN'S arroz para ensaladas y guarnición envase 250 g"],"general_information":[],"ingredients":[],"ean":"5010034517004"},{"full_name":"ALTERNATIVA 3 arroz basmati ecológico de comercio justo paquete 500 g","name":"arroz basmati ecológico de comercio justo paquete 500 g","brand":"ALTERNATIVA 3 ","img":"https://sgfm.elcorteingles.es/SGFM/00/03/0/0118006000030/0118006000030000g01011.jpg","price":"4,50 €","price_unit":"(9 € / Kilo)","categories":["Supermercado","Alimentación General","Arroz","Arroz especialidades","ALTERNATIVA 3 arroz basmati ecológico de comercio justo paquete 500 g"],"general_information":["Denominación del alimento: Arroz basmati","País de origen: India","Nombre del operador: Alternativa 3, S.C.C.L.","Dirección del operador: Ctra. Castellar, 526, 08227 Terrassa, Barcelona","Cantidad Neta: 500 g","Otras menciones obligatorias en la etiqueta: Comercio justo. Ecológico. Arroz de grano largo y fino, blanco. De profundo y característico aroma, queda muy suelto tras su cocción. Esta variedad de arroz se cultiva en las laderas del Himalaya."],"ingredients":[" Arroz de la variedad basmati. Puede contener gluten."],"conservation":" Conservar en lugar fresco y seco","ean":"8435030572258"},{"full_name":"MONTSIA arroz bomba alta cocina caja 1 kg","name":"arroz bomba alta cocina caja 1 kg","brand":"MONTSIA ","img":"https://sgfm.elcorteingles.es/SGFM/00/85/3/0118005700853/0118005700853000g01011.jpg","price":"4,50 €","categories":["Supermercado","Alimentación General","Arroz","Arroz especialidades","MONTSIA arroz bomba alta cocina caja 1 kg"],"general_information":["Denominación del alimento: Arroz bomba categoría extra","País de origen: España","Nombre del operador: Càmara Arrossera del Montsià, SCCL.","Dirección del operador: Salvador Dalí, 27-29 - 43870 Amposta (Tarragona) - España.","Lugar de procedencia del alimento: Denominación de origen protegida-Arroz del Delta del Ebro","Cantidad Neta: 1 Kilogramos"],"ingredients":[" arroz bomba"],"conservation":" Conservar en lugar fresco y seco.","ean":"8410769002733"},{"full_name":"MONTSIA arroz bomba extra I.G.P Delta del Ebro saco 500 g","name":"arroz bomba extra I.G.P Delta del Ebro saco 500 g","brand":"MONTSIA ","img":"https://sgfm.elcorteingles.es/SGFM/dctm/MEDIA03/201704/10/00118005701042____1__600x600.jpg","price":"3,29 €","price_unit":"(6,58 € / Kilo)","categories":["Supermercado","Alimentación General","Arroz","Arroz especialidades","MONTSIA arroz bomba extra I.G.P Delta del Ebro saco 500 g"],"general_information":[],"ingredients":[],"ean":"8410769001682"},{"full_name":"SANTO TOMAS arroz bomba saco 2 kg","name":"arroz bomba saco 2 kg","brand":"SANTO TOMAS ","img":"https://sgfm.elcorteingles.es/SGFM/00/51/5/0118005700515/0118005700515000g01011.jpg","price":"8,80 €","price_unit":"(4,40 € / Kilo)","categories":["Supermercado","Alimentación General","Arroz","Arroz especialidades","SANTO TOMAS arroz bomba saco 2 kg"],"general_information":["Denominación del alimento: Arroz","País de origen: España","Nombre del operador: ARROCERIAS ANTONIO TOMAS SL","Dirección del operador: Calle Albufera, 3 , Sollana  (46430), Valencia , España","Lugar de procedencia del alimento: Parque Natural Albufera","Cantidad Neta: 2 Kilogramos"],"ingredients":[" ARROZ BOMBA EXTRA (100%)"],"ean":"8410657100077"},{"full_name":"GALLO risotto pronto a los cuatro quesos para preparar em 12 minutos envase 175 g","name":"risotto pronto a los cuatro quesos para preparar em 12 minutos envase 175 g","brand":"GALLO ","img":"https://sgfm.elcorteingles.es/SGFM/dctm/MEDIA03/201706/09/00118005500659____1__600x600.jpg","price":"2,05 €","categories":["Supermercado","Alimentación General","Arroz","Arroz especialidades","GALLO risotto pronto a los cuatro quesos para preparar em 12 minutos envase 175 g"],"general_information":["Denominación del alimento: Risotto preparado a los 4 quesos","Nombre del operador: Riso Gallo Ibérica S.L.","Dirección del operador: Viale R. Preve, 4  27038 Robbio (PV) ITALIA","Cantidad Neta: 175 g","Número de raciones por envase: 2"],"ingredients":[" Arroz parboiled, quesos fundidos 5,9% (Camembert, Pecorino, Emmenthal, Cheddar), aromas (contiene leche),fécula de patata, sal de cocina, maltodextrina, almidón de arroz, cebolla, azúcar, extracto de levadura"],"conservation":" Envasado en atmósfera protegida. Conservar en un lugar fresco y seco.","ean":"8001420006728"},{"full_name":"GALLO risotto pronto con setas para preparar en 12 minutos envase 175 g","name":"risotto pronto con setas para preparar en 12 minutos envase 175 g","brand":"GALLO ","img":"https://sgfm.elcorteingles.es/SGFM/dctm/MEDIA03/201706/09/00118005500667____1__600x600.jpg","price":"2,05 €","categories":["Supermercado","Alimentación General","Arroz","Arroz especialidades","GALLO risotto pronto con setas para preparar en 12 minutos envase 175 g"],"general_information":["Denominación del alimento: Risotto preparado con setas porcini","Nombre del operador: Riso Gallo Ibérica S.L.","Dirección del operador: Viale R. Preve, 4  27038 Robbio (PV) ITALIA","Cantidad Neta: 175 g","Número de raciones por envase: 2"],"ingredients":[" Arroz parboiled, setas porcini (Boletus Edulis y otros Boletus) 2,5%, aromas (contiene leche), sal de cocina, fécula de patata, proteínas de la leche, cebolla, maltodextrina, extracto de levadura, azúcar, queso fundido, perejil 0,13%, ajo."],"conservation":" Envasado en atmósfera protegida. Conservar en un lugar fresco y seco.","ean":"8001420006742"},{"full_name":"GALLO risotto pronto con calabacín, espinaca y quinoa roja para preparar en 12 minutos envase 175 g","name":"risotto pronto con calabacín, espinaca y quinoa roja para preparar en 12 minutos envase 175 g","brand":"GALLO ","img":"https://sgfm.elcorteingles.es/SGFM/dctm/MEDIA03/201706/09/00118005500675____1__600x600.jpg","price":"2,35 €","categories":["Supermercado","Alimentación General","Arroz","Arroz especialidades","GALLO risotto pronto con calabacín, espinaca y quinoa roja para preparar en 12 minutos envase 175 g"],"general_information":["Denominación del alimento: Risotto preparado con calabacin, espinaca y quinoa roja","Nombre del operador: Riso Gallo Ibérica S.L.","Dirección del operador: Viale R. Preve, 4  27038 Robbio (PV) ITALIA","Cantidad Neta: 175 g","Número de raciones por envase: 2"],"ingredients":[" Arroz vaporizado, puré de calabacin 20%, purè de espinaca 10%, quinoa roja 5% , caldo granulado ( sal de cocina, fecula y maltodextrina de patatas, extracto de levadura, extracto de verduras, aceite de girasol, extractos de hierbas) extracto de levadura, sal de cocina, perejil."],"conservation":" Envasado en atmósfera protegida. Conservar en un lugar fresco y seco.","ean":"8001420009644"},{"full_name":"GALLO risotto pronto con pollo y champiñón envase 200 g","name":"risotto pronto con pollo y champiñón envase 200 g","brand":"GALLO ","img":"https://sgfm.elcorteingles.es/SGFM/dctm/MEDIA03/201706/09/00118005500683____1__600x600.jpg","price":"2,95 €","categories":["Supermercado","Alimentación General","Arroz","Arroz especialidades","GALLO risotto pronto con pollo y champiñón envase 200 g"],"general_information":[],"ingredients":[],"ean":"8001420008227"},{"full_name":"INTERMON OXFAM arroz Hom Mali aromático ecológico de comercio justo paquete 1 kg","name":"arroz Hom Mali aromático ecológico de comercio justo paquete 1 kg","brand":"INTERMON OXFAM ","img":"https://sgfm.elcorteingles.es/SGFM/01/34/7/0118005801347/0118005801347000g01011.jpg","price":"4,75 €","price_unit":"(4,75 € / Kilo)","categories":["Supermercado","Alimentación General","Arroz","Arroz especialidades","INTERMON OXFAM arroz Hom Mali aromático ecológico de comercio justo paquete 1 kg"],"general_information":["Denominación del alimento: Arroz Hom Mali Bio.","País de origen: España","Nombre del operador: Oxfam Intermón.","Dirección del operador: C/ Louis Pasteur 1, Parque tecnológico 46980 Paterna (Valencia).","Cantidad Neta: 500 g"],"ingredients":[" Arroz+*. \n\n*Ingrediente\nprocedente de comercio justo. \n\n+ Ingrediente\nprocedente de agricultura ecológica."],"conservation":" Conservar en lugar fresco y seco.","ean":"8437001415908"},{"full_name":"BRAZAL arroz especial variedad guadiamar cultivado con agua de los Pirineos paquete 1 kg","name":"arroz especial variedad guadiamar cultivado con agua de los Pirineos paquete 1 kg","brand":"BRAZAL ","img":"https://sgfm.elcorteingles.es/SGFM/dctm/MEDIA03/201705/31/00118005600434____1__600x600.jpg","price":"1,55 €","price_unit":"(1,55 € / Kilo)","categories":["Supermercado","Alimentación General","Arroz","Arroz especialidades","BRAZAL arroz especial variedad guadiamar cultivado con agua de los Pirineos paquete 1 kg"],"general_information":["Denominación del alimento: Arroz","Nombre del operador: Arrocera del Pirineo SCL","Dirección del operador: C/Matilde Sangüesa Castañosa, 5, local 7, 50015 Zaragoza.","Cantidad Neta: 1 Kilogramos","Otras menciones obligatorias en la etiqueta: Cultivado con agua de los Pirineos. Guarniciones, arroces blancos, sushi y paellas."],"ingredients":[" Arroz categoría extra, variedad guadiamar."],"conservation":" Consérvese en lugar fresco y seco.","ean":"8429518001033"},{"full_name":"ILLA DE BUDA arroz bomba paquete 1 kg","name":"arroz bomba paquete 1 kg","brand":"ILLA DE BUDA ","img":"https://sgfm.elcorteingles.es/SGFM/dctm/MEDIA03/201704/20/00118005701083____1__600x600.jpg","price":"4,10 €","categories":["Supermercado","Alimentación General","Arroz","Arroz especialidades","ILLA DE BUDA arroz bomba paquete 1 kg"],"general_information":[],"ingredients":[],"ean":"8437016561010"},{"full_name":"BRILLANTE arroz redondo tradicional cocido para guarnición pack 2 envase 125 g","name":"arroz redondo tradicional cocido para guarnición pack 2 envase 125 g","brand":"BRILLANTE ","img":"https://sgfm.elcorteingles.es/SGFM/dctm/MEDIA03/201608/04/00118005500345____2__600x600.jpg","price":"1,16 €","price_unit":"(4,64 € / Kilo)","categories":["Supermercado","Alimentación General","Arroz","Arroz cocido","BRILLANTE arroz redondo tradicional cocido para guarnición pack 2 envase 125 g"],"general_information":["Denominación del alimento: Arroz redondo procesado.","Nombre del operador: Herba Ricemills. S.L.U.","Dirección del operador: C/ Real. 43 - 41920 San Juan de Aznalfarache (Sevilla)","Cantidad Neta: 250 g"],"ingredients":[" Arroz redondo (arroz cocido 97%). agua. aceite de girasol. sal. lecitina de soja.Contiene soja y derivados."],"conservation":" Conservar a temperatura ambiente en lugar fresco y seco.","ean":"8410184013086"},{"full_name":"BRILLANTE arroz cocido largo formato xl pack 2 envases 200 g","name":"arroz cocido largo formato xl pack 2 envases 200 g","brand":"BRILLANTE ","img":"https://sgfm.elcorteingles.es/SGFM/00/45/8/0200105500458/0200105500458000g01011.jpg","price":"1,95 €","price_unit":"(4,88 € / Kilo)","categories":["Supermercado","Alimentación General","Arroz","Arroz cocido","BRILLANTE arroz cocido largo formato xl pack 2 envases 200 g"],"general_information":["Denominación del alimento: Arroz Largo Vaporizado procesado.","Nombre del operador: Herba Ricemills. S.L.U.","Dirección del operador: C/ Real. 43 - 41920 San Juan de Aznalfarache (Sevilla)","Cantidad Neta: 400 g"],"ingredients":[" Arroz largo vaporizado ( arroz cocido 97%). agua. aceite de girasol. sal. emulgente: lecitina de soja.Contiene soja y derivados."],"conservation":" Conservar a temperatura ambiente en lugar fresco y seco.","ean":"8410184019781"},{"full_name":"BRILLANTE arroz basmati cocido aromático del Himalaya para guarnición pack 2 envases 125 g","name":"arroz basmati cocido aromático del Himalaya para guarnición pack 2 envases 125 g","brand":"BRILLANTE ","img":"https://sgfm.elcorteingles.es/SGFM/dctm/MEDIA03/201608/04/00118005500253____1__600x600.jpg","price":"1,25 €","price_unit":"(5 € / Kilo)","categories":["Supermercado","Alimentación General","Arroz","Arroz cocido","BRILLANTE arroz basmati cocido aromático del Himalaya para guarnición pack 2 envases 125 g"],"general_information":["Denominación del alimento: Arroz Basmati procesado.","Nombre del operador: Herba Ricemills. S.L.U.","Dirección del operador: C/ Real. 43 - 41920 San Juan de Aznalfarache (Sevilla)","Cantidad Neta: 250 g"],"ingredients":[" Arroz basmati (arroz cocido 97%). agua aceite de girasol. sal. lecitina de soja.Contiene soja y derivados."],"conservation":" Conservar a temperatura ambiente en lugar fresco y seco.","ean":"8410184800068"},{"full_name":"BRILLANTE arroz integral cocido para guarnición pack 2 envases 125 g","name":"arroz integral cocido para guarnición pack 2 envases 125 g","brand":"BRILLANTE ","img":"https://sgfm.elcorteingles.es/SGFM/dctm/MEDIA03/201608/04/00118005500287____2__600x600.jpg","price":"1,16 €","price_unit":"(4,64 € / Kilo)","categories":["Supermercado","Alimentación General","Arroz","Arroz cocido","BRILLANTE arroz integral cocido para guarnición pack 2 envases 125 g"],"general_information":["Denominación del alimento: Arroz Integral procesado.","Nombre del operador: Herba Ricemills. S.L.U.","Dirección del operador: C/ Real. 43 - 41920 San Juan de Aznalfarache (Sevilla)","Cantidad Neta: 250 g"],"ingredients":[" Agua. arroz Integral (arroz cocido 97%). aceite de girasol (1.8%). sal.lecitina de soja. Contiene soja y derivados."],"conservation":" Conservar a temperatura ambiente en lugar fresco y seco.","ean":"8410184800150"},{"full_name":"BRILLANTE arroz cocido integral con soja pack 2 envases 125 g","name":"arroz cocido integral con soja pack 2 envases 125 g","brand":"BRILLANTE ","img":"https://sgfm.elcorteingles.es/SGFM/dctm/MEDIA03/201610/27/00118005500584____1__600x600.jpg","price":"1,56 €","categories":["Supermercado","Alimentación General","Arroz","Arroz cocido","BRILLANTE arroz cocido integral con soja pack 2 envases 125 g"],"general_information":["Denominación del alimento: Arroz integral con soja","Nombre del operador: Herba Ricemills. S.L.U.","Dirección del operador: C/ Real. 43 - 41920 San Juan de Aznalfarache (Sevilla)","Cantidad Neta: 250 g"],"ingredients":[" Agua, arroz integral de grano largo (40%), soja tostada (7,5%), aceite de girasol, sal, emulgente: lecitina de girasol."],"conservation":" Conservar a temperatura ambiente en lugar fresco y seco.","ean":"8410184030731"},{"full_name":"BRILLANTE arroz cantonés cocido tres delicias para guarnición pack 2 envases 250 g","name":"arroz cantonés cocido tres delicias para guarnición pack 2 envases 250 g","brand":"BRILLANTE ","img":"https://sgfm.elcorteingles.es/SGFM/dctm/MEDIA03/201608/04/00118005500329____1__600x600.jpg","price":"2,45 €","price_unit":"(9,80 € / Kilo)","categories":["Supermercado","Alimentación General","Arroz","Arroz cocido","BRILLANTE arroz cantonés cocido tres delicias para guarnición pack 2 envases 250 g"],"general_information":["Denominación del alimento: Arroz Basmati procesado.","Nombre del operador: Herba Ricemills. S.L.U.","Dirección del operador: C/ Real. 43 - 41920 San Juan de Aznalfarache (Sevilla)","Cantidad Neta: 250 g"],"ingredients":[" Arroz basmati 40%. agua. pollo 12%. tortilla 7%. (huevo entero. harina de arroz. sal. acidulante E330). guisantes. zanahorias. aceite de girasol. sal. aroma \"contiene apio\". jenjibre. Contiene huevo y apio."],"conservation":" Conservar a temperatura ambiente en lugar fresco y seco.","ean":"8410184800099"},{"full_name":"BRILLANTE arroz al curry cocido para guarnición pack 2 envases 125 g","name":"arroz al curry cocido para guarnición pack 2 envases 125 g","brand":"BRILLANTE ","img":"https://sgfm.elcorteingles.es/SGFM/dctm/MEDIA03/201608/04/00118005500261____1__600x600.jpg","price":"1,72 €","price_unit":"(6,88 € / Kilo)","categories":["Supermercado","Alimentación General","Arroz","Arroz cocido","BRILLANTE arroz al curry cocido para guarnición pack 2 envases 125 g"],"general_information":["Denominación del alimento: Arroz Basmati procesado.","Nombre del operador: Herba Ricemills. S.L.U.","Dirección del operador: C/ Real. 43 - 41920 San Juan de Aznalfarache (Sevilla)","Cantidad Neta: 250 g"],"ingredients":[" Arroz basmati (arroz cocido 94%). agua. aceite de girasol.curry (mezcla de especias) 1.2%. sal"],"conservation":" Conservar a temperatura ambiente en lugar fresco y seco.","ean":"8410184800082"},{"full_name":"BRILLANTE arroz basmati salvaje cocido para guarnición pack 2 envases 125 g","name":"arroz basmati salvaje cocido para guarnición pack 2 envases 125 g","brand":"BRILLANTE ","img":"https://sgfm.elcorteingles.es/SGFM/dctm/MEDIA03/201608/04/00118005500279____1__600x600.jpg","price":"1,72 €","price_unit":"(6,88 € / Kilo)","categories":["Supermercado","Alimentación General","Arroz","Arroz cocido","BRILLANTE arroz basmati salvaje cocido para guarnición pack 2 envases 125 g"],"general_information":["Denominación del alimento: Arroz salvaje con arroz basmati procesado.","Nombre del operador: Herba Ricemills. S.L.U.","Dirección del operador: C/ Real. 43 - 41920 San Juan de Aznalfarache (Sevilla)","Cantidad Neta: 250 g"],"ingredients":[" Arroz basmati (arroz cocido 89%) Arroz Salvaje (cocido 8%). agua. aceite de girasol.sal"],"conservation":" Conservar a temperatura ambiente en lugar fresco y seco.","ean":"8410184800143"},{"full_name":"BRILLANTE arroz integral con quinoa pack 2 envases 125 g","name":"arroz integral con quinoa pack 2 envases 125 g","brand":"BRILLANTE ","img":"https://sgfm.elcorteingles.es/SGFM/dctm/MEDIA02/CONTENIDOS/201507/15/00118005500501____1__600x600.jpg","price":"1,53 €","price_unit":"(6,12 € / Kilo)","categories":["Supermercado","Alimentación General","Arroz","Arroz cocido","BRILLANTE arroz integral con quinoa pack 2 envases 125 g"],"general_information":["Denominación del alimento: Arroz multigrano + quinoa procesado.","Nombre del operador: Herba Ricemills. S.L.U.","Dirección del operador: C/ Real. 43 - 41920 San Juan de Aznalfarache (Sevilla)","Cantidad Neta: 250 g"],"ingredients":[" Agua. multigrano (trigo. centeno. avena. cebada) 24%. arroz integral 17%. quinoa 4%. aceite de girasol. emulgente: lecitina de soja.sal.Contiene gluten. soja y derivados."],"conservation":" Conservar a temperatura ambiente en lugar fresco y seco.","ean":"8410184023931"},{"full_name":"BRILLANTE arroz redondo tradicional cocido formato xl pack 2 envases 200 g","name":"arroz redondo tradicional cocido formato xl pack 2 envases 200 g","brand":"BRILLANTE ","img":"https://sgfm.elcorteingles.es/SGFM/00/44/1/0200105500441/0200105500441000g01011.jpg","price":"1,95 €","price_unit":"(4,88 € / Kilo)","categories":["Supermercado","Alimentación General","Arroz","Arroz cocido","BRILLANTE arroz redondo tradicional cocido formato xl pack 2 envases 200 g"],"general_information":["Denominación del alimento: Arroz redondo tradicional procesado.","Nombre del operador: Herba Ricemills. S.L.U.","Dirección del operador: C/ Real. 43 - 41920 San Juan de Aznalfarache (Sevilla)","Cantidad Neta: 400 g"],"ingredients":[" Arroz redondo (arroz cocido 97%). agua. aceite de girasol. sal. lecitina de soja.Contiene soja y derivados."],"conservation":" Conservar a temperatura ambiente en lugar fresco y seco.","ean":"8410184019774"},{"full_name":"BRILLANTE arroz cocido sabor lima y albahaca pack envases 125 g","name":"arroz cocido sabor lima y albahaca pack envases 125 g","brand":"BRILLANTE ","img":"https://sgfm.elcorteingles.es/SGFM/dctm/MEDIA03/201605/04/00200105500573____1__600x600.jpg","price":"1,53 €","categories":["Supermercado","Alimentación General","Arroz","Arroz cocido","BRILLANTE arroz cocido sabor lima y albahaca pack envases 125 g"],"general_information":["Denominación del alimento: Arroz sabor lima albahaca","Nombre del operador: Herba Ricemills, S.L.U.","Dirección del operador: C/ Real, 43 - 41920 San Juan de Aznalfarache (Sevilla)","Cantidad Neta: 250 g"],"ingredients":[" Agua. arroz vaporizado de grano largo. nata. estabilizante E-407). sal. aceite de oliva virgen. aromas naturales. emulgente: lecitina de soja"],"conservation":" Conservar a temperatura ambiente en lugar fresco y seco.","ean":"8410184028714"},{"full_name":"BRILLANTE quinoa blanca y roja pack 2 envase 125 g","name":"quinoa blanca y roja pack 2 envase 125 g","brand":"BRILLANTE ","img":"https://sgfm.elcorteingles.es/SGFM/dctm/MEDIA03/201605/04/00200105500581____1__600x600.jpg","price":"1,47 €            ","price_unit":"(5,40 € / Kilo)","categories":["Supermercado","Alimentación General","Arroz","Arroz cocido","BRILLANTE quinoa blanca y roja pack 2 envase 125 g"],"general_information":["Denominación del alimento: Quinoa blanca y roja","Nombre del operador: Herba Ricemills. S.L.U.","Dirección del operador: C/ Real. 43 - 41920 San Juan de Aznalfarache (Sevilla)","Cantidad Neta: 250 g"],"ingredients":[" Agua. quinoa blanca (35%). quinoa roja (3%). aceite de oliva. sal. emulgente: lecitina de soja"],"conservation":" Almacenar en lugar fresco y seco.","ean":"8410184030137"},{"full_name":"EL CORTE INGLES arroz vaporizado paquete 1 kg","name":"arroz vaporizado paquete 1 kg","brand":"EL CORTE INGLES ","img":"https://sgfm.elcorteingles.es/SGFM/dctm/MEDIA03/201608/17/00118005700606____2__600x600.jpg","price":"1,15 €","price_unit":"(1,15 € / Kilo)","categories":["Supermercado","Alimentación General","Arroz","Arroz vaporizado","EL CORTE INGLES arroz vaporizado paquete 1 kg"],"general_information":["Denominación del alimento: Arroz vaporizado categoría I","Nombre del operador: Elaborado para \nEl Corte Inglés \npor Càmara Arrossera del Montsià,  SCCL Salvador Dalí 27-29 43870 Amposta (Tarragona)- España","Cantidad Neta: 1 Kilogramos","Número de raciones por envase: 12.0"],"ingredients":[],"conservation":" CONSERVAR EN UN LUGAR FRESCO Y SECO","ean":"8433329012898"},{"full_name":"BRILLANTE arroz vaporizado paquete 2 kg","name":"arroz vaporizado paquete 2 kg","brand":"BRILLANTE ","img":"https://sgfm.elcorteingles.es/SGFM/dctm/MEDIA03/201705/31/00118005701091____1__600x600.jpg","price":"3,15 €","price_unit":"(1,58 € / Kilo)","categories":["Supermercado","Alimentación General","Arroz","Arroz vaporizado","BRILLANTE arroz vaporizado paquete 2 kg"],"general_information":["Denominación del alimento: Arroz grano Largo.","Nombre del operador: Herba Ricemills. S.L.U.","Dirección del operador: C/ Real. 43 - 41920 San Juan de Aznalfarache (Sevilla)","Cantidad Neta: 2 Kilogramos"],"ingredients":[" 100% Arroz grano Largo"],"conservation":" Almacenar en lugar fresco y seco.","ean":"8410184020213"},{"full_name":"BRILLANTE arroz vaporizado caja 1 kg","name":"arroz vaporizado caja 1 kg","brand":"BRILLANTE ","img":"https://sgfm.elcorteingles.es/SGFM/00/45/7/0118005700457/0118005700457000g01011.jpg","price":"1,59 €","price_unit":"(1,59 € / Kilo)","categories":["Supermercado","Alimentación General","Arroz","Arroz vaporizado","BRILLANTE arroz vaporizado caja 1 kg"],"general_information":[],"ingredients":[],"ean":"8410184027960"},{"full_name":"BRILLANTE arroz vaporizado caja 500 g","name":"arroz vaporizado caja 500 g","brand":"BRILLANTE ","img":"https://sgfm.elcorteingles.es/SGFM/dctm/MEDIA03/201706/15/00118005700697____1__600x600.jpg","price":"0,80 €","price_unit":"(1,60 € / Kilo)","categories":["Supermercado","Alimentación General","Arroz","Arroz vaporizado","BRILLANTE arroz vaporizado caja 500 g"],"general_information":["Denominación del alimento: Arroz grano Largo.","Nombre del operador: Herba Ricemills. S.L.U.","Dirección del operador: C/ Real. 43 - 41920 San Juan de Aznalfarache (Sevilla)","Cantidad Neta: 500 g"],"ingredients":[" 100% Arroz grano Largo"],"conservation":" Almacenar en lugar fresco y seco.","ean":"8410184077217"},{"full_name":"UNCLE BEN'S arroz largo vaporizado caja 1 kg","name":"arroz largo vaporizado caja 1 kg","brand":"UNCLE BEN'S ","img":"https://sgfm.elcorteingles.es/SGFM/00/64/8/0118005700648/0118005700648000g01011.jpg","price":"3,35 €","price_unit":"(3,35 € / Kilo)","categories":["Supermercado","Alimentación General","Arroz","Arroz vaporizado","UNCLE BEN'S arroz largo vaporizado caja 1 kg"],"general_information":[],"ingredients":[],"ean":"5410673004208"}]