[{"full_name":"EL CORTE INGLES azúcar blanco en sobres envase 280 g","name":"azúcar blanco en sobres envase 280 g","brand":"EL CORTE INGLES ","img":"https://sgfm.elcorteingles.es/SGFM/dctm/MEDIA03/201703/28/00120930500192____2__600x600.jpg","price":"1,16 €","price_unit":"(4,14 € / Kilo)","categories":["Supermercado","Alimentación General","Azúcar y edulcorantes","Azúcar","EL CORTE INGLES azúcar blanco en sobres envase 280 g"],"general_information":["Denominación del alimento: AZÚCAR","Nombre del operador: Envasado para El Corte Inglés por\nCortés Bartolomé, S.L. \nCtra. Villabánez, Km. 1.47012\nValladolid. España","Cantidad Neta: 280 g"],"ingredients":[],"conservation":" Mantener en lugar fresco y seco","ean":"8433329054706"},{"full_name":"SPECIAL LINE azúcar moreno integral de caña bolsa 1 kg","name":"azúcar moreno integral de caña bolsa 1 kg","brand":"SPECIAL LINE ","img":"https://sgfm.elcorteingles.es/SGFM/dctm/MEDIA03/201603/04/00120733500050____1__600x600.jpg","price":"4,69 €","price_unit":"(4,69 € / Kilo)","categories":["Supermercado","Alimentación General","Azúcar y edulcorantes","Azúcar","SPECIAL LINE azúcar moreno integral de caña bolsa 1 kg"],"general_information":["Denominación del alimento: AZÚCAR MORENO INTEGRAL DE CAÑA","Nombre del operador: Elaborado para el Grupo El Corte Ingles \nHermosilla, 112 \n28009 Madrid - España \npor CIF: A28648053","Cantidad Neta: 1 Kilogramos","Número de raciones por envase: 200"],"ingredients":[],"conservation":" Conservar en ambiente fresco y seco. Una vez abierto mantenga el envase bien cerrado.","ean":"8433329031653"},{"full_name":"SPECIAL LINE xilitol azúcar de abedul edulcorante light bote 500 g","name":"xilitol azúcar de abedul edulcorante light bote 500 g","brand":"SPECIAL LINE ","img":"https://sgfm.elcorteingles.es/SGFM/dctm/MEDIA03/201612/02/00120733300238____1__600x600.jpg","price":"8,60 €","price_unit":"(17,20 € / Kilo)","categories":["Supermercado","Alimentación General","Azúcar y edulcorantes","Azúcar","SPECIAL LINE xilitol azúcar de abedul edulcorante light bote 500 g"],"general_information":["Denominación del alimento: Edulcorante de mesa a base de Xilitol (azúcar de abedul).","Nombre del operador: Distribuido para el Grupo El Corte Inglés\nHermosilla, 112 ? 28009 Madrid\nEspaña por NIF: B-30531552.","Cantidad Neta: 500 g"],"ingredients":[" Ingredientes: Xilitol (azúcar de abedul)(100%). Puede contener trazas de frutos de cáscara, granos de sésamo y soja."],"conservation":" Conservar en lugar fresco y seco.","ean":"8433329074230"},{"full_name":"SANTIVERI azúcar moreno integral bolsa 1 kg","name":"azúcar moreno integral bolsa 1 kg","brand":"SANTIVERI ","img":"https://sgfm.elcorteingles.es/SGFM/00/02/7/0120733500027/0120733500027000g01011.jpg","price":"5,15 €","categories":["Supermercado","Alimentación General","Azúcar y edulcorantes","Azúcar","SANTIVERI azúcar moreno integral bolsa 1 kg"],"general_information":["Denominación del alimento: AZUCAR MORENO DE CAÑA INTEGRAL","Nombre del operador: CASA SANTIVERI S.L.","Dirección del operador: ENCUNY 8, 08038 BARCELONA","Cantidad Neta: 1000 g"],"ingredients":[" azucar de caña integral"],"ean":"8412170005761"},{"full_name":"AZUCARERA azúcar blanco bolsa 1,5 kg","name":"azúcar blanco bolsa 1,5 kg","brand":"AZUCARERA ","img":"https://sgfm.elcorteingles.es/SGFM/dctm/MEDIA02/CONTENIDOS/201601/15/00200430500397____1__600x600.jpg","price":"1,00 €","price_unit":"(0,67 € / Kilo)","categories":["Supermercado","Alimentación General","Azúcar y edulcorantes","Azúcar","AZUCARERA azúcar blanco bolsa 1,5 kg"],"general_information":["Denominación del alimento: Azúcar Blanco","País de origen: España","Nombre del operador: Nueva comercial Azucarera S.L.","Dirección del operador: Avenida de Manoteras,46 28050 Madrid","Cantidad Neta: 1.5 Kilogramos"],"ingredients":[" Azucar"],"conservation":" Conservese en lugar fresco y seco","ean":"8410714107544"},{"full_name":"AZUCARERA Life azúcar con stevia envase 500 g","name":"Life azúcar con stevia envase 500 g","brand":"AZUCARERA ","img":"https://sgfm.elcorteingles.es/SGFM/dctm/MEDIA03/201606/22/00120930500333____1__600x600.jpg","price":"2,45 €","price_unit":"(4,90 € / Kilo)","categories":["Supermercado","Alimentación General","Azúcar y edulcorantes","Azúcar","AZUCARERA Life azúcar con stevia envase 500 g"],"general_information":["Denominación del alimento: Azúcar + Edulcorante de mesa a base de glicósidos de esteviol","País de origen: España","Nombre del operador: Nueva comercial Azucarera S.L.","Dirección del operador: Avenida de Manoteras,46 28050 Madrid","Cantidad Neta: 500 g"],"ingredients":[" Azucar"],"conservation":" Conservese en lugar fresco y seco","ean":"8410714107803"},{"full_name":"AZUCARERA azúcar blanco paquete 1 kg","name":"azúcar blanco paquete 1 kg","brand":"AZUCARERA ","img":"https://sgfm.elcorteingles.es/SGFM/00/04/4/0120930500044/0120930500044000g01011.jpg","price":"0,69 €","price_unit":"(0,69 € / Kilo)","categories":["Supermercado","Alimentación General","Azúcar y edulcorantes","Azúcar","AZUCARERA azúcar blanco paquete 1 kg"],"general_information":["Denominación del alimento: Azúcar Blanco","País de origen: España","Nombre del operador: Nueva comercial Azucarera S.L.","Dirección del operador: Avenida de Manoteras,46 28050 Madrid","Cantidad Neta: 1 Kilogramos"],"ingredients":[" Azucar"],"conservation":" Conservese en lugar fresco y seco","ean":"8410714102129"},{"full_name":"AZUCARERA azúcar blanco en terrones envase 1 kg","name":"azúcar blanco en terrones envase 1 kg","brand":"AZUCARERA ","img":"https://sgfm.elcorteingles.es/SGFM/dctm/MEDIA02/CONTENIDOS/201409/01/00120930500200____1__600x600.jpg","price":"1,39 €","price_unit":"(1,39 € / Kilo)","categories":["Supermercado","Alimentación General","Azúcar y edulcorantes","Azúcar","AZUCARERA azúcar blanco en terrones envase 1 kg"],"general_information":["Denominación del alimento: Azúcar blanco en terrones.","País de origen: España","Nombre del operador: Nueva comercial Azucarera S.L.","Dirección del operador: Avenida de Manoteras,46 28050 Madrid","Cantidad Neta: 1 Kilogramos"],"ingredients":[" Azucar"],"conservation":" Conservese en lugar fresco y seco","ean":"8410714106394"},{"full_name":"AZUCARERA azúcar blanco envase 750 g","name":"azúcar blanco envase 750 g","brand":"AZUCARERA ","img":"https://sgfm.elcorteingles.es/SGFM/00/09/3/0120930500093/0120930500093000g01011.jpg","price":"0,79 €","price_unit":"(0,99 € / Kilo)","categories":["Supermercado","Alimentación General","Azúcar y edulcorantes","Azúcar","AZUCARERA azúcar blanco envase 750 g"],"general_information":["Denominación del alimento: Azúcar Blanco","País de origen: España","Nombre del operador: Nueva comercial Azucarera S.L.","Dirección del operador: Avenida de Manoteras,46 28050 Madrid","Cantidad Neta: 800 g"],"ingredients":[" Azucar"],"conservation":" Conservese en lugar fresco y seco","ean":"8410714107476"},{"full_name":"AZUCARERA azúcar moreno de caña integral en terrones caja 1 kg","name":"azúcar moreno de caña integral en terrones caja 1 kg","brand":"AZUCARERA ","img":"https://sgfm.elcorteingles.es/SGFM/dctm/MEDIA02/CONTENIDOS/201409/01/00200430500132____2__600x600.jpg","price":"2,12 €","categories":["Supermercado","Alimentación General","Azúcar y edulcorantes","Azúcar","AZUCARERA azúcar moreno de caña integral en terrones caja 1 kg"],"general_information":["Denominación del alimento: Azúcar Moreno de caña integral","País de origen: España","Nombre del operador: Nueva comercial Azucarera S.L.","Dirección del operador: Avenida de Manoteras,46 28050 Madrid","Cantidad Neta: 1 Kilogramos"],"ingredients":[" Azucar"],"conservation":" Conservese en lugar fresco y seco","ean":"8410714106387"},{"full_name":"AZUCARERA azúcar de caña de cultivo ecológico envase 750 g","name":"azúcar de caña de cultivo ecológico envase 750 g","brand":"AZUCARERA ","img":"https://sgfm.elcorteingles.es/SGFM/00/03/3/0120945800033/0120945800033000g01011.jpg","price":"2,97 €","price_unit":"(3,96 € / Kilo)","categories":["Supermercado","Alimentación General","Azúcar y edulcorantes","Azúcar","AZUCARERA azúcar de caña de cultivo ecológico envase 750 g"],"general_information":["Denominación del alimento: Azúcar blanco ecológico.","País de origen: España","Nombre del operador: Nueva comercial Azucarera S.L.","Dirección del operador: Avenida de Manoteras,46 28050 Madrid","Cantidad Neta: 750 g","Otras menciones obligatorias en la etiqueta: Un consumo excesivo puede producir efectos laxantes."],"ingredients":[" Azucar"],"conservation":" Conservese en lugar fresco y seco","ean":"8410714106622"},{"full_name":"AZUCARERA azúcar moreno de caña integral envase 750 g","name":"azúcar moreno de caña integral envase 750 g","brand":"AZUCARERA ","img":"https://sgfm.elcorteingles.es/SGFM/dctm/MEDIA02/CONTENIDOS/201409/01/00200430500181____2__600x600.jpg","price":"1,50 €","price_unit":"(1,88 € / Kilo)","categories":["Supermercado","Alimentación General","Azúcar y edulcorantes","Azúcar","AZUCARERA azúcar moreno de caña integral envase 750 g"],"general_information":["Denominación del alimento: Azúcar Moreno de caña integral","País de origen: España","Nombre del operador: Nueva comercial Azucarera S.L.","Dirección del operador: Avenida de Manoteras,46 28050 Madrid","Cantidad Neta: 800 g"],"ingredients":[" Azucar"],"conservation":" Conservese en lugar fresco y seco","ean":"8410714107483"},{"full_name":"AZUCARERA azúcar moreno de caña integral Java Suave envase 500 g","name":"azúcar moreno de caña integral Java Suave envase 500 g","brand":"AZUCARERA ","img":"https://sgfm.elcorteingles.es/SGFM/dctm/MEDIA03/201705/23/00120930500358____1__600x600.jpg","price":"1,75 €","price_unit":"(3,50 € / Kilo)","categories":["Supermercado","Alimentación General","Azúcar y edulcorantes","Azúcar","AZUCARERA azúcar moreno de caña integral Java Suave envase 500 g"],"general_information":["Denominación del alimento: Azúcar Moreno de caña integral","País de origen: España","Nombre del operador: Nueva comercial Azucarera S.L.","Dirección del operador: Avenida de Manoteras,46 28050 Madrid","Cantidad Neta: 500 g"],"ingredients":[" Azucar"],"conservation":" Conservese en lugar fresco y seco","ean":"8410714108121"},{"full_name":"AZUCARERA azúcar moreno de caña integral Moka Intenso envase 500 g","name":"azúcar moreno de caña integral Moka Intenso envase 500 g","brand":"AZUCARERA ","img":"https://sgfm.elcorteingles.es/SGFM/dctm/MEDIA03/201705/23/00120930500366____1__600x600.jpg","price":"1,75 €","price_unit":"(3,50 € / Kilo)","categories":["Supermercado","Alimentación General","Azúcar y edulcorantes","Azúcar","AZUCARERA azúcar moreno de caña integral Moka Intenso envase 500 g"],"general_information":["Denominación del alimento: Azúcar Moreno de caña integral","País de origen: España","Nombre del operador: Nueva comercial Azucarera S.L.","Dirección del operador: Avenida de Manoteras,46 28050 Madrid","Cantidad Neta: 500 g"],"ingredients":[" Azucar"],"conservation":" Conservese en lugar fresco y seco","ean":"8410714108107"},{"full_name":"AZUCARERA azúcar moreno de caña integral en sobres bote 400 g","name":"azúcar moreno de caña integral en sobres bote 400 g","brand":"AZUCARERA ","img":"https://sgfm.elcorteingles.es/SGFM/00/07/7/0120930500077/0120930500077000g01011.jpg","price":"1,49 €","price_unit":"(3,72 € / Kilo)","categories":["Supermercado","Alimentación General","Azúcar y edulcorantes","Azúcar","AZUCARERA azúcar moreno de caña integral en sobres bote 400 g"],"general_information":["Denominación del alimento: Azúcar Moreno de caña integral","País de origen: España","Nombre del operador: Nueva comercial Azucarera S.L.","Dirección del operador: Avenida de Manoteras,46 28050 Madrid","Cantidad Neta: 400 g"],"ingredients":[" Azucar"],"conservation":" Conservese en lugar fresco y seco","ean":"8410714107384"},{"full_name":"AZUCARERA azúcar glacé seda especial para reposteria envase 500 g","name":"azúcar glacé seda especial para reposteria envase 500 g","brand":"AZUCARERA ","img":"https://sgfm.elcorteingles.es/SGFM/dctm/MEDIA02/CONTENIDOS/201601/15/00120930500325____1__600x600.jpg","price":"2,17 €","price_unit":"(4,34 € / Kilo)","categories":["Supermercado","Alimentación General","Azúcar y edulcorantes","Azúcar","AZUCARERA azúcar glacé seda especial para reposteria envase 500 g"],"general_information":["Denominación del alimento: Azúcar Glacé","País de origen: España","Nombre del operador: Nueva comercial Azucarera S.L.","Dirección del operador: Avenida de Manoteras,46 28050 Madrid","Cantidad Neta: 500 g"],"ingredients":[" Azucar"],"conservation":" Conservese en lugar fresco y seco","ean":"8410714107735"},{"full_name":"AZUCARERA candy moreno de azucar envase 250 g","name":"candy moreno de azucar envase 250 g","brand":"AZUCARERA ","img":"https://sgfm.elcorteingles.es/SGFM/00/25/9/0120930500259/0120930500259000g01011.jpg","price":"2,22 €","price_unit":"(8,88 € / Kilo)","categories":["Supermercado","Alimentación General","Azúcar y edulcorantes","Azúcar","AZUCARERA candy moreno de azucar envase 250 g"],"general_information":["Denominación del alimento: Azúcar moreno","País de origen: España","Nombre del operador: Nueva comercial Azucarera S.L.","Dirección del operador: Avenida de Manoteras,46 28050 Madrid","Cantidad Neta: 250 Kilogramos"],"ingredients":[" Azucar"],"conservation":" Conservese en lugar fresco y seco","ean":"8410714106875"},{"full_name":"PAÑO azucar blanco ecológico envase 1 kg","name":"azucar blanco ecológico envase 1 kg","brand":"PAÑO ","img":"https://sgfm.elcorteingles.es/SGFM/00/05/8/0120945800058/0120945800058000g01011.jpg","price":"4,08 €","price_unit":"(4,08 € / Kilo)","categories":["Supermercado","Alimentación General","Azúcar y edulcorantes","Azúcar","PAÑO azucar blanco ecológico envase 1 kg"],"general_information":["Denominación del alimento: Azúcar blanco","Nombre del operador: Paño Fruits S.L.","Dirección del operador: Av. Montblanc 28, 43460 Alcover (Tarragona)","Cantidad Neta: 1 Kilogramos","Otras menciones obligatorias en la etiqueta: Sin gluten."],"ingredients":[" Azúcar de caña Bio. Puede contener cacahuetes y otros frutos de cáscara."],"conservation":" Mantener en lugar seco, fresco y protegido de la luz.","ean":"8430175809900"},{"full_name":"PAÑO azucar moreno ecológico envase 1 kg","name":"azucar moreno ecológico envase 1 kg","brand":"PAÑO ","img":"https://sgfm.elcorteingles.es/SGFM/00/06/6/0120945800066/0120945800066000g01011.jpg","price":"4,24 €","price_unit":"(4,24 € / Kilo)","categories":["Supermercado","Alimentación General","Azúcar y edulcorantes","Azúcar","PAÑO azucar moreno ecológico envase 1 kg"],"general_information":["Denominación del alimento: Azúcar moreno","Nombre del operador: Paño Fruits S.L.","Dirección del operador: Av. Montblanc 28, 43460 Alcover (Tarragona)","Cantidad Neta: 1 Kilogramos","Otras menciones obligatorias en la etiqueta: Sin gluten."],"ingredients":[" Azúcar de caña Bio. Puede contener cacahuetes y otros frutos de cáscara."],"conservation":" Mantener en lugar seco, fresco y protegido de la luz.","ean":"8430175809917"},{"full_name":"ALTERNATIVA 3 azúcar de caña panela Ecuador ecológica envase 400 g","name":"azúcar de caña panela Ecuador ecológica envase 400 g","brand":"ALTERNATIVA 3 ","img":"https://sgfm.elcorteingles.es/SGFM/dctm/MEDIA02/CONTENIDOS/201505/12/00120945800074____1__600x600.jpg","price":"2,61 €","price_unit":"(6,52 € / Kilo)","categories":["Supermercado","Alimentación General","Azúcar y edulcorantes","Azúcar","ALTERNATIVA 3 azúcar de caña panela Ecuador ecológica envase 400 g"],"general_information":["Denominación del alimento: Azúcar de caña panela","País de origen: Ecuador","Nombre del operador: Alternativa 3, S.C.C.L.","Dirección del operador: Ctra. Castellar, 526, 08227 Terrassa, Barcelona","Cantidad Neta: 400 g","Otras menciones obligatorias en la etiqueta: Comercio justo. Ecológico. La Panela es el jugo que se extrae de la caña de azúcar cristalizado sólo por evaporación. Este azúcar no sufre ningún proceso de refinamiento, ni otro tipo de procedimiento químico. Directo del productor a tu mesa. Con un ligero sabor a miel, ideal para deportistas, niños y adolescentes. Índice glucémico bajo, ayuda a que los niveles de azúcar en sangre no se disparen."],"ingredients":[" Azúcar de caña panela"],"conservation":" Conservar en lugar fresco y seco","ean":"8435030572371"},{"full_name":"TATE LYLE azúcar moreno bolsa 500 g","name":"azúcar moreno bolsa 500 g","brand":"TATE LYLE ","img":"https://sgfm.elcorteingles.es/SGFM/dctm/MEDIA02/CONTENIDOS/201411/19/00120930500028____1__600x600.jpg","price":"2,40 €","price_unit":"(4,80 € / Kilo)","categories":["Supermercado","Alimentación General","Azúcar y edulcorantes","Azúcar","TATE LYLE azúcar moreno bolsa 500 g"],"general_information":["Denominación del alimento: Azúcar moreno demerara en grano","País de origen: Belice","Nombre del operador: Alimentación Varma, S.L.","Dirección del operador: C/ La granja, 15 - Pol. Industrial Alcobendas. 28108 Alcobendas (Madrid) - España","Cantidad Neta: 500 g"],"ingredients":[" Azúcar de caña demerara"],"conservation":" Conservar en lugar fresco y seco.","ean":"5010115960668"},{"full_name":"TATE LYLE demerara azúcar moreno en terrones paquete 500 g","name":"demerara azúcar moreno en terrones paquete 500 g","brand":"TATE LYLE ","img":"https://sgfm.elcorteingles.es/SGFM/dctm/MEDIA02/CONTENIDOS/201410/15/00120930500275____1__600x600.jpg","price":"4,26 €","price_unit":"(8,52 € / Kilo)","categories":["Supermercado","Alimentación General","Azúcar y edulcorantes","Azúcar","TATE LYLE demerara azúcar moreno en terrones paquete 500 g"],"general_information":[],"ingredients":[],"ean":"5010115820870"},{"full_name":"TATE LYLE Caster Sugar azúcar blanco británico de grano fino paquete 500 g","name":"Caster Sugar azúcar blanco británico de grano fino paquete 500 g","brand":"TATE LYLE ","img":"https://sgfm.elcorteingles.es/SGFM/dctm/MEDIA02/CONTENIDOS/201409/23/00120930500036____1__600x600.jpg","price":"2,39 €","price_unit":"(4,78 € / Kilo)","categories":["Supermercado","Alimentación General","Azúcar y edulcorantes","Azúcar","TATE LYLE Caster Sugar azúcar blanco británico de grano fino paquete 500 g"],"general_information":[],"ingredients":[],"ean":"5010115913329"},{"full_name":"TATE LYLE Icing Sugar azúcar fino paquete 500 g","name":"Icing Sugar azúcar fino paquete 500 g","brand":"TATE LYLE ","img":"https://sgfm.elcorteingles.es/SGFM/dctm/MEDIA02/CONTENIDOS/201507/03/00200430500355____1__600x600.jpg","price":"0,15 €","price_unit":"(0,30 € / Kilo)","categories":["Supermercado","Alimentación General","Azúcar y edulcorantes","Azúcar","TATE LYLE Icing Sugar azúcar fino paquete 500 g"],"general_information":["Denominación del alimento: Azúcar en polvo para repostería","País de origen: Reino Unido","Nombre del operador: Alimentación Varma, S.L.","Dirección del operador: C/ La granja, 15 - Pol. Industrial Alcobendas. 28108 Alcobendas (Madrid) - España","Cantidad Neta: 500 g"],"ingredients":[" Azúcar en polvo, anti apelmazante E341"],"conservation":" Conservar en lugar fresco y seco.","ean":"5010115927166"},{"full_name":"TATE LYLE Dark Brown azúcar moreno paquete 500 g","name":"Dark Brown azúcar moreno paquete 500 g","brand":"TATE LYLE ","img":"https://sgfm.elcorteingles.es/SGFM/dctm/MEDIA02/CONTENIDOS/201507/09/00200430500363____1__600x600.jpg","price":"1,00 €","price_unit":"(2 € / Kilo)","categories":["Supermercado","Alimentación General","Azúcar y edulcorantes","Azúcar","TATE LYLE Dark Brown azúcar moreno paquete 500 g"],"general_information":["Denominación del alimento: Azúcar de caña (87%), melaza de caña","País de origen: Reino Unido","Nombre del operador: Alimentación Varma, S.L.","Dirección del operador: C/ La granja, 15 - Pol. Industrial Alcobendas. 28108 Alcobendas (Madrid) - España","Cantidad Neta: 500 g"],"ingredients":[" Azúcar de caña (87%), melaza de caña"],"conservation":" Conservar en lugar fresco y seco.","ean":"5010115924752"},{"full_name":"VAHINE azúcar glas a la vainilla frasco 125 g","name":"azúcar glas a la vainilla frasco 125 g","brand":"VAHINE ","img":"https://sgfm.elcorteingles.es/SGFM/00/09/4/0120607100094/0120607100094000g01011.jpg","price":"3,55 €","price_unit":"(28,40 € / Kilo)","categories":["Supermercado","Alimentación General","Azúcar y edulcorantes","Azúcar","VAHINE azúcar glas a la vainilla frasco 125 g"],"general_information":["Denominación del alimento: azúcar glas a la vainilla","País de origen: Alemania","Nombre del operador: McCormick España, S.A.","Dirección del operador: Av. Francesc Macià, 38 p. 11\n08208 Sadabell","Cantidad Neta: 0.125 Kilogramos"],"ingredients":[" INGREDIENTES: azúcar glass (98%), extracto de vainilla Bourbon, vainas de vainilla molidas, antiaglomerante: E551."],"conservation":" Conservar alejado de la luz, del calor y de la humedad.","ean":"3179148784305"},{"full_name":"METCO azúcar mascabo 50 sobres bolsa 200 g","name":"azúcar mascabo 50 sobres bolsa 200 g","brand":"METCO ","img":"https://sgfm.elcorteingles.es/SGFM/dctm/MEDIA02/CONTENIDOS/201506/22/00120930500317____1__600x600.jpg","price":"2,73 €","price_unit":"(13,65 € / Kilo)","categories":["Supermercado","Alimentación General","Azúcar y edulcorantes","Azúcar","METCO azúcar mascabo 50 sobres bolsa 200 g"],"general_information":["Denominación del alimento: Azúcar moreno de caña.","País de origen: México","Nombre del operador: VELDIS, S.A.","Dirección del operador: C/Puerto de Navacerrada, 59, 28935 Móstoles (Madrid).","Cantidad Neta: 200 g","Número de raciones por envase: 50"],"ingredients":[],"conservation":" Consérvese en lugar fresco y seco.","ean":"7501096201409"},{"full_name":"INTERMON OXFAM azúcar blanco ecológico de caña bolsa 500 g","name":"azúcar blanco ecológico de caña bolsa 500 g","brand":"INTERMON OXFAM ","img":"https://sgfm.elcorteingles.es/SGFM/00/21/8/0120930500218/0120930500218000g01011.jpg","price":"2,75 €","price_unit":"(5,50 € / Kilo)","categories":["Supermercado","Alimentación General","Azúcar y edulcorantes","Azúcar","INTERMON OXFAM azúcar blanco ecológico de caña bolsa 500 g"],"general_information":["Denominación del alimento: Azúcar de caña Bio sin refinar.","Nombre del operador: Oxfam Intermón.","Dirección del operador: C/ Louis Pasteur 1, Parque tecnológico 46980 Paterna (Valencia).","Cantidad Neta: 500,0 g"],"ingredients":[" Azúcar de caña+*. Ingrediente procedente de agricultura ecológica y comercio justo."],"conservation":" Conservar en lugar fresco y seco.","ean":"8437007611038"},{"full_name":"CEREALIM azúcar moreno integral de caña bolsa 500 g","name":"azúcar moreno integral de caña bolsa 500 g","brand":"CEREALIM ","img":"https://sgfm.elcorteingles.es/SGFM/dctm/MEDIA02/CONTENIDOS/201503/13/00120753100047000_1__600x600.jpg","price":"2,75 €","price_unit":"(5,50 € / Kilo)","categories":["Supermercado","Alimentación General","Azúcar y edulcorantes","Azúcar","CEREALIM azúcar moreno integral de caña bolsa 500 g"],"general_information":["Denominación del alimento: Azúcar integral","Nombre del operador: Biocop Productos Biológicos, S.A.","Dirección del operador: C/Puigmal 3 - 08185 Lliçà de Vall (Barcelona)","Cantidad Neta: 500 g"],"ingredients":[" Azúcar moreno de caña integral"],"conservation":" Mantener en lugar fresco y seco","ean":"8423903000052"},{"full_name":"SORIA NATURAL Panela azúcar moreno de caña integral ecológico envase 500 g","name":"Panela azúcar moreno de caña integral ecológico envase 500 g","brand":"SORIA NATURAL ","img":"https://sgfm.elcorteingles.es/SGFM/dctm/MEDIA03/201609/08/00120753100088____1__600x600.jpg","price":"4,49 €","price_unit":"(8,98 € / Kilo)","categories":["Supermercado","Alimentación General","Azúcar y edulcorantes","Azúcar","SORIA NATURAL Panela azúcar moreno de caña integral ecológico envase 500 g"],"general_information":["Denominación del alimento: Panela, azúcar moreno de caña integral ecológico","País de origen: España","Nombre del operador: Soria Natural S.A.","Dirección del operador: Poligono La Sacea,s/n -42162 Garray (Soria)","Lugar de procedencia del alimento: España","Cantidad Neta: 500 g","Otras menciones obligatorias en la etiqueta: No contiene conservantes"],"ingredients":[" Azúcar ecológico moreno de caña integral.*Procedente de Agricultura Ecológica.Puede contener trazas de soja, leche y sus derivados"],"conservation":" Conservar en lugar fresco y seco","ean":"8422947061425"},{"full_name":"NATURGREEN azúcar de coco ecológica envase 300 g","name":"azúcar de coco ecológica envase 300 g","brand":"NATURGREEN ","img":"https://sgfm.elcorteingles.es/SGFM/dctm/MEDIA03/201609/09/00120753100070____1__600x600.jpg","price":"4,15 €","categories":["Supermercado","Alimentación General","Azúcar y edulcorantes","Azúcar","NATURGREEN azúcar de coco ecológica envase 300 g"],"general_information":["Denominación del alimento: Azúcar de Coco Bio","Nombre del operador: LABORATORIOS ALMOND SL","Dirección del operador: AVDA. CABECICOS BLANCOS, PARCELA 18 2.B. PARQUE EMPRESARIAL CABECICOS BLANCOS 30892 - LIBRILLA Murcia","Cantidad Neta: 300 g","Peso neto escurrido: 300 g","Otras menciones obligatorias en la etiqueta: Ingredientes procedentes de la Agricultura Ecológica"],"ingredients":[" Azúcar de coco (100%).Este producto se fabrica en una planta donde se manipulan frutos secos, soja y sésamo."],"conservation":" Almacenar en lugar fresco y seco","ean":"8436542192569"},{"full_name":"SPECIAL LINE fructosa bolsa 800 g","name":"fructosa bolsa 800 g","brand":"SPECIAL LINE ","img":"https://sgfm.elcorteingles.es/SGFM/00/06/6/0120733600066/0120733600066000g01011.jpg","price":"3,49 €","price_unit":"(4,36 € / Kilo)","categories":["Supermercado","Dietéticos","Alimentación básica dietética","Azúcares y edulcorantes","SPECIAL LINE fructosa bolsa 800 g"],"general_information":["Denominación del alimento: FRUCTOSA","Nombre del operador: Elaborado para el Grupo El Corte Ingles \nHermosilla, 112 \n28009 Madrid - España \npor CIF: A28648053","Cantidad Neta: 800 g","Número de raciones por envase: aprox. 88"],"ingredients":[" Ingredientes: Fructosa."],"conservation":" Conservar en ambiente fresco y seco. Una vez abierto mantenga el envase bien cerrado.","ean":"8433329031646"},{"full_name":"SPECIAL LINE edulcorante líquido frasco 125 ml","name":"edulcorante líquido frasco 125 ml","brand":"SPECIAL LINE ","img":"https://sgfm.elcorteingles.es/SGFM/00/10/9/0200333400109/0200333400109000g01011.jpg","price":"1,46 €","price_unit":"(11,68 € / Litro)","categories":["Supermercado","Dietéticos","Alimentación básica dietética","Azúcares y edulcorantes","SPECIAL LINE edulcorante líquido frasco 125 ml"],"general_information":["Denominación del alimento: Edulcorante de mesa a base de ciclamato sódico y de sacarina sódica.","Nombre del operador: Elaborado para el Grupo El Corte Inglés\nHermosilla, 112 ? 28009 Madrid\nEspaña por NIF: N0013670E","Lugar de procedencia del alimento: Origen Alemania"],"ingredients":[" Ingredientes: Agua, edulcorante: ciclamato sódico (11,5 g/100 ml), edulcorante: sacarina sódica (1,2 g/100 ml), corrector de acidez: ácido cítrico, conservante: sorbato potásico."],"conservation":" Conservar en lugar fresco y seco","ean":"8433329031134"},{"full_name":"SPECIAL LINE edulcorante granulado 100 sobres estuche 100 g","name":"edulcorante granulado 100 sobres estuche 100 g","brand":"SPECIAL LINE ","img":"https://sgfm.elcorteingles.es/SGFM/dctm/MEDIA02/CONTENIDOS/201409/23/00120733300113____2__600x600.jpg","price":"1,32 €","price_unit":"(13,20 € / Kilo)","categories":["Supermercado","Dietéticos","Alimentación básica dietética","Azúcares y edulcorantes","SPECIAL LINE edulcorante granulado 100 sobres estuche 100 g"],"general_information":["Denominación del alimento: Edulcorante de mesa a base de ciclamato sódico y sacarina sódica granulado.","Nombre del operador: Elaborado para el Grupo El Corte Inglés\nHermosilla, 112 ? 28009 Madrid\nEspaña por NIF: B03189677","Cantidad Neta: 100 g"],"ingredients":[" Ingredientes: dextrosa, edulcorantes (ciclamato sódico y sacarina sódica)."],"ean":"8433329031462"},{"full_name":"SPECIAL LINE edulcorante en polvo frasco 75 g","name":"edulcorante en polvo frasco 75 g","brand":"SPECIAL LINE ","img":"https://sgfm.elcorteingles.es/SGFM/00/10/5/0120733300105/0120733300105000g01011.jpg","price":"1,49 €","price_unit":"(19,87 € / Kilo)","categories":["Supermercado","Dietéticos","Alimentación básica dietética","Azúcares y edulcorantes","SPECIAL LINE edulcorante en polvo frasco 75 g"],"general_information":["Denominación del alimento: Edulcorante de mesa a base de aspartamo","Nombre del operador: Elaborado para el Grupo El Corte Inglés\nHermosilla, 112 ? 28009 Madrid\nEspaña por NIF: N0013670E","Lugar de procedencia del alimento: Origen Alemania","Cantidad Neta: 75 g"],"ingredients":[" Ingredientes: maltodextrina, edulcorante: aspartamo (3%).Contiene una fuente de fenilalanina."],"conservation":" Conservar en lugar fresco y seco","ean":"8433329031158"},{"full_name":"SPECIAL LINE edulcorante de mesa 650 comprimidos envase 39 g","name":"edulcorante de mesa 650 comprimidos envase 39 g","brand":"SPECIAL LINE ","img":"https://sgfm.elcorteingles.es/SGFM/01/01/6/0120732601016/0120732601016000g01011.jpg","price":"1,09 €","price_unit":"(1,68 € / Kilo)","categories":["Supermercado","Dietéticos","Alimentación básica dietética","Azúcares y edulcorantes","SPECIAL LINE edulcorante de mesa 650 comprimidos envase 39 g"],"general_information":["Denominación del alimento: Edulcorante de mesa en comprimidos a base de ciclamato sódico y de sacarina sódica.","Nombre del operador: Elaborado para el Grupo El Corte Inglés\nHermosilla, 112 ? 28009 Madrid\nEspaña por NIF: N0013670E","Lugar de procedencia del alimento: Origen Alemania","Cantidad Neta: 39 g"],"ingredients":[" Ingredientes: edulcorante: ciclamato sódico (66,7%), correctores de acidez: carbonato ácido  de sodio y citrato monosódico, edulcorante: sacarina sódica (6,7%)."],"conservation":" Conservar en lugar fresco y seco","ean":"8433329031141"},{"full_name":"SPECIAL LINE Stevia edulcorante dosificador 100 g","name":"Stevia edulcorante dosificador 100 g","brand":"SPECIAL LINE ","img":"https://sgfm.elcorteingles.es/SGFM/01/03/2/0120732601032/0120732601032000g01011.jpg","price":"2,05 €","price_unit":"(20,50 € / Kilo)","categories":["Supermercado","Dietéticos","Alimentación básica dietética","Azúcares y edulcorantes","SPECIAL LINE Stevia edulcorante dosificador 100 g"],"general_information":["Denominación del alimento: *Edulcorante de mesa en comprimidos a base de glucósidos de esteviol  proveniente de Stevia Rebaudiana Bertoni.","Nombre del operador: Elaborado para el Grupo El Corte Inglés\nHermosilla, 112 ? 28009 Madrid\nEspaña por NIF: N0013670E","Lugar de procedencia del alimento: Origen Alemania","Cantidad Neta: 6 g"],"ingredients":[" Ingredientes: Correctores de acidez : carbonato ácido de sodio y citrato monosódico, edulcorante : glucósidos de esteviol (21%), L-leucina."],"conservation":" Conservar en lugar fresco y seco","ean":"8433329030601"},{"full_name":"SANTIVERI fructosa bolsa 750 g","name":"fructosa bolsa 750 g","brand":"SANTIVERI ","img":"https://sgfm.elcorteingles.es/SGFM/00/02/5/0120733600025/0120733600025000g01011.jpg","price":"5,76 €","price_unit":"(7,68 € / Kilo)","categories":["Supermercado","Dietéticos","Alimentación básica dietética","Azúcares y edulcorantes","SANTIVERI fructosa bolsa 750 g"],"general_information":["Denominación del alimento: FRUCTOSA","Nombre del operador: CASA SANTIVERI S.L.","Dirección del operador: ENCUNY 8, 08038 BARCELONA","Cantidad Neta: 750 g"],"ingredients":[" fructosa"],"ean":"8412170001152"},{"full_name":"SANTIVERI Dulzol edulcorante líquido envase 90 ml","name":"Dulzol edulcorante líquido envase 90 ml","brand":"SANTIVERI ","img":"https://sgfm.elcorteingles.es/SGFM/00/03/8/0120733400038/0120733400038000g01011.jpg","price":"2,21 €","price_unit":"(24,56 € / Litro)","categories":["Supermercado","Dietéticos","Alimentación básica dietética","Azúcares y edulcorantes","SANTIVERI Dulzol edulcorante líquido envase 90 ml"],"general_information":["Denominación del alimento: EDULCORANTE DE MESA A BASE DE CICLA","Nombre del operador: CASA SANTIVERI S.L.","Dirección del operador: ENCUNY 8, 08038 BARCELONA","Cantidad Neta: 90 Centímetro cúbico"],"ingredients":[" agua, ciclamato (edulcorante), sacarina (edulcorante), ácido cítrico (antioxidante), sorbato potásico (conservador)"],"ean":"8412170014008"},{"full_name":"SANTIVERI Dulzol edulcorante líquido frasco 30 ml","name":"Dulzol edulcorante líquido frasco 30 ml","brand":"SANTIVERI ","img":"https://sgfm.elcorteingles.es/SGFM/dctm/MEDIA02/CONTENIDOS/201502/16/00120733400020____1__600x600.jpg","price":"1,15 €","price_unit":"(38,33 € / Litro)","categories":["Supermercado","Dietéticos","Alimentación básica dietética","Azúcares y edulcorantes","SANTIVERI Dulzol edulcorante líquido frasco 30 ml"],"general_information":["Denominación del alimento: EDULCORANTE DE MESA A BASE DE CICLA","Nombre del operador: CASA SANTIVERI S.L.","Dirección del operador: ENCUNY 8, 08038 BARCELONA","Cantidad Neta: 30 Centímetro cúbico"],"ingredients":[" agua, ciclamato (edulcorante), sacarina (edulcorante), ácido cítrico (antioxidante), sorbato potásico (conservador)"],"ean":"8412170000858"},{"full_name":"SANTIVERI stevia líquida estuche 90 cc","name":"stevia líquida estuche 90 cc","brand":"SANTIVERI ","img":"https://sgfm.elcorteingles.es/SGFM/00/01/2/0120733400012/0120733400012000g01011.jpg","price":"3,95 €","price_unit":"(43,89 € / Litro)","categories":["Supermercado","Dietéticos","Alimentación básica dietética","Azúcares y edulcorantes","SANTIVERI stevia líquida estuche 90 cc"],"general_information":["Denominación del alimento: EDULCORANTE LÍQUIDO A BASE DE GLUCÓ","Nombre del operador: CASA SANTIVERI S.L.","Dirección del operador: ENCUNY 8, 08038 BARCELONA","Cantidad Neta: 90 Centímetro cúbico"],"ingredients":[" agua, glucósidos de esteviol (edulcorante), ácido cítrico (acidulante), sorbato potásico (conservador)"],"ean":"8412170030923"},{"full_name":"SANTIVERI estevia en polvo edulcorante de origen natural sin gluten sin lactosa envase 70 g","name":"estevia en polvo edulcorante de origen natural sin gluten sin lactosa envase 70 g","brand":"SANTIVERI ","img":"https://sgfm.elcorteingles.es/SGFM/dctm/MEDIA02/CONTENIDOS/201408/13/00120733300162____1__600x600.jpg","price":"4,36 €","price_unit":"(62,29 € / Kilo)","categories":["Supermercado","Dietéticos","Alimentación básica dietética","Azúcares y edulcorantes","SANTIVERI estevia en polvo edulcorante de origen natural sin gluten sin lactosa envase 70 g"],"general_information":["Denominación del alimento: EDULCORANTE DE MESA A BASE DE GLUCÓ","Nombre del operador: CASA SANTIVERI S.L.","Dirección del operador: ENCUNY 8, 08038 BARCELONA","Cantidad Neta: 70 g"],"ingredients":[" maltodextrina, glucósidos de esteviol (edulcorante), extracto de estevia (2,1%)"],"ean":"8412170031210"},{"full_name":"SANTIVERI stevia en polvo edulcorante de origen natural sin gluten sin lactosa bote 45 g","name":"stevia en polvo edulcorante de origen natural sin gluten sin lactosa bote 45 g","brand":"SANTIVERI ","img":"https://sgfm.elcorteingles.es/SGFM/dctm/MEDIA03/201611/25/00120733300246____1__600x600.jpg","price":"4,75 €","price_unit":"(105,56 € / Kilo)","categories":["Supermercado","Dietéticos","Alimentación básica dietética","Azúcares y edulcorantes","SANTIVERI stevia en polvo edulcorante de origen natural sin gluten sin lactosa bote 45 g"],"general_information":["Denominación del alimento: EDULCORANTE DE MESA A BASE DE GLUCÓ","Nombre del operador: CASA SANTIVERI S.L.","Dirección del operador: ENCUNY 8, 08038 BARCELONA","Cantidad Neta: 45 g"],"ingredients":[" maltodextrina, glucósidos de esteviol (edulcorante), extracto de estevia (2%)"],"ean":"8412170034617"},{"full_name":"SANTIVERI Dulzina sucralosa líquida envase 90 cc","name":"Dulzina sucralosa líquida envase 90 cc","brand":"SANTIVERI ","img":"https://sgfm.elcorteingles.es/SGFM/00/01/7/0120733600017/0120733600017000g01011.jpg","price":"3,45 €","price_unit":"(38,33 € / Litro)","categories":["Supermercado","Dietéticos","Alimentación básica dietética","Azúcares y edulcorantes","SANTIVERI Dulzina sucralosa líquida envase 90 cc"],"general_information":["Denominación del alimento: EDULCORANTE DE MESA A BASE DE SUCRA","Nombre del operador: CASA SANTIVERI S.L.","Dirección del operador: ENCUNY 8, 08038 BARCELONA","Cantidad Neta: 90 Centímetro cúbico"],"ingredients":[" agua, sucralosa (edulcorante), sorbato potásico (conservador), ácido cítrico (acidulante)"],"ean":"8412170031067"},{"full_name":"HERMESETAS edulcorante de la planta de stevia envase 300 comprimidos","name":"edulcorante de la planta de stevia envase 300 comprimidos","brand":"HERMESETAS ","img":"https://sgfm.elcorteingles.es/SGFM/01/09/9/0120732601099/0120732601099000g01011.jpg","price":"6,29 €","price_unit":"(20,97 € / Kilo)","categories":["Supermercado","Dietéticos","Alimentación básica dietética","Azúcares y edulcorantes","HERMESETAS edulcorante de la planta de stevia envase 300 comprimidos"],"general_information":["Denominación del alimento: Edulcorante de la Planta de Stevia","Nombre del operador: Comercial Masoliver S.A.","Dirección del operador: Calle Puntia, 18 - 17857 Begudà (Girona) España","Lugar de procedencia del alimento: 756 - Suiza","Cantidad Neta: 4.5 g"],"ingredients":[" Edulcorante: glicósidos de esteviol, agente de carga: carbonato sódico, corrector de acidez: citrato sódico, L-leucina."],"conservation":" Mantener el dispensador siempre en un lugar seco.","ean":"7610211158303"},{"full_name":"HERMESETAS edulcorante de la planta de stevia estuche 60 sobres","name":"edulcorante de la planta de stevia estuche 60 sobres","brand":"HERMESETAS ","img":"https://sgfm.elcorteingles.es/SGFM/01/10/7/0120732601107/0120732601107000g01011.jpg","price":"4,15 €","price_unit":"(69,17 € / Kilo)","categories":["Supermercado","Dietéticos","Alimentación básica dietética","Azúcares y edulcorantes","HERMESETAS edulcorante de la planta de stevia estuche 60 sobres"],"general_information":["Denominación del alimento: Edulcorante de la Planta de Stevia","Nombre del operador: Comercial Masoliver S.A.","Dirección del operador: Calle Puntia, 18 - 17857 Begudà (Girona) España","Lugar de procedencia del alimento: 756 - Suiza","Cantidad Neta: 60 g","Otras menciones obligatorias en la etiqueta: Un consumo excesivo puede producir efectos laxantes."],"ingredients":[" Fibras: almidón modificado (trigo), edulcorante: eritritol* y glicósidos de esteviol."],"conservation":" Conservar en un lugar seco.","ean":"7610211149004"},{"full_name":"HERMESETAS edulcorante de la planta de stevia ideal para cocina envase 125 ml","name":"edulcorante de la planta de stevia ideal para cocina envase 125 ml","brand":"HERMESETAS ","img":"https://sgfm.elcorteingles.es/SGFM/00/11/1/0120733400111/0120733400111000g01011.jpg","price":"6,05 €","price_unit":"(48,40 € / Litro)","categories":["Supermercado","Dietéticos","Alimentación básica dietética","Azúcares y edulcorantes","HERMESETAS edulcorante de la planta de stevia ideal para cocina envase 125 ml"],"general_information":["Denominación del alimento: Edulcorante de la Planta de Stevia","Nombre del operador: Comercial Masoliver S.A.","Dirección del operador: Calle Puntia, 18 - 17857 Begudà (Girona) España","Lugar de procedencia del alimento: 756 - Suiza","Cantidad Neta: 125 Mililitros"],"ingredients":[" Agua desmineralizada, jarabe de agave, edulcorante: glucósidos de esteviol, conservador: ácido sórbico."],"conservation":" Conservar en un lugar seco.","ean":"7610211149400"},{"full_name":"HERMESETAS GOLD edulcorante aspartamo dosificador 300 comprimidos","name":"edulcorante aspartamo dosificador 300 comprimidos","brand":"HERMESETAS GOLD ","img":"https://sgfm.elcorteingles.es/SGFM/00/65/3/0120732600653/0120732600653000g01011.jpg","price":"4,44 €","price_unit":"(14,80 € / Kilo)","categories":["Supermercado","Dietéticos","Alimentación básica dietética","Azúcares y edulcorantes","HERMESETAS GOLD edulcorante aspartamo dosificador 300 comprimidos"],"general_information":["Denominación del alimento: Edulcorante Aspartamo","Nombre del operador: Comercial Masoliver S.A.","Dirección del operador: Calle Puntia, 18 - 17857 Begudà (Girona) España","Lugar de procedencia del alimento: 756 - Suiza","Cantidad Neta: 22 g"],"ingredients":[" Lactosa, edulcorante: sucralosa, emulgente: CMC reticulada, L-Leucina."],"conservation":" Conservar siempre en un lugar seco.","ean":"7610211120713"},{"full_name":"HERMESETAS GOLD edulcorante aspartamo envase 100 comprimidos","name":"edulcorante aspartamo envase 100 comprimidos","brand":"HERMESETAS GOLD ","img":"https://sgfm.elcorteingles.es/SGFM/dctm/MEDIA02/CONTENIDOS/201411/19/00120732600810____1__600x600.jpg","price":"2,10 €","price_unit":"(21 € / Kilo)","categories":["Supermercado","Dietéticos","Alimentación básica dietética","Azúcares y edulcorantes","HERMESETAS GOLD edulcorante aspartamo envase 100 comprimidos"],"general_information":["Denominación del alimento: Edulcorante Aspartamo","Nombre del operador: Comercial Masoliver S.A.","Dirección del operador: Calle Puntia, 18 - 17857 Begudà (Girona) España","Lugar de procedencia del alimento: 756 - Suiza","Cantidad Neta: 8.25 g"],"ingredients":[" Lactosa, edulcorante: sucralosa, emulgente: CMC reticulada, L-Leucina."],"conservation":" Conservar siempre en un lugar seco.","ean":"7610211120706"},{"full_name":"STESWEET edulcorante líquido Stevia envase 50 ml","name":"edulcorante líquido Stevia envase 50 ml","brand":"STESWEET ","img":"https://sgfm.elcorteingles.es/SGFM/00/08/7/0120733400087/0120733400087000g01011.jpg","price":"9,33 €","price_unit":"(186,60 € / Litro)","categories":["Supermercado","Dietéticos","Alimentación básica dietética","Azúcares y edulcorantes","STESWEET edulcorante líquido Stevia envase 50 ml"],"general_information":["Denominación del alimento: Endulzante a base de plantas","Nombre del operador: STEVIA GERMANY GmbH YBD Co  KG","Dirección del operador: URSULASTR 17 -19 45131 ESSEN (ALEMANIA)","Cantidad Neta: 50 g"],"ingredients":[" agua filtrada, steviolglycosides 25%, ácido málico, sorbato potásico, glicerina vegetal."],"conservation":" Almacenar en lugar fresco y seco.","ean":"4260179255311"},{"full_name":"STESWEET edulcorante Stevia envase 250 tabletas","name":"edulcorante Stevia envase 250 tabletas","brand":"STESWEET ","img":"https://sgfm.elcorteingles.es/SGFM/dctm/MEDIA02/CONTENIDOS/201411/06/00120733300097____1__600x600.jpg","price":"9,50 €","price_unit":"(38 € / Kilo)","categories":["Supermercado","Dietéticos","Alimentación básica dietética","Azúcares y edulcorantes","STESWEET edulcorante Stevia envase 250 tabletas"],"general_information":["Denominación del alimento: Endulzante a base de plantas","Nombre del operador: STESWEET","Dirección del operador: URSULASTR 17-19 45131 ESSEN, GERMANY","Cantidad Neta: 35 g"],"ingredients":[" bicarbonato de sódio, edulcorante glicósidos de steviol (97% rebaudiosido-A)*, l-leucina, celulosa.(*)=De cultivo ecológico."],"conservation":" Almacenar en lugar fresco y seco.","ean":"4260179255007"},{"full_name":"NATURTIERRA fructosa bolsa 800 g","name":"fructosa bolsa 800 g","brand":"NATURTIERRA ","img":"https://sgfm.elcorteingles.es/SGFM//00/08/2/0120733600082/0120733600082000g01011.jpg","price":"4,62 €","price_unit":"(5,78 € / Kilo)","categories":["Supermercado","Dietéticos","Alimentación básica dietética","Azúcares y edulcorantes","NATURTIERRA fructosa bolsa 800 g"],"general_information":[],"ingredients":[],"ean":"8412016280802"},{"full_name":"NATURGREEN edulcorante de mesa a base de Eritritol y Esteviol 0% calorías bote 500 g","name":"edulcorante de mesa a base de Eritritol y Esteviol 0% calorías bote 500 g","brand":"NATURGREEN ","img":"https://sgfm.elcorteingles.es/SGFM/dctm/MEDIA03/201602/09/00120733300212____1__600x600.jpg","price":"13,95 €","categories":["Supermercado","Dietéticos","Alimentación básica dietética","Azúcares y edulcorantes","NATURGREEN edulcorante de mesa a base de Eritritol y Esteviol 0% calorías bote 500 g"],"general_information":["Denominación del alimento: Steviol","Nombre del operador: Laboratorios Almond SL","Dirección del operador: Avda. Cabecicos Blancos, Parcela 18 2.B. Parque empresarial Cabecicos Blancos 30892 - Librilla, Murcia (Spain)","Cantidad Neta: 500 g"],"ingredients":[" Agente de carga: eritritol y edulcorante: glucósidos de esteviol (2.4%). Este producto se fabrica en una planta dónde se manipulan frutos secos, soja y sésamo."],"conservation":" Almacenar en lugar fresco y seco.","ean":"8436542192323"},{"full_name":"NATURGREEN azúcar de abedul edulcorante de mesa a base de Xilitol bajo índice glucémico envase 500 g","name":"azúcar de abedul edulcorante de mesa a base de Xilitol bajo índice glucémico envase 500 g","brand":"NATURGREEN ","img":"https://sgfm.elcorteingles.es/SGFM/dctm/MEDIA02/CONTENIDOS/201502/03/00200348703315____2__600x600.jpg","price":"9,30 €","price_unit":"(1,86 € / 100 gr.)","categories":["Supermercado","Dietéticos","Alimentación básica dietética","Azúcares y edulcorantes","NATURGREEN azúcar de abedul edulcorante de mesa a base de Xilitol bajo índice glucémico envase 500 g"],"general_information":["Denominación del alimento: Edulcorante de mesa a base de xilitol (azúcar de abedul)","Nombre del operador: Mercontrol E.D. S.L","Dirección del operador: Calle Juan de la Cierva, 36, 28823 Coslada, Madrid (España)","Cantidad Neta: 500 g","Otras menciones obligatorias en la etiqueta: 100% Vegetal - Sin Lactosa, Sin gluten, Sin azúcares, Sin huevo, Sin proteína láctea, Bajo indice glucemico, Bajo Contenido de Sodio."],"ingredients":[" Xilitol (azúcar de abedul) (100%). \"Este producto se fabrica en una planta dónde se manipulan frutos secos, soja y sésamo\""],"conservation":" Almacenar en lugar fresco y seco.","ean":"8436542191999"},{"full_name":"NATREEN Classic edulcorante en comprimidos dosificador 300 unidades","name":"Classic edulcorante en comprimidos dosificador 300 unidades","brand":"NATREEN ","img":"https://sgfm.elcorteingles.es/SGFM/dctm/MEDIA03/201604/25/00120930800246____4__600x600.jpg","price":"2,92 €","price_unit":"(0,01 € / Unidad)","categories":["Supermercado","Alimentación General","Azúcar y edulcorantes","Edulcorantes y fructosas","NATREEN Classic edulcorante en comprimidos dosificador 300 unidades"],"general_information":["Denominación del alimento: Edulcorante de mesa a base de Ciclamato, Sacarina y Taumatina","Nombre del operador: JACOBS DOUWE EGBERTS B.V.","Dirección del operador: Oosterdoksstraat 80, 1011 DK Amsterdam The Netherlands","Cantidad Neta: 25.6 g","Número de raciones por envase: 400"],"ingredients":[" Ingredientes: Edulcorante (Ciclamato), Agente de carga (Carbonato de sodio), Corrector de acidez (Citrato de Sodio), Edulcorantes (Sacarina y Taumatina)."],"conservation":" Mantener en un lugar seco. 1 comprimido tiene el mismo poder edulcorante que una cucharadita de azúcar.","ean":"8410091004849"},{"full_name":"NATREEN Stevia edulcorante ideal café y té dosificador 120 comprimidos","name":"Stevia edulcorante ideal café y té dosificador 120 comprimidos","brand":"NATREEN ","img":"https://sgfm.elcorteingles.es/SGFM/00/59/2/0120930800592/0120930800592000g01011.jpg","price":"2,50 €","price_unit":"(0,02 € / Unidad)","categories":["Supermercado","Alimentación General","Azúcar y edulcorantes","Edulcorantes y fructosas","NATREEN Stevia edulcorante ideal café y té dosificador 120 comprimidos"],"general_information":["Denominación del alimento: Edulcorante de mesa a base de Glucósidos de Esteviol","Nombre del operador: JACOBS DOUWE EGBERTS B.V.","Dirección del operador: Oosterdoksstraat 80, 1011 DK Amsterdam The Netherlands","Cantidad Neta: 7 g","Número de raciones por envase: 120"],"ingredients":[" Ingredientes: Agente de carga (Carbonato de sodio), Edulcorante (Glucósidos de esteviol), Corrector de acidez (Citrato de sodio), L-Leucina."],"conservation":" Conservar en lugar seco. 1 comprimido tiene el mismo poder edulcorante que una cucharadita de azúcar.","ean":"8410091104921"},{"full_name":"NATREEN Classic edulcorante en comprimidos dosificador 110 unidades","name":"Classic edulcorante en comprimidos dosificador 110 unidades","brand":"NATREEN ","img":"https://sgfm.elcorteingles.es/SGFM/00/22/0/0120930800220/0120930800220000g01011.jpg","price":"1,30 €","price_unit":"(0,01 € / Dosis)","categories":["Supermercado","Alimentación General","Azúcar y edulcorantes","Edulcorantes y fructosas","NATREEN Classic edulcorante en comprimidos dosificador 110 unidades"],"general_information":["Denominación del alimento: Edulcorante de mesa a base de Ciclamato, Sacarina y Taumatina","Nombre del operador: JACOBS DOUWE EGBERTS B.V.","Dirección del operador: Oosterdoksstraat 80, 1011 DK Amsterdam The Netherlands","Cantidad Neta: 7.04 g","Número de raciones por envase: 110"],"ingredients":[" Ingredientes: Edulcorante (Ciclamato), Agente de carga (Carbonato de sodio), Corrector de acidez (Citrato de Sodio), Edulcorantes (Sacarina y Taumatina)."],"conservation":" Mantener en un lugar seco. 1 comprimido tiene el mismo poder edulcorante que una cucharadita de azúcar.","ean":"8410091004917"},{"full_name":"NATREEN edulcorante especial café receta gourmet 0 calorías dosificador 300 comprimidos","name":"edulcorante especial café receta gourmet 0 calorías dosificador 300 comprimidos","brand":"NATREEN ","img":"https://sgfm.elcorteingles.es/SGFM/dctm/MEDIA02/CONTENIDOS/201409/01/00120930800261____1__600x600.jpg","price":"2,81 €","price_unit":"(0,01 € / Dosis)","categories":["Supermercado","Alimentación General","Azúcar y edulcorantes","Edulcorantes y fructosas","NATREEN edulcorante especial café receta gourmet 0 calorías dosificador 300 comprimidos"],"general_information":["Denominación del alimento: Edulcorante de mesa a base de Ciclamato, Sacarina y Taumatina","Nombre del operador: JACOBS DOUWE EGBERTS B.V.","Dirección del operador: Oosterdoksstraat 80, 1011 DK Amsterdam The Netherlands","Cantidad Neta: 20.4 g","Número de raciones por envase: 300"],"ingredients":[" Ingredientes: Edulcorante (Ciclamato), Agente de carga (Carbonatos de sodio), Edulcorantes (Sacarina y Taumatina)."],"conservation":" Mantener en un lugar seco. 1 comprimido tiene el mismo poder edulcorante que una cucharadita de azúcar.","ean":"8410091098053"},{"full_name":"NATREEN edulcorante granulado de aspartamo envase 70 g","name":"edulcorante granulado de aspartamo envase 70 g","brand":"NATREEN ","img":"https://sgfm.elcorteingles.es/SGFM/00/23/8/0120930800238/0120930800238000g01011.jpg","price":"2,70 €","price_unit":"(38,57 € / Kilo)","categories":["Supermercado","Alimentación General","Azúcar y edulcorantes","Edulcorantes y fructosas","NATREEN edulcorante granulado de aspartamo envase 70 g"],"general_information":["Denominación del alimento: Edulcorante de mesa a base de Aspartamo","Nombre del operador: JACOBS DOUWE EGBERTS B.V.","Dirección del operador: Oosterdoksstraat 80, 1011 DK Amsterdam The Netherlands","Cantidad Neta: 0.07 Kilogramos","Otras menciones obligatorias en la etiqueta: Contiene una fuente de fenilalanina"],"ingredients":[" Ingredientes: Maltodextrina, Edulcorante (Aspartamo)."],"conservation":" Mantener el frasco bien cerrado y en lugar seco. 1 cucharadita (0,5g) tiene el mismo poder edulcorante que una cucharadita de azúcar.","ean":"8410091098008"},{"full_name":"NATREEN edulcorante líquido 0 calorías frasco 250 ml","name":"edulcorante líquido 0 calorías frasco 250 ml","brand":"NATREEN ","img":"https://sgfm.elcorteingles.es/SGFM/00/47/7/0120930800477/0120930800477000g01011.jpg","price":"3,47 €","price_unit":"(13,88 € / Litro)","categories":["Supermercado","Alimentación General","Azúcar y edulcorantes","Edulcorantes y fructosas","NATREEN edulcorante líquido 0 calorías frasco 250 ml"],"general_information":["Denominación del alimento: Edulcorante de mesa.","Nombre del operador: Gallina Blanca S.A.U","Dirección del operador: Pl. Europa 42 (08902 Hospitalet de Llobregat, Barcelona).","Cantidad Neta: 0 Litros"],"ingredients":[" Agua, edulcorantes (Ciclamato y Sacarina), fructosa, conservador (ácido sórbico), acidulante (ácido cítrico)."],"conservation":" Conservar a temperatura ambiente, no congelar.","ean":"8410091104037"},{"full_name":"NATREEN aspartamo edulcorante granulado en sobres de 1 g estuche 50 sobres + 40 gratis","name":"aspartamo edulcorante granulado en sobres de 1 g estuche 50 sobres","brand":"NATREEN ","img":"https://sgfm.elcorteingles.es/SGFM/00/48/5/0120930800485/0120930800485000g01011.jpg","price":"2,70 €","price_unit":"(0,03 € / Unidad)","categories":["Supermercado","Alimentación General","Azúcar y edulcorantes","Edulcorantes y fructosas","NATREEN aspartamo edulcorante granulado en sobres de 1 g estuche 50 sobres + 40 gratis"],"general_information":["Denominación del alimento: Edulcorante de mesa a base de Aspartamo y Sacarina","Nombre del operador: JACOBS DOUWE EGBERTS B.V.","Dirección del operador: Oosterdoksstraat 80, 1011 DK Amsterdam The Netherlands","Cantidad Neta: 0.09 Kilogramos","Número de raciones por envase: 90","Otras menciones obligatorias en la etiqueta: Contiene una fuente de fenilalanina"],"ingredients":[" Ingredientes: Dextrosa y Edulcorante (Aspartamo y Sacarina)."],"conservation":" Mantener en un lugar fresco y seco. 1 sobre tiene el mismo poder edulcorante que una cucharadita de azúcar.","ean":"8410091025707"},{"full_name":"NATREEN Stevia edulcorante granulado caja 50 sobres","name":"Stevia edulcorante granulado caja 50 sobres","brand":"NATREEN ","img":"https://sgfm.elcorteingles.es/SGFM/00/64/2/0120930800642/0120930800642000g01011.jpg","price":"2,65 €","price_unit":"(0,05 € / Unidad)","categories":["Supermercado","Alimentación General","Azúcar y edulcorantes","Edulcorantes y fructosas","NATREEN Stevia edulcorante granulado caja 50 sobres"],"general_information":["Denominación del alimento: Edulcorante de mesa a base de Eritritol y Glucósidos de Esteviol","Nombre del operador: JACOBS DOUWE EGBERTS B.V.","Dirección del operador: Oosterdoksstraat 80, 1011 DK Amsterdam The Netherlands","Cantidad Neta: 0.05 Kilogramos","Número de raciones por envase: 50","Otras menciones obligatorias en la etiqueta: Un consumo excesivo puede tener efectos laxantes"],"ingredients":[" Ingredientes: Edulcorantes (Eritritol y Glucósidos de esteviol)."],"conservation":" Conservar en lugar fresco y seco. 1 sobre tiene el mismo poder edulcorante que una cucharadita de azúcar.","ean":"8410091056176"},{"full_name":"NATREEN Stevia edulcorante granulado envase 45 g","name":"Stevia edulcorante granulado envase 45 g","brand":"NATREEN ","img":"https://sgfm.elcorteingles.es/SGFM/00/61/8/0120930800618/0120930800618000g01011.jpg","price":"4,29 €","price_unit":"(95,33 € / Kilo)","categories":["Supermercado","Alimentación General","Azúcar y edulcorantes","Edulcorantes y fructosas","NATREEN Stevia edulcorante granulado envase 45 g"],"general_information":["Denominación del alimento: Edulcorante de mesa a base de Glucósidos de Esteviol","Nombre del operador: JACOBS DOUWE EGBERTS B.V.","Dirección del operador: Oosterdoksstraat 80, 1011 DK Amsterdam The Netherlands","Cantidad Neta: 0.045 Kilogramos"],"ingredients":[" Ingredientes: Maltodextrina, Edulcorante (Glucósidos de esteviol)."],"conservation":" Conservar en lugar fresco y seco. 1 cucharadita (0,8g) tiene el mismo poder edulcorante que una cucharadita de azúcar.","ean":"8410091108233"},{"full_name":"NATREEN Stevia edulcorante líquido frasco 125 ml","name":"Stevia edulcorante líquido frasco 125 ml","brand":"NATREEN ","img":"https://sgfm.elcorteingles.es/SGFM/00/65/9/0120930800659/0120930800659000g01011.jpg","price":"3,92 €","price_unit":"(31,36 € / Litro)","categories":["Supermercado","Alimentación General","Azúcar y edulcorantes","Edulcorantes y fructosas","NATREEN Stevia edulcorante líquido frasco 125 ml"],"general_information":["Denominación del alimento: Edulcorante de mesa a base de Glucósidos de Esteviol","Nombre del operador: JACOBS DOUWE EGBERTS B.V.","Dirección del operador: Oosterdoksstraat 80, 1011 DK Amsterdam The Netherlands","Cantidad Neta: 0.131 Kilogramos"],"ingredients":[" Ingredientes: Agua, Edulcorante (Glucósidos de esteviol), Conservante (Ácido Sórbico)."],"conservation":" Conservar en lugar fresco y seco. 8 gotas endulzan igual que una cucharadita de azúcar.","ean":"8410091056183"},{"full_name":"TRUVIA endulzante 0 calorías de la hoja de Stevia bote 270 g","name":"endulzante 0 calorías de la hoja de Stevia bote 270 g","brand":"TRUVIA ","img":"https://sgfm.elcorteingles.es/SGFM/00/55/0/0120930800550/0120930800550000g01011.jpg","price":"6,78 €","price_unit":"(25,11 € / Kilo)","categories":["Supermercado","Alimentación General","Azúcar y edulcorantes","Edulcorantes y fructosas","TRUVIA endulzante 0 calorías de la hoja de Stevia bote 270 g"],"general_information":["Denominación del alimento: Edulcorante de mesa a base de glicósidos de esteviol","País de origen: España","Nombre del operador: Nueva comercial Azucarera S.L.","Dirección del operador: Avenida de Manoteras,46 28050 Madrid","Cantidad Neta: 270 g","Otras menciones obligatorias en la etiqueta: Un consumo excesivo puede producir efectos laxantes."],"ingredients":[" Azucar"],"conservation":" Conservese en lugar fresco y seco","ean":"8410714106837"},{"full_name":"TRUVIA endulzante 0 calorías de la hoja de Stevia 80 sobres caja 120 g","name":"endulzante 0 calorías de la hoja de Stevia 80 sobres caja 120 g","brand":"TRUVIA ","img":"https://sgfm.elcorteingles.es/SGFM/00/54/3/0120930800543/0120930800543000g01011.jpg","price":"3,16 €","price_unit":"(26,33 € / Kilo)","categories":["Supermercado","Alimentación General","Azúcar y edulcorantes","Edulcorantes y fructosas","TRUVIA endulzante 0 calorías de la hoja de Stevia 80 sobres caja 120 g"],"general_information":["Denominación del alimento: Edulcorante de mesa a base de glicósidos de esteviol","País de origen: España","Nombre del operador: Nueva comercial Azucarera S.L.","Dirección del operador: Avenida de Manoteras,46 28050 Madrid","Cantidad Neta: 120 g","Otras menciones obligatorias en la etiqueta: Un consumo excesivo puede producir efectos laxantes."],"ingredients":[" Azucar"],"conservation":" Conservese en lugar fresco y seco","ean":"8410714106813"},{"full_name":"TRUVIA endulzante 0 calorías de la hoja de Stevia 100  comprimidos envase 5 g","name":"endulzante 0 calorías de la hoja de Stevia 100  comprimidos envase 5 g","brand":"TRUVIA ","img":"https://sgfm.elcorteingles.es/SGFM/00/68/3/0120930800683/0120930800683000g01011.jpg","price":"1,93 €","price_unit":"(386 € / Kilo)","categories":["Supermercado","Alimentación General","Azúcar y edulcorantes","Edulcorantes y fructosas","TRUVIA endulzante 0 calorías de la hoja de Stevia 100  comprimidos envase 5 g"],"general_information":["Denominación del alimento: Edulcorante de mesa a base de glicósidos de esteviol","País de origen: España","Nombre del operador: Nueva comercial Azucarera S.L.","Dirección del operador: Avenida de Manoteras,46 28050 Madrid","Cantidad Neta: 5 g","Otras menciones obligatorias en la etiqueta: No permitido para alérgicos a la lactosa."],"ingredients":[" Azucar"],"conservation":" Conservese en lugar fresco y seco","ean":"8410714107063"},{"full_name":"HUXOL edulcorante 650 comprimidos dosificador 39 g","name":"edulcorante 650 comprimidos dosificador 39 g","brand":"HUXOL ","img":"https://sgfm.elcorteingles.es/SGFM/dctm/MEDIA03/201707/12/00120930800287____1__600x600.jpg","price":"2,87 €","price_unit":"(0 € / Unidad)","categories":["Supermercado","Alimentación General","Azúcar y edulcorantes","Edulcorantes y fructosas","HUXOL edulcorante 650 comprimidos dosificador 39 g"],"general_information":["Denominación del alimento: Edulcorante de mesa","Nombre del operador: Milford,S.L.","Dirección del operador: Avda. de la Técnica 5 Nave B, 28522 Rivas Vaciamadrid,Madrid","Cantidad Neta: 39 g"],"ingredients":[" Edulcorante (ciclamato sódico),regulador de acidez ( bicarbonato  sódico), acidulante ( citrato monosódico) edulcorante (sacarina sódica), lactosa."],"conservation":" Conservar en un lugar fresco y seco.","ean":"4009137946706"},{"full_name":"HUXOL Stevia edulcorante 300 comprimidos dosificador 18 g","name":"Stevia edulcorante 300 comprimidos dosificador 18 g","brand":"HUXOL ","img":"https://sgfm.elcorteingles.es/SGFM/dctm/MEDIA03/201707/12/00120930800733____3__600x600.jpg","price":"3,49 €","price_unit":"(193,89 € / Kilo)","categories":["Supermercado","Alimentación General","Azúcar y edulcorantes","Edulcorantes y fructosas","HUXOL Stevia edulcorante 300 comprimidos dosificador 18 g"],"general_information":["Denominación del alimento: Edulcorante de mesa","Nombre del operador: Milford,S.L.","Dirección del operador: Avda. de la Técnica 5 Nave B, 28522 Rivas Vaciamadrid,Madrid","Cantidad Neta: 18 g"],"ingredients":[" Lactosa, Edulcorantes: Stevia glucosida 25%, regulador de acidez: Sodio de Hidrocarbonato, acidulante: citrato monosódico, agente de liberación: sales de magnesio y ácidos grasos(vegetales)."],"conservation":" Mantener en un lugar fresco y seco.","ean":"4048132003120"},{"full_name":"HUXOL edulcorante líquido botella 200 ml","name":"edulcorante líquido botella 200 ml","brand":"HUXOL ","img":"https://sgfm.elcorteingles.es/SGFM/dctm/MEDIA03/201707/12/00120930800709____2__600x600.jpg","price":"2,10 €","price_unit":"(10,50 € / Litro)","categories":["Supermercado","Alimentación General","Azúcar y edulcorantes","Edulcorantes y fructosas","HUXOL edulcorante líquido botella 200 ml"],"general_information":[],"ingredients":[],"ean":"4000445733002"},{"full_name":"HUXOL edulcorante Stevia líquido botella 125 ml","name":"edulcorante Stevia líquido botella 125 ml","brand":"HUXOL ","img":"https://sgfm.elcorteingles.es/SGFM/dctm/MEDIA03/201707/12/00120930800766____6__600x600.jpg","price":"3,72 €","price_unit":"(29,76 € / Litro)","categories":["Supermercado","Alimentación General","Azúcar y edulcorantes","Edulcorantes y fructosas","HUXOL edulcorante Stevia líquido botella 125 ml"],"general_information":["Denominación del alimento: Edulcorante de mesa","Nombre del operador: Milford,S.L.","Dirección del operador: Avda. de la Técnica 5 Nave B, 28522 Rivas Vaciamadrid,Madrid","Cantidad Neta: 125 Mililitros"],"ingredients":[" Agua, endulzante glicósido de esteviol 7.5% , fructosa, acido cítrico (acidulante), potasio sórbico (conservante)"],"conservation":" Mantener en un lugar fresco y seco.","ean":"4048132003953"},{"full_name":"HUXOL Sucralosa edulcorante líquido botella 125 ml","name":"Sucralosa edulcorante líquido botella 125 ml","brand":"HUXOL ","img":"https://sgfm.elcorteingles.es/SGFM/dctm/MEDIA03/201707/12/00120930800717____3__600x600.jpg","price":"2,59 €","price_unit":"(20,72 € / Litro)","categories":["Supermercado","Alimentación General","Azúcar y edulcorantes","Edulcorantes y fructosas","HUXOL Sucralosa edulcorante líquido botella 125 ml"],"general_information":["Denominación del alimento: Edulcorante de mesa","Nombre del operador: Milford,S.L.","Dirección del operador: Avda. de la Técnica 5 Nave B, 28522 Rivas Vaciamadrid,Madrid","Cantidad Neta: 125 Mililitros"],"ingredients":[" Agua, Edulcorante sucralosa, Fructosa , Acido cítrico, Preservantes Acido sorbico."],"conservation":" Mantener en un lugar fresco y seco.","ean":"4048132003915"},{"full_name":"HUXOL edulcorante de mesa a base de sacrulosa envase 50 g","name":"edulcorante de mesa a base de sacrulosa envase 50 g","brand":"HUXOL ","img":"https://sgfm.elcorteingles.es/SGFM/dctm/MEDIA03/201707/12/00120930800741____6__600x600.jpg","price":"2,79 €","price_unit":"(0,06 € / Unidad)","categories":["Supermercado","Alimentación General","Azúcar y edulcorantes","Edulcorantes y fructosas","HUXOL edulcorante de mesa a base de sacrulosa envase 50 g"],"general_information":["Denominación del alimento: Edulcorante de mesa","Nombre del operador: Milford,S.L.","Dirección del operador: Avda. de la Técnica 5 Nave B, 28522 Rivas Vaciamadrid,Madrid","Cantidad Neta: 50 g","Otras menciones obligatorias en la etiqueta: Una porción cprresponde al poder edulcorante de dos cucharaditas rasas de azucar. Adecuada para vegetarianos."],"ingredients":[" Dextrosa, maltodextrina, edulcorante sucralosa"],"conservation":" Mantener en un lugar fresco y seco.","ean":"4048132003977"},{"full_name":"CANDEREL edulcorante de aspartamo dosificador 300 comprimidos","name":"edulcorante de aspartamo dosificador 300 comprimidos","brand":"CANDEREL ","img":"https://sgfm.elcorteingles.es/SGFM/dctm/MEDIA02/CONTENIDOS/201507/08/00120930800162____1__600x600.jpg","price":"4,23 €","price_unit":"(0,01 € / Unidad)","categories":["Supermercado","Alimentación General","Azúcar y edulcorantes","Edulcorantes y fructosas","CANDEREL edulcorante de aspartamo dosificador 300 comprimidos"],"general_information":["Nombre del operador: Bolton Cile España","Dirección del operador: C\\ Ombú nº 3 28045 Madrid, España"],"ingredients":[],"ean":"7640110706817"},{"full_name":"CANDEREL edulcorante de aspartamo granulado envase 90 g","name":"edulcorante de aspartamo granulado envase 90 g","brand":"CANDEREL ","img":"https://sgfm.elcorteingles.es/SGFM/dctm/MEDIA03/201702/13/00120930800113____1__600x600.jpg","price":"4,64 €","price_unit":"(51,56 € / Kilo)","categories":["Supermercado","Alimentación General","Azúcar y edulcorantes","Edulcorantes y fructosas","CANDEREL edulcorante de aspartamo granulado envase 90 g"],"general_information":["Denominación del alimento: edulcorante de mesa","Nombre del operador: Bolton Cile España","Dirección del operador: C\\ Ombú nº 3 28045 Madrid, España","Cantidad Neta: 90 g"],"ingredients":[" Maltodextrina, edulcorantes (aspartamo* y acesulfamo K), aroma, *contiene una fuente de fenilalanina"],"ean":"7640110700914"},{"full_name":"TRUVIA endulzante 0 calorías de la hoja de Stevia 40 sobres caja 60 g","name":"endulzante 0 calorías de la hoja de Stevia 40 sobres caja 60 g","brand":"TRUVIA ","img":"https://sgfm.elcorteingles.es/SGFM/00/53/5/0120930800535/0120930800535000g01011.jpg","price":"2,17 €","price_unit":"(36,17 € / Kilo)","categories":["Supermercado","Alimentación General","Azúcar y edulcorantes","Edulcorantes y fructosas","TRUVIA endulzante 0 calorías de la hoja de Stevia 40 sobres caja 60 g"],"general_information":["Denominación del alimento: Edulcorante de mesa a base de glicósidos de esteviol","País de origen: España","Nombre del operador: Nueva comercial Azucarera S.L.","Dirección del operador: Avenida de Manoteras,46 28050 Madrid","Cantidad Neta: 60 g","Otras menciones obligatorias en la etiqueta: Un consumo excesivo puede producir efectos laxantes."],"ingredients":[" Azucar"],"conservation":" Conservese en lugar fresco y seco","ean":"8410714106790"},{"full_name":"MESURA edulcorante granulado a base de sacarinos con fructosa envase 250 g","name":"edulcorante granulado a base de sacarinos con fructosa envase 250 g","brand":"MESURA ","img":"https://sgfm.elcorteingles.es/SGFM/00/25/3/0120930800253/0120930800253000g01011.jpg","price":"2,58 €","price_unit":"(10,32 € / Kilo)","categories":["Supermercado","Alimentación General","Azúcar y edulcorantes","Edulcorantes y fructosas","MESURA edulcorante granulado a base de sacarinos con fructosa envase 250 g"],"general_information":[],"ingredients":[],"ean":"8410014436955"},{"full_name":"EMICELA Diet Sweet edulcorante bajo en calorías paquete 150 unidades","name":"Diet Sweet edulcorante bajo en calorías paquete 150 unidades","brand":"EMICELA ","img":"https://sgfm.elcorteingles.es/SGFM/00/51/9/0120930800519/0120930800519000g01011.jpg","price":"2,49 €","price_unit":"(0,02 € / Unidad)","categories":["Supermercado","Alimentación General","Azúcar y edulcorantes","Edulcorantes y fructosas","EMICELA Diet Sweet edulcorante bajo en calorías paquete 150 unidades"],"general_information":["Denominación del alimento: Edulcorante de bajo valor energético","Nombre del operador: Emicela S.A","Dirección del operador: C/ Canal Izquierdo, 5 Zona Industrial de Arinaga. 35118 Agüimes (Islas Canarias) España","Cantidad Neta: 150,0 g"],"ingredients":[" Dextrosa y edulcorantes (ciclamato sódico y sacarina sódica)."],"conservation":" Conservar en un lugar fresco y seco","ean":"8411303500050"},{"full_name":"EMICELA Diet Sweet edulcorante bajo en calorías paquete 60 unidades","name":"Diet Sweet edulcorante bajo en calorías paquete 60 unidades","brand":"EMICELA ","img":"https://sgfm.elcorteingles.es/SGFM/00/50/1/0120930800501/0120930800501000g01011.jpg","price":"1,10 €","price_unit":"(0,02 € / Unidad)","categories":["Supermercado","Alimentación General","Azúcar y edulcorantes","Edulcorantes y fructosas","EMICELA Diet Sweet edulcorante bajo en calorías paquete 60 unidades"],"general_information":["Denominación del alimento: Endulzante","Nombre del operador: Emicela S.A","Dirección del operador: C/ Canal Izquierdo, 5 Zona Industrial de Arinaga. 35118 Agüimes (Islas Canarias) España","Cantidad Neta: 60,0 g"],"ingredients":[" Dextrosa y edulcorantes (ciclamato sódico y sacarina sódica)."],"conservation":" Conservar en un lugar fresco y seco","ean":"8411303500074"},{"full_name":"SUSARON Endulsana edulcorante bajo indice glucemico 100% de frutas envase 440 g","name":"Endulsana edulcorante bajo indice glucemico 100% de frutas envase 440 g","brand":"SUSARON ","img":"https://sgfm.elcorteingles.es/SGFM/dctm/MEDIA02/CONTENIDOS/201504/24/00120930800691____1__600x600.jpg","price":"2,99 €","price_unit":"(6,80 € / Kilo)","categories":["Supermercado","Alimentación General","Azúcar y edulcorantes","Edulcorantes y fructosas","SUSARON Endulsana edulcorante bajo indice glucemico 100% de frutas envase 440 g"],"general_information":["Denominación del alimento: Extracto de frutas","Nombre del operador: Ángel Camacho Alimentación, S.L.","Dirección del operador: Avda. del Pilar, 6 - 41530 Morón de la Frontera (Sevilla)","Lugar de procedencia del alimento: Envasado en España","Cantidad Neta: 440 g"],"ingredients":[" extracto 100% procedente de frutas (algarroba, manzana y uva)."],"conservation":" N/A","ean":"8413630001026"},{"full_name":"AZUCAR BC edulcorante de mesa a base de azúcar de caña y extracto de Stevia Bajo en Calorías envase 390 g","name":"edulcorante de mesa a base de azúcar de caña y extracto de Stevia Bajo en Calorías envase 390 g","brand":"AZUCAR BC ","img":"https://sgfm.elcorteingles.es/SGFM/dctm/MEDIA03/201711/27/00120930500267____1__600x600.jpg","price":"3,03 €","price_unit":"(7,77 € / Kilo)","categories":["Supermercado","Alimentación General","Azúcar y edulcorantes","Edulcorantes y fructosas","AZUCAR BC edulcorante de mesa a base de azúcar de caña y extracto de Stevia Bajo en Calorías envase 390 g"],"general_information":["Denominación del alimento: Edulcorante de mesa a base de acesulfamo K y glucósidos de esteviol.","País de origen: México","Nombre del operador: VELDIS, S.A.","Dirección del operador: C/Puerto de Navacerrada, 59, 28935 Móstoles (Madrid).","Cantidad Neta: 390 g"],"ingredients":[" Azúcar de caña (99,47%), edulcorantes: acesulfamo K (0,5%) y glucósidos de esteviol (0,03%)."],"conservation":" Consérvese en un lugar fresco y seco.","ean":"7501096200501"}]