[{"full_name":"ADPAN churros sin gluten, sin leche, sin huevo, sin soja, sin frutos secos ni semillas bolsa 12 unidades","name":"churros sin gluten, sin leche, sin huevo, sin soja, sin frutos secos ni semillas bolsa 12 unidades","brand":"ADPAN ","img":"https://sgfm.elcorteingles.es/SGFM/dctm/MEDIA02/CONTENIDOS/201407/21/00120745700243____1__600x600.jpg","price":"4,20 €","price_unit":"(16,80 € / Kilo)","categories":["Supermercado","Dietéticos","Desayunos, dulces y pan","Bollería y pastelería","ADPAN churros sin gluten, sin leche, sin huevo, sin soja, sin frutos secos ni semillas bolsa 12 unidades"],"general_information":["Denominación del alimento: Churros","Nombre del operador: Adpan Europa, S.L.","Dirección del operador: Avenida Langreo, 12 - 33186 El Berron - Siero (Asturias)","Cantidad Neta: 250,0 g","Otras menciones obligatorias en la etiqueta: Contiene menos de 10 ppm de gluten. Sin gluten. Sin huevo. Sin frutos secos. Sin soja. Sin semillas. Sin cacahuetes."],"ingredients":[" Almidón de maíz, dextrosa, aceie de girasol, sal, emulgente (E-471), gasificante (E-500iii, E-450a), espesante (E-415, E-466) y antioxidante (E-300)."],"conservation":" Conservar a -18°C.","ean":"8436018831053"},{"full_name":"SPECIAL LINE magdalenas sin gluten 8 unidades envase 190 g","name":"magdalenas sin gluten 8 unidades envase 190 g","brand":"SPECIAL LINE ","img":"https://sgfm.elcorteingles.es/SGFM/01/08/9/0120745001089/0120745001089000g01011.jpg","price":"2,94 €","price_unit":"(15,47 € / Kilo)","categories":["Supermercado","Dietéticos","Desayunos, dulces y pan","Bollería y pastelería","SPECIAL LINE magdalenas sin gluten 8 unidades envase 190 g"],"general_information":["Denominación del alimento: MAGDALENAS","Nombre del operador: Elaborado para el Grupo El Corte Inglés\nHermosilla, 112 ? 28009 Madrid\nEspaña por NIF: B63803167","Cantidad Neta: 200 g","Número de raciones por envase: 8.0"],"ingredients":[" Ingredientes: Agua, aceites vegetales (girasol, oliva), azúcar moreno de caña integral, albúmina de huevo, maltodextrina de patata, almidón de patata, almidón de maíz, jarabe de glucosa-fructosa,  aromas, emulgentes (mono y diglicéridos de los ácidos grasos, ésteres poliglicéricos de ácidos grasos), caseinato cálcico (derivado de la leche), gasificantes (pirofosfato ácido de sodio, bicarbonato sódico), huevo en polvo, aroma natural, acidulante (ácido láctico). Puede contener trazas de soja."],"conservation":" Conservar en lugar seco y  fresco.","ean":"8433329031561"},{"full_name":"SPECIAL LINE churros sin gluten congelados 8 unidades estuche 150 g","name":"churros sin gluten congelados 8 unidades estuche 150 g","brand":"SPECIAL LINE ","img":"https://sgfm.elcorteingles.es/SGFM/dctm/MEDIA03/201606/20/00120745700847____1__600x600.jpg","price":"2,00 €","price_unit":"(13,33 € / Kilo)","categories":["Supermercado","Dietéticos","Desayunos, dulces y pan","Bollería y pastelería","SPECIAL LINE churros sin gluten congelados 8 unidades estuche 150 g"],"general_information":["Denominación del alimento: Churros Sin Gluten Congelados","Nombre del operador: Elaborado para el Grupo El Corte Inglés Hermosilla, 112. 28009 - Madrid - España por CIF: B-83490540","Cantidad Neta: 150 g","Número de raciones por envase: 2"],"ingredients":[" Ingredientes: Agua, preparado panificable  sin gluten (almidón de maíz, huevo, azúcares, estabilizador E- 415, sal, corrector de acidez E-341i, antioxidante E-300), manteca de cerdo (manteca de cerdo y antioxidantes: E-321 y E-330)  y sal. Puede contener trazas de leche, soja, sésamo, frutos de cáscara, pescado y mostaza."],"conservation":" Modo de conservación: conservar congelado a -18º\nNO VOLVER A CONGELAR UNA VEZ DESCONGELADO\nDespués de abrir mantener congelado a -18ºC o bien refrigerado un máximo de 3 días.","ean":"8433329065290"},{"full_name":"ESPIGA BIOLOGICA tartaletas integrales con albaricoque ecológicas envase 55 g","name":"tartaletas integrales con albaricoque ecológicas envase 55 g","brand":"ESPIGA BIOLOGICA ","img":"https://sgfm.elcorteingles.es/SGFM/dctm/MEDIA02/CONTENIDOS/201503/27/00120753000221____1__600x600.jpg","price":"2,80 €","price_unit":"(50,91 € / Kilo)","categories":["Supermercado","Dietéticos","Desayunos, dulces y pan","Bollería y pastelería","ESPIGA BIOLOGICA tartaletas integrales con albaricoque ecológicas envase 55 g"],"general_information":[],"ingredients":[],"ean":"8423245301152"},{"full_name":"ESPIGA BIOLOGICA tartaletas integrales con arándanos ecológicas envase 55 g","name":"tartaletas integrales con arándanos ecológicas envase 55 g","brand":"ESPIGA BIOLOGICA ","img":"https://sgfm.elcorteingles.es/SGFM/dctm/MEDIA02/CONTENIDOS/201503/27/00120753000213____1__600x600.jpg","price":"2,80 €","price_unit":"(50,91 € / Kilo)","categories":["Supermercado","Dietéticos","Desayunos, dulces y pan","Bollería y pastelería","ESPIGA BIOLOGICA tartaletas integrales con arándanos ecológicas envase 55 g"],"general_information":[],"ingredients":[],"ean":"8423245301169"},{"full_name":"ESPIGA BIOLOGICA tartaletas integrales con frutas de bosque ecológicas envase 55 g","name":"tartaletas integrales con frutas de bosque ecológicas envase 55 g","brand":"ESPIGA BIOLOGICA ","img":"https://sgfm.elcorteingles.es/SGFM/dctm/MEDIA02/CONTENIDOS/201503/27/00120753000239____1__600x600.jpg","price":"2,80 €","price_unit":"(50,91 € / Kilo)","categories":["Supermercado","Dietéticos","Desayunos, dulces y pan","Bollería y pastelería","ESPIGA BIOLOGICA tartaletas integrales con frutas de bosque ecológicas envase 55 g"],"general_information":[],"ingredients":[],"ean":"8423245301053"},{"full_name":"GERBLE magdalenas clásicas sin gluten bolsa 225 g","name":"magdalenas clásicas sin gluten bolsa 225 g","brand":"GERBLE ","img":"https://sgfm.elcorteingles.es/SGFM/dctm/MEDIA03/201604/26/00120745001873____1__600x600.jpg","price":"3,99 €","categories":["Supermercado","Dietéticos","Desayunos, dulces y pan","Bollería y pastelería","GERBLE magdalenas clásicas sin gluten bolsa 225 g"],"general_information":["Denominación del alimento: Magdalenas clásicas sin gluten","Nombre del operador: Nutrition & Santé Iberia, S.L.","Dirección del operador: Paseo de Gracia, nº 11 , Escalera B, 1ª planta. 08007 Barcelona","Cantidad Neta: 225 g","Número de raciones por envase: 6","Otras menciones obligatorias en la etiqueta: Consumir dentro de una alimentación variada y equilibrada y un estilo de vida saludable. Adecuadas para una dieta sin gluten."],"ingredients":[" Almidón de maíz, aceite de girasol, azúcar, huevo, harina de garbanzos, humectante: sorbitoles, gasificantes: difosfatos y carbonatos de sodio, conservante: sorbato potásico, estabilizante: goma xantana, esencia de limón."],"conservation":" Conservar en lugar fresco y seco.","ean":"3175681190221"},{"full_name":"GERBLE brownie de chocolate y almendras sin gluten caja 150 g","name":"brownie de chocolate y almendras sin gluten caja 150 g","brand":"GERBLE ","img":"https://sgfm.elcorteingles.es/SGFM/dctm/MEDIA03/201702/10/00200345001903____2__600x600.jpg","price":"3,78 €","price_unit":"(25,20 € / Kilo)","categories":["Supermercado","Dietéticos","Desayunos, dulces y pan","Bollería y pastelería","GERBLE brownie de chocolate y almendras sin gluten caja 150 g"],"general_information":["Denominación del alimento: Brownie con avellanas sin gluten, adecuados para una dieta sin gluten","Nombre del operador: Nutrition & Santé Iberia, S.L.","Dirección del operador: Paseo de Gracia, nº 11 , Escalera B, 1ª planta. 08007 Barcelona","Cantidad Neta: 150 g","Número de raciones por envase: 4"],"ingredients":[" Huevos, aceite de girasol alto oléico, azúcar, pepitas de chocolate 15,1% (pasta de cacao, azúcar, manteca de cacao, emulgente: lecitinas de soja, aroma natural de vainilla), avellanas 5,1%, harina de arroz 5,1%, almidón de maíz, humectante: sorbitoles, cacao en polvo desgrasado, emulgente: lecitinas, alcohol etílico, conservador: propionato de calcio, espesante: goma xantana, aroma."],"conservation":" Conservar en lugar fresco y seco.","ean":"3175681158047"},{"full_name":"ADPAN magdalenas sin gluten y sin lactosa envase 230 g","name":"magdalenas sin gluten y sin lactosa envase 230 g","brand":"ADPAN ","img":"https://sgfm.elcorteingles.es/SGFM/00/34/7/0120745000347/0120745000347000g01011.jpg","price":"3,25 €","price_unit":"(14,13 € / Kilo)","categories":["Supermercado","Dietéticos","Desayunos, dulces y pan","Bollería y pastelería","ADPAN magdalenas sin gluten y sin lactosa envase 230 g"],"general_information":["Denominación del alimento: Magdalenas","Nombre del operador: Adpan Europa, S.L.","Dirección del operador: Avda. Langreo, 12 - 33510 Asturias","Cantidad Neta: 230,0 g","Otras menciones obligatorias en la etiqueta: Sin soja. Sin frutos secos. Sin semillas. Sin leche. Sin gluten. Sin cacahuete. Contiene 88.74mg de colesterol por 100g de producto."],"ingredients":[" Almidón de maíz, harina de maíz, huevo, azúcar, aceite de girasol, fibra de bambú, dextrosa, sal, espesante (E-415; E-466), gasificante (E-500ii; E-541), emulgente (E-471), antioxidante (E-300) y conservador (E-200). Este producto contiene huevo."],"conservation":" A temperatura ambiente, en lugar seco, fresco, sin olores y preservado de la luz solar.","ean":"8436018830650"},{"full_name":"ADPAN palmeras sin huevo y sin gluten envase 100 g","name":"palmeras sin huevo y sin gluten envase 100 g","brand":"ADPAN ","img":"https://sgfm.elcorteingles.es/SGFM//01/60/0/0120745001600/0120745001600000g01011.jpg","price":"4,11 €","price_unit":"(41,10 € / Kilo)","categories":["Supermercado","Dietéticos","Desayunos, dulces y pan","Bollería y pastelería","ADPAN palmeras sin huevo y sin gluten envase 100 g"],"general_information":["Denominación del alimento: Palmeras","Nombre del operador: Adpan Europa, S.L.","Dirección del operador: Avda. Langreo, 12 - 33510 Asturias","Cantidad Neta: 100,0 g","Otras menciones obligatorias en la etiqueta: Sin gluten. Sin leche. Sin huevo. Sin soja. Sin frutos secos. Sin semillas. Sin cacahuete. Contiene <0.002mg de colesterol por 100g de producto. Contiene 94mg de colesterol por 100g de producto."],"ingredients":[" Almidón de maíz, margarina vegetal (Aceite de girasol, y palma, agua, sal, emulgente E-471; E-475), acidulante (E-330), conservador (E-200), antioxidante (E-306; E-304), aromas y colorante (E-160a)), azúcar, sal, agua, espesante (E-415), emulgente (E-472e; E-471), gasificante (E-500ii; E-541; E-341), antioxidante (E-300) y conservador (E-200)."],"conservation":" A temperatura ambiente y en lugar seco y fresco. Sin olores y preservado de la luz solar.","ean":"8436018830551"},{"full_name":"SANTIVERI Plum Cake integral bizcocho con pasas sin azúcares añadidos envase 300 g","name":"Plum Cake integral bizcocho con pasas sin azúcares añadidos envase 300 g","brand":"SANTIVERI ","img":"https://sgfm.elcorteingles.es/SGFM/dctm/MEDIA03/201710/02/00120729400968____2__600x600.jpg","price":"3,89 €","price_unit":"(12,97 € / Kilo)","categories":["Supermercado","Dietéticos","Desayunos, dulces y pan","Bollería y pastelería","SANTIVERI Plum Cake integral bizcocho con pasas sin azúcares añadidos envase 300 g"],"general_information":["Denominación del alimento: PLUM CAKE INTEGRAL","Nombre del operador: CASA SANTIVERI S.L.","Dirección del operador: ENCUNY 8, 08038 BARCELONA","Cantidad Neta: 300 g"],"ingredients":[" HARINA DE TRIGO INTEGRAL (27%), pasas (18%), aceite de girasol, maltitol (edulcorante), HUEVO LÍQUIDO ENTERO PASTEURIZADO, sorbitol (humectante) (57%), carbonato ácido de sodio (gasificante), sulfato de calcio (gasificante), difosfato disódico (gasificante), carbonato de calcio (gasificante), glicerina (estabilizador), ALMIDÓN DE TRIGO, mono y diglicéridos de ácidos grasos (emulgente), sal, ácido láctico (acidulante), sorbato potásico (conservador), goma guar (espesante), aroma"],"ean":"8412170014022"},{"full_name":"SANTIVERI cañas integrales con cabello de angel 6 unidades envase 200 g","name":"cañas integrales con cabello de angel 6 unidades envase 200 g","brand":"SANTIVERI ","img":"https://sgfm.elcorteingles.es/SGFM/dctm/MEDIA03/201702/27/00120729401529____1__600x600.jpg","price":"3,65 €","price_unit":"(18,25 € / Kilo)","categories":["Supermercado","Dietéticos","Desayunos, dulces y pan","Bollería y pastelería","SANTIVERI cañas integrales con cabello de angel 6 unidades envase 200 g"],"general_information":["Denominación del alimento: CAÑA INTEGRAL CON CABELLO DE ÁNGEL","Nombre del operador: CASA SANTIVERI S.L.","Dirección del operador: ENCUNY 8, 08038 BARCELONA","Cantidad Neta: 200 g"],"ingredients":[" HARINA DE TRIGO INTEGRAL ECOLÓGICO (42%), GRASA VEGETAL NO HIDROGENADA, grasa vegetal de palma, grasa vegetal de girasol, cabello de ángel (38%), pulpa de calabaza, jarabe de maltitol (edulcorante), jarabe de sorbitol (edulcorante), almidón, goma de garrofín (espesante), sorbato potásico (conservador), ácido cítrico (acidulante), aroma, LECHE, sal"],"ean":"8412170026353"},{"full_name":"SANTIVERI palmeritas integrales con fructosa envase 150 g","name":"palmeritas integrales con fructosa envase 150 g","brand":"SANTIVERI ","img":"https://sgfm.elcorteingles.es/SGFM/00/95/0/0120729400950/0120729400950000g01011.jpg","price":"2,79 €","price_unit":"(18,60 € / Kilo)","categories":["Supermercado","Dietéticos","Desayunos, dulces y pan","Bollería y pastelería","SANTIVERI palmeritas integrales con fructosa envase 150 g"],"general_information":["Denominación del alimento: PALMERITAS INTEGRALES","Nombre del operador: CASA SANTIVERI S.L.","Dirección del operador: ENCUNY 8, 08038 BARCELONA","Cantidad Neta: 150 g"],"ingredients":[" HARINA DE TRIGO INTEGRAL (37,8%), MARGARINA VEGETAL, aceite de girasol, ACEITE DE SOJA, grasa vegetal de palma, agua, sal, lecitina de girasol (emulgente), mono y diglicéridos de ácidos grasos (emulgente), ácido sórbico (conservador), ácido ascórbico (antioxidante), ácido cítrico (corrector de acidez), extracto rico en tocoferoles (antioxidante), colorante de carotenos, aroma, fructosa (15,1%), vinagre de manzana"],"ean":"8412170018969"},{"full_name":"SANTIVERI bizcochos integrales sin azúcar bandeja 200 g","name":"bizcochos integrales sin azúcar bandeja 200 g","brand":"SANTIVERI ","img":"https://sgfm.elcorteingles.es/SGFM/00/31/5/0120729400315/0120729400315000g01011.jpg","price":"2,69 €","price_unit":"(13,45 € / Kilo)","categories":["Supermercado","Dietéticos","Desayunos, dulces y pan","Bollería y pastelería","SANTIVERI bizcochos integrales sin azúcar bandeja 200 g"],"general_information":["Denominación del alimento: BIZCOCHOS INTEGRAL","Nombre del operador: CASA SANTIVERI S.L.","Dirección del operador: ENCUNY 8, 08038 BARCELONA","Cantidad Neta: 200 g"],"ingredients":[" HARINA DE TRIGO INTEGRAL (28%), fructosa (27%), HUEVO LÍQUIDO ENTERO PASTEURIZADO, aceite de girasol (17%), LECHE PASTEURIZADA, bicarbonato sódico (gasificante), difosfato disódico (gasificante), aroma"],"ean":"8412170013223"},{"full_name":"SANTIVERI lacitos con fibra sin azúcar envase 125 g","name":"lacitos con fibra sin azúcar envase 125 g","brand":"SANTIVERI ","img":"https://sgfm.elcorteingles.es/SGFM/dctm/MEDIA02/CONTENIDOS/201411/14/00120729400935____1__600x600.jpg","price":"2,59 €","price_unit":"(20,72 € / Kilo)","categories":["Supermercado","Dietéticos","Desayunos, dulces y pan","Bollería y pastelería","SANTIVERI lacitos con fibra sin azúcar envase 125 g"],"general_information":["Denominación del alimento: LACITOS","Nombre del operador: CASA SANTIVERI S.L.","Dirección del operador: ENCUNY 8, 08038 BARCELONA","Cantidad Neta: 125 g"],"ingredients":[" HARINA DE TRIGO, grasa vegetal de palma, aceite de girasol, agua, mono y diglicéridos de ácidos grasos (emulgente), maltitol (edulcorante), ácido cítrico (acidulante), inulina (1,8%), fibra de guisante (1,8%), maltodextrina, sal, aroma natural"],"ean":"8412170016682"},{"full_name":"SANTIVERI Noglut magdalenas rellenas de mermelada de fresa sin gluten sin lactosa envase 195 g","name":"Noglut magdalenas rellenas de mermelada de fresa sin gluten sin lactosa envase 195 g","brand":"SANTIVERI ","img":"https://sgfm.elcorteingles.es/SGFM/01/23/8/0120745001238/0120745001238000g01011.jpg","price":"2,94 €","price_unit":"(15,08 € / Kilo)","categories":["Supermercado","Dietéticos","Desayunos, dulces y pan","Bollería y pastelería","SANTIVERI Noglut magdalenas rellenas de mermelada de fresa sin gluten sin lactosa envase 195 g"],"general_information":["Denominación del alimento: MAGDALENAS RELLENAS DE MERMELADA DE","Nombre del operador: CASA SANTIVERI S.L.","Dirección del operador: ENCUNY 8, 08038 BARCELONA","Cantidad Neta: 195 g"],"ingredients":[" agua, aceite de girasol, aceite de oliva, azucar de caña integral, relleno mermelada fresa (12,5%), pulpa de fresa, zumo de limón, pectina (espesante), goma de garrofín (espesante), sorbato potásico (conservador), ALBÚMINA DE HUEVO EN POLVO, maltodextrina de patata, almidón de patata, almidón de maíz, jarabe de glucosa, aroma, mono y diglicéridos de ácidos grasos (emulgente), ésteres poliglicéridos  ácidos grasos (emulgente), CASEINATO CÁLCICO, pirofosfato ácido de sodio (gasificante), bicarbonato sódico (gasificante), HUEVO EN POLVO, aroma natural, hidroxipropilmetilcelulosa (estabilizador), ácido láctico (acidulante)"],"ean":"8412170029613"},{"full_name":"SANTIVERI Noglut magdalenas rellenas de crema de cacao sin gluten envase 195 g","name":"Noglut magdalenas rellenas de crema de cacao sin gluten envase 195 g","brand":"SANTIVERI ","img":"https://sgfm.elcorteingles.es/SGFM/01/22/0/0120745001220/0120745001220000g01011.jpg","price":"3,10 €","price_unit":"(15,90 € / Kilo)","categories":["Supermercado","Dietéticos","Desayunos, dulces y pan","Bollería y pastelería","SANTIVERI Noglut magdalenas rellenas de crema de cacao sin gluten envase 195 g"],"general_information":["Denominación del alimento: MAGDALENAS RELLENAS DE CREMA DE CAC","Nombre del operador: CASA SANTIVERI S.L.","Dirección del operador: ENCUNY 8, 08038 BARCELONA","Cantidad Neta: 195 g"],"ingredients":[" agua, aceite de girasol, aceite de oliva, azucar de caña integral, relleno crema de cacao (12,5%), grasa vegetal de palma, grasa vegetal de coco, cacao en polvo (13%), AVELLANA, LECITINA DE SOJA (EMULGENTE), vainilla, ALBÚMINA DE HUEVO EN POLVO, maltodextrina de patata, almidón de patata, almidón de maíz, jarabe de glucosa, aroma, mono y diglicéridos de ácidos grasos (emulgente), CASEINATO CÁLCICO, bicarbonato sódico (gasificante), pirofosfato ácido de sodio (gasificante), HUEVO EN POLVO, aroma natural, hidroxipropilmetilcelulosa (estabilizador), ácido láctico (acidulante)"],"ean":"8412170029767"},{"full_name":"SANTIVERI Noglut magdalenas con pepitas de chocolate sin gluten envase 170 g","name":"Noglut magdalenas con pepitas de chocolate sin gluten envase 170 g","brand":"SANTIVERI ","img":"https://sgfm.elcorteingles.es/SGFM/01/21/2/0120745001212/0120745001212000g01011.jpg","price":"3,05 €","price_unit":"(17,94 € / Kilo)","categories":["Supermercado","Dietéticos","Desayunos, dulces y pan","Bollería y pastelería","SANTIVERI Noglut magdalenas con pepitas de chocolate sin gluten envase 170 g"],"general_information":["Denominación del alimento: MAGDALENAS CON PEPITAS DE CHOCOLATE","Nombre del operador: CASA SANTIVERI S.L.","Dirección del operador: ENCUNY 8, 08038 BARCELONA","Cantidad Neta: 170 g"],"ingredients":[" agua, aceite de girasol, aceite de oliva, azucar de caña integral, chocolate (8,4%), pasta de cacao, manteca de cacao, LECITINA DE SOJA (EMULGENTE), almidón de maíz, maltodextrina de patata, ALBÚMINA DE HUEVO EN POLVO, aroma, mono y diglicéridos de ácidos grasos (emulgente), jarabe de glucosa, CASEINATO CÁLCICO, pirofosfato ácido de sodio (gasificante), bicarbonato sódico (gasificante), aroma natural, HUEVO EN POLVO, carboximetilcelulosa (estabilizador), ácido láctico (acidulante)"],"ean":"8412170029620"},{"full_name":"SANTIVERI Noglut bizcocho sin gluten y sin lactosa unidad 140 g","name":"Noglut bizcocho sin gluten y sin lactosa unidad 140 g","brand":"SANTIVERI ","img":"https://sgfm.elcorteingles.es/SGFM/dctm/MEDIA02/CONTENIDOS/201502/16/00120745000248____1__600x600.jpg","price":"3,25 €","price_unit":"(23,21 € / Kilo)","categories":["Supermercado","Dietéticos","Desayunos, dulces y pan","Bollería y pastelería","SANTIVERI Noglut bizcocho sin gluten y sin lactosa unidad 140 g"],"general_information":["Denominación del alimento: BIZCOCHO","Nombre del operador: CASA SANTIVERI S.L.","Dirección del operador: ENCUNY 8, 08038 BARCELONA","Cantidad Neta: 140 g"],"ingredients":[" aceite de girasol, azucar de caña integral, agua, almidón de maíz, maltodextrina de patata, ALBÚMINA DE HUEVO EN POLVO, huevo en polvo, bicarbonato sódico (gasificante), pirofosfato de ácido de sodio (gasificante), aroma natural, ácido láctico (acidulante), carboximetilcelulosa (estabilizador), ácido sórbico (conservador)"],"ean":"8412170016378"},{"full_name":"SANTIVERI Noglut bizcochos de cacao con pepitas sin gluten y sin lactosa envase 180 g","name":"Noglut bizcochos de cacao con pepitas sin gluten y sin lactosa envase 180 g","brand":"SANTIVERI ","img":"https://sgfm.elcorteingles.es/SGFM/00/31/3/0120745000313/0120745000313000g01011.jpg","price":"4,99 €","price_unit":"(27,72 € / Kilo)","categories":["Supermercado","Dietéticos","Desayunos, dulces y pan","Bollería y pastelería","SANTIVERI Noglut bizcochos de cacao con pepitas sin gluten y sin lactosa envase 180 g"],"general_information":[],"ingredients":[],"ean":"8412170022232"},{"full_name":"SANTIVERI Noglut magdalenas sin gluten sin lactosa bolsa 170 g","name":"Noglut magdalenas sin gluten sin lactosa bolsa 170 g","brand":"SANTIVERI ","img":"https://sgfm.elcorteingles.es/SGFM/01/06/3/0120745001063/0120745001063000g01011.jpg","price":"2,55 €","price_unit":"(15 € / Kilo)","categories":["Supermercado","Dietéticos","Desayunos, dulces y pan","Bollería y pastelería","SANTIVERI Noglut magdalenas sin gluten sin lactosa bolsa 170 g"],"general_information":["Denominación del alimento: MAGDALENAS","Nombre del operador: CASA SANTIVERI S.L.","Dirección del operador: ENCUNY 8, 08038 BARCELONA","Cantidad Neta: 170 g"],"ingredients":[" agua, aceite de girasol, aceite de oliva, azucar de caña integral, ALBÚMINA DE HUEVO EN POLVO, maltodextrina de patata, almidón de patata, almidón de maíz, jarabe de glucosa, aroma, mono y diglicéridos de ácidos grasos (emulgente), ésteres poliglicéridos  ácidos grasos (emulgente), CASEINATO CÁLCICO, pirofosfato ácido de sodio (gasificante), bicarbonato sódico (gasificante), HUEVO EN POLVO, hidroxipropilmetilcelulosa (estabilizador), ácido láctico (acidulante)"],"ean":"8412170029514"},{"full_name":"SANTIVERI Noglut brioches sin gluten y sin lactosa envase 200 g","name":"Noglut brioches sin gluten y sin lactosa envase 200 g","brand":"SANTIVERI ","img":"https://sgfm.elcorteingles.es/SGFM/00/27/1/0120745000271/0120745000271000g01011.jpg","price":"3,75 €","price_unit":"(18,75 € / Kilo)","categories":["Supermercado","Dietéticos","Desayunos, dulces y pan","Bollería y pastelería","SANTIVERI Noglut brioches sin gluten y sin lactosa envase 200 g"],"general_information":["Denominación del alimento: BRIOCHES","Nombre del operador: CASA SANTIVERI S.L.","Dirección del operador: ENCUNY 8, 08038 BARCELONA","Cantidad Neta: 200 g"],"ingredients":[" agua, harina de arroz, azucar de caña integral, aceite de palma, aceite de girasol, grasa vegetal de palma, grasa vegetal de girasol, mono y diglicéridos de ácidos grasos (emulgente), almidón de patata, almidón de maíz, HUEVO ENTERO EN POLVO, levadura, hidroxipropilmetilcelulosa (estabilizador), goma xantana (estabilizador), pirofosfato ácido de sodio (gasificante), bicarbonato sódico (gasificante), ésteres poliglicéridos  ácidos grasos (emulgente), sal, aroma, ácido sórbico (conservador)"],"ean":"8412170016361"},{"full_name":"SANTIVERI Noglut croissants sin gluten y sin lactosa envase 175 g","name":"Noglut croissants sin gluten y sin lactosa envase 175 g","brand":"SANTIVERI ","img":"https://sgfm.elcorteingles.es/SGFM/dctm/MEDIA02/CONTENIDOS/201502/16/00120745000263____1__600x600.jpg","price":"4,50 €","price_unit":"(25,71 € / Kilo)","categories":["Supermercado","Dietéticos","Desayunos, dulces y pan","Bollería y pastelería","SANTIVERI Noglut croissants sin gluten y sin lactosa envase 175 g"],"general_information":["Denominación del alimento: CROISSANTS","Nombre del operador: CASA SANTIVERI S.L.","Dirección del operador: ENCUNY 8, 08038 BARCELONA","Cantidad Neta: 175 g"],"ingredients":[" almidón de maíz, agua, aceite de palma, aceite de coco, aceite de girasol, grasa vegetal de palma, grasa vegetal de coco, grasa vegetal de girasol, mono y diglicéridos de ácidos grasos (emulgente), ácido cítrico (acidulante), sorbato potásico (conservador), aroma, colorante de carotenos, azucar de caña integral, CASEINATO CÁLCICO, hidroxipropilmetilcelulosa (estabilizador), levadura, sal, ácido sórbico (conservador)"],"ean":"8412170016408"},{"full_name":"SAN DIEGO magdalenas integrales sin azúcares añadidos bandeja 175 g","name":"magdalenas integrales sin azúcares añadidos bandeja 175 g","brand":"SAN DIEGO ","img":"https://sgfm.elcorteingles.es/SGFM/dctm/MEDIA02/CONTENIDOS/201506/17/00120722702535____1__600x600.jpg","price":"2,97 €","price_unit":"(16,97 € / Kilo)","categories":["Supermercado","Dietéticos","Desayunos, dulces y pan","Bollería y pastelería","SAN DIEGO magdalenas integrales sin azúcares añadidos bandeja 175 g"],"general_information":["Denominación del alimento: Magdalenas integrales sin azúcares añadidos","Nombre del operador: I.M.A.S.A, S.A","Dirección del operador: Camino de la Galeana nº 11. 28500 Arganda del Rey","Cantidad Neta: 1.6 Kilogramos","Número de raciones por envase: 9","Otras menciones obligatorias en la etiqueta: Un consumo excesivo puede tener efecto laxante. Producto libre de leche y derivados."],"ingredients":[" Harina de trigo, (gluten), huevos frescos de granja, aceite vegetal (girasol, soja (no alergénica) y oliva (11% del aceite)), edulcorantes (maltitol y acesulfame k (12 %)) y gasificantes: difosfato disódico y bicarbonato sódico."],"conservation":" Conservar en lugar fresco y seco.","ean":"8410581007497"},{"full_name":"SAN DIEGO croisants integrales ricos en fibra bolsa 300 g","name":"croisants integrales ricos en fibra bolsa 300 g","brand":"SAN DIEGO ","img":"https://sgfm.elcorteingles.es/SGFM/dctm/MEDIA02/CONTENIDOS/201506/24/00120729401842____1__600x600.jpg","price":"2,65 €","price_unit":"(8,83 € / Kilo)","categories":["Supermercado","Dietéticos","Desayunos, dulces y pan","Bollería y pastelería","SAN DIEGO croisants integrales ricos en fibra bolsa 300 g"],"general_information":["Denominación del alimento: Croissants Integral","Nombre del operador: I.M.A.S.A, S.A","Dirección del operador: Camino de la Galeana nº 11. 28500 Arganda del Rey","Cantidad Neta: 1500 g","Número de raciones por envase: 4"],"ingredients":[" Harina integral de trigo 35 %, grasa vegetal (grasa vegetal refinada (palma), aceite vegetal refinado (girasol), grasa vegetal refinada y parcialmente hidrogenada (palma), inulina, oligofructosa, agua, sal, emulgente (mono y diglicéridos de los ácidos grasos de origen vegetal), acidulante (ácido citrico), conservantes: ácido sórbico, antioxidantes: extractos naturales ricos en tocoferol y palmitato ascorbilo, aromas y colorante (b-caroteno)), fructosa 10 %, levadura prensada, huevo pasteurizado, aceite de soja, emulgente: ésteres de los mono y diglicéridos de los ácidos grasos, sal, humectante: glicerina, conservante: propionato cálcico y aroma."],"conservation":" Conservar en lugar fresco y seco.","ean":"8410581007428"},{"full_name":"SAN DIEGO mini croisants integrales con fructosa bolsa 10","name":"mini croisants integrales con fructosa bolsa 10 ","brand":"SAN DIEGO ","img":"https://sgfm.elcorteingles.es/SGFM/dctm/MEDIA03/201611/25/00120729401685____1__600x600.jpg","price":"2,10 €","price_unit":"(210 € / Kilo)","categories":["Supermercado","Dietéticos","Desayunos, dulces y pan","Bollería y pastelería","SAN DIEGO mini croisants integrales con fructosa bolsa 10"],"general_information":["Denominación del alimento: Mini croissants integral","Nombre del operador: I.M.A.S.A, S.A","Dirección del operador: Camino de la Galeana nº 11. 28500 Arganda del Rey","Cantidad Neta: 1250 g"],"ingredients":[" Harina integral de trigo 35 %,margarina vegetal(grasa vegetal refinada (palma),aceite vegetal refinado(girasol),grasa vegetal refinada y parcialmente hidrogenada(palma),agua,sal , emulgentes(mono y digliceridos de los ácidos grasos de origen vegetal),acidulante(ácido citrico),conservante:ácido sórbico,antioxidantes:extractos naturales ricos en tocoferol y palmitato ascorbilo,aromas y colorante(b-caroteno)),fructosa 10 %,levadura prensada,aceite de soja,emulgente:ésteres de los mono y diglicéridos de los ácidos grasos,sal,humectante:glicerina,conservante:propionato cálcico y aroma."],"conservation":" Conservar en lugar fresco y seco.","ean":"8410581005790"},{"full_name":"SAN DIEGO tortas de aceite integrales sin azúcar sin glucosa con fructosa envase 6 unidades","name":"tortas de aceite integrales sin azúcar sin glucosa con fructosa envase 6 unidades","brand":"SAN DIEGO ","img":"https://sgfm.elcorteingles.es/SGFM/dctm/MEDIA03/201604/28/00120729401859____1__600x600.jpg","price":"1,95 €","price_unit":"(325 € / Kilo)","categories":["Supermercado","Dietéticos","Desayunos, dulces y pan","Bollería y pastelería","SAN DIEGO tortas de aceite integrales sin azúcar sin glucosa con fructosa envase 6 unidades"],"general_information":["Denominación del alimento: Tortas integrales","Nombre del operador: I.M.A.S.A, S.A","Dirección del operador: Camino de la Galeana nº 11. 28500 Arganda del Rey","Cantidad Neta: 2400 g"],"ingredients":[" Harina de trigo integral (61,4 %)aceite vegetal (soja)(19,2%),fructosa(13,6%),anis en grano,ajónjoli,sal marina , levadura prensada  y aroma."],"conservation":" Conservar en lugar fresco y seco.","ean":"8410581001266"},{"full_name":"SAN DIEGO palmeras integrales de chocolate bandeja 200 g","name":"palmeras integrales de chocolate bandeja 200 g","brand":"SAN DIEGO ","img":"https://sgfm.elcorteingles.es/SGFM/dctm/MEDIA03/201706/05/00120729401867____1__600x600.jpg","price":"2,39 €","price_unit":"(11,95 € / Kilo)","categories":["Supermercado","Dietéticos","Desayunos, dulces y pan","Bollería y pastelería","SAN DIEGO palmeras integrales de chocolate bandeja 200 g"],"general_information":["Denominación del alimento: BANDEJA DE 200 GRAMOS PALMERAS   INTEGRALES CON CHOCOLATE","País de origen: España","Nombre del operador: IMASA","Dirección del operador: CAMINO DE LA GALEANA Nº 11.ARGANDA DEL REY  28500","Lugar de procedencia del alimento: España","Cantidad Neta: 200 g","Número de raciones por envase: 12","Otras menciones obligatorias en la etiqueta: Contiene gluten, y soja.pueden tener trazas de leche, huevo, frutos secos de cáscara y sésamo"],"ingredients":[" Harina de trigo integral(37,8%),cobertura especial con grasa vegetal sin azúcares añadidos 33%(edulcorante(maltitol,acesulfame K),grasas vegetales totalmente hidrogenadas(palma),cacao desgrasado en polvo(16%),emulgentes(E-322,E-476,E-492) y aroma),margarina vegetal(aceites vegetales(girasol y soja en proporción variable) y grasas vegetales (palma en proporción variable),agua,sal,emulgentes(mono y diglicéridos de ácidos grasos de origen vegetal y E-322:girasol),corrector de la acidez(ácido citrico),conservante(ácido sórbico),antioxidantes(palmitato de ascobilo y extracto rico en tocoferol),colorante(B-caroteno) y aromas),fructosa(15,1%), sal y vinagre de manzana."],"conservation":" Consérvese en lugar fresco y seco","ean":"8410581006032"},{"full_name":"BICENTURY bizcochos integrales bandeja 200 g","name":"bizcochos integrales bandeja 200 g","brand":"BICENTURY ","img":"https://sgfm.elcorteingles.es/SGFM/dctm/MEDIA03/201606/30/00120729401628____2__600x600.jpg","price":"2,01 €","price_unit":"(10,05 € / Kilo)","categories":["Supermercado","Dietéticos","Desayunos, dulces y pan","Bollería y pastelería","BICENTURY bizcochos integrales bandeja 200 g"],"general_information":["Denominación del alimento: Bizcochos integrales","País de origen: España","Nombre del operador: Biocentury S.L.U.","Dirección del operador: Ctra. N-II km 714. 17242 QUART-GIRONA","Cantidad Neta: 200 g","Otras menciones obligatorias en la etiqueta: Es importante seguir una dieta variada y equilibrada y un estilo de vida saludable. Se recomienda beber 2 L de agua al día."],"ingredients":[" Harina de trigo, aceite de girasol, azúcar, huevo líquido pasteurizado, humectantes (glicerina y sorbitol), salvado de trigo, inulina, gasificantes (bicarbonato sódico y difosfato disódico), conservador: E-200, acidulante E-330, aromas. Contiene gluten, huevo, y derivados de los mismos. Puede contener trazas de leche y sus derivados"],"conservation":" Conservar el producto en un lugar fresco y seco.","ean":"8423207540001"},{"full_name":"AIROS cake de chocolate sin gluten envase 380 g","name":"cake de chocolate sin gluten envase 380 g","brand":"AIROS ","img":"https://sgfm.elcorteingles.es/SGFM/dctm/MEDIA03/201703/16/00120745001576____2__600x600.jpg","price":"4,50 €","price_unit":"(11,84 € / Kilo)","categories":["Supermercado","Dietéticos","Desayunos, dulces y pan","Bollería y pastelería","AIROS cake de chocolate sin gluten envase 380 g"],"general_information":["Denominación del alimento: Cake con chocolate","País de origen: España","Nombre del operador: Airos Delicatessen S.L","Dirección del operador: Pol. Ind. El Canyet Parcela 4, Nave B, 08754 El Papiol (Barcelona) España","Cantidad Neta: 380 g"],"ingredients":[" Bizcocho  [HUEVO pasteurizado, aceite de girasol, almidón de maíz, azúcar, almidón de  arroz,  jarabe de glucosa y fructosa,  humectante(E422), gasificantes(E450, E500), harina de SOJA,  emulgente(E471),  sal, aroma,  conservadores(E200, E282)], crema de chocolate(22%) [agua, azúcar, dextrosa,  aceite vegetal, humectante(E422), pasta de AVELLANA, cacao en polvo(5%),  almidón, caramelo sacarosa, proteínas de la LECHE, estabilizantes(E460, E466),  acidulante(E270), conservante(E200), colorante(E171), sal, aroma]. Contiene FRUTOS DE CÁSCARA. Puede contener trazas de SULFITOS."],"conservation":" Conservar en lugar fresco y seco. No exponer a más de 20ºC.","ean":"8437012945630"},{"full_name":"AIROS magdalenas sin gluten envase 300 g","name":"magdalenas sin gluten envase 300 g","brand":"AIROS ","img":"https://sgfm.elcorteingles.es/SGFM/dctm/MEDIA03/201705/31/00120745001279____2__600x600.jpg","price":"3,25 €","price_unit":"(10,83 € / Kilo)","categories":["Supermercado","Dietéticos","Desayunos, dulces y pan","Bollería y pastelería","AIROS magdalenas sin gluten envase 300 g"],"general_information":["Denominación del alimento: Magdalenas","País de origen: España","Nombre del operador: Airos Delicatessen S.L","Dirección del operador: Pol. Ind. El Canyet Parcela 4, Nave B, 08754 El Papiol (Barcelona) España","Cantidad Neta: 280 g","Número de raciones por envase: 8","Otras menciones obligatorias en la etiqueta: Envasado en atmósfera protectora"],"ingredients":[" Huevo pasteurizado, aceite de girasol, almidón de arroz, azúcar, proteínas de la leche, humectante(E422), fibra de maíz, gasificantes(E450, E500), harina de soja, albúmina de huevo, sal, aroma, estabilizante(E412), conservador(E200). Contiene huevo, leche y soja."],"conservation":" Conservar en lugar fresco y seco. No exponer a más de 20ºC.","ean":"8437008021027"},{"full_name":"AIROS plum cake con chips de chocolate sin gluten estuche 300 g","name":"plum cake con chips de chocolate sin gluten estuche 300 g","brand":"AIROS ","img":"https://sgfm.elcorteingles.es/SGFM/dctm/MEDIA03/201703/24/00120745001923____1__600x600.jpg","price":"4,19 €","price_unit":"(13,97 € / Kilo)","categories":["Supermercado","Dietéticos","Desayunos, dulces y pan","Bollería y pastelería","AIROS plum cake con chips de chocolate sin gluten estuche 300 g"],"general_information":["Denominación del alimento: Plum cake con choco chips","País de origen: España","Nombre del operador: Airos Delicatessen S.L","Dirección del operador: Pol. Ind. El Canyet Parcela 4, Nave B, 08754 El Papiol (Barcelona) España","Cantidad Neta: 300 g","Otras menciones obligatorias en la etiqueta: Envasado en atmósfera protectora"],"ingredients":[" Almidón de arroz, huevo pasteurizado, aceite de girasol, azúcar, chips de chocolate(9,8%)[azúcar, pasta de cacao(43,6%), manteca de cacao(27,5%), cacao desgrasado en polvo(22,1%), emulgente(lecitina de soja(E322)), aroma, dextrosa], agua, jarabe de arroz, humectante(E422), fibra de maíz, almidón de maíz(sulfitos), harina de soja, gasificantes(E450, E500), sal, aroma, conservador(E200, E282). Contiene huevo, soja y sulfitos. Puede contener leche y lactosa."],"conservation":" Conservar en lugar fresco y seco. No exponer a más de 20ºC.","ean":"8437012945814"},{"full_name":"AIROS plum cake de cacao con chips de chocolate sin gluten estuche 300 g","name":"plum cake de cacao con chips de chocolate sin gluten estuche 300 g","brand":"AIROS ","img":"https://sgfm.elcorteingles.es/SGFM/dctm/MEDIA03/201703/22/00120745001931____1__600x600.jpg","price":"4,19 €","price_unit":"(13,97 € / Kilo)","categories":["Supermercado","Dietéticos","Desayunos, dulces y pan","Bollería y pastelería","AIROS plum cake de cacao con chips de chocolate sin gluten estuche 300 g"],"general_information":["Denominación del alimento: Plum cake de cacao con choco chips","País de origen: España","Nombre del operador: Airos Delicatessen S.L","Dirección del operador: Pol. Ind. El Canyet Parcela 4, Nave B, 08754 El Papiol (Barcelona) España","Cantidad Neta: 300 g","Otras menciones obligatorias en la etiqueta: Envasado en atmósfera protectora"],"ingredients":[" Huevo pasteurizado, almidón de arroz, aceite de girasol, azúcar, chips de chocolate(9,8%)[azúcar, pasta de cacao(43,6%), manteca de cacao(27,5%), cacao desgrasado en polvo(22,1%), emulgente(lecitina de soja(E322)), aroma, dextrosa], agua, jarabe de arroz, cacao en polvo alcalinizado(2%), humectante(E422), fibra de maíz, almidón de maíz(sulfitos), harina de soja, gasificantes(E450, E500), aroma, sal, conservadores(E200, E282). Contiene huevo, soja y sulfitos. Puede contener leche y lactosa."],"conservation":" Conservar en lugar fresco y seco. No exponer a más de 20ºC.","ean":"8437012945821"},{"full_name":"AIROS palmeras de masa hojaldrada sin gluten 2 unidades estuche 120 g","name":"palmeras de masa hojaldrada sin gluten 2 unidades estuche 120 g","brand":"AIROS ","img":"https://sgfm.elcorteingles.es/SGFM/dctm/MEDIA03/201705/31/00120745001899____3__600x600.jpg","price":"3,59 €","categories":["Supermercado","Dietéticos","Desayunos, dulces y pan","Bollería y pastelería","AIROS palmeras de masa hojaldrada sin gluten 2 unidades estuche 120 g"],"general_information":["Denominación del alimento: Palmeras","País de origen: España","Nombre del operador: Airos Delicatessen S.L","Dirección del operador: Pol. Ind. El Canyet Parcela 4, Nave B, 08754 El Papiol (Barcelona) España","Cantidad Neta: 120 g","Número de raciones por envase: 2"],"ingredients":[" Agua, almidón de maíz, margarina vegetal [aceite y grasa vegetales no hidrogenadas 80% (grasa(palma), aceite(girasol)), agua, emulgentes(E471, E475, E322), sal, corrector de acidez(E330), conservador(E202), aromas, colorante(beta caroteno)], proteínas de la leche, sal, estabilizantes(E415, E464), harina de soja, emulgentes(E472c, E473), azúcar, humectante(E422), conservador(E200), antioxidante(E300). Contiene leche y soja."],"conservation":" Conservar en lugar fresco y seco. No exponer a más de 20ºC.","ean":"8437008021362"},{"full_name":"AIROS palmeras con chocolate blanco sin gluten envase 150 g","name":"palmeras con chocolate blanco sin gluten envase 150 g","brand":"AIROS ","img":"https://sgfm.elcorteingles.es/SGFM/dctm/MEDIA03/201705/31/00120745001261____2__600x600.jpg","price":"3,90 €","price_unit":"(26 € / Kilo)","categories":["Supermercado","Dietéticos","Desayunos, dulces y pan","Bollería y pastelería","AIROS palmeras con chocolate blanco sin gluten envase 150 g"],"general_information":["Denominación del alimento: Palmeras blancas","País de origen: España","Nombre del operador: Airos Delicatessen S.L","Dirección del operador: Pol. Ind. El Canyet Parcela 4, Nave B, 08754 El Papiol (Barcelona) España","Cantidad Neta: 150 g","Número de raciones por envase: 2","Otras menciones obligatorias en la etiqueta: Envasado en atmósfera protectora"],"ingredients":[" Agua, almidón de maíz, margarina vegetal [aceite y grasa  vegetales(aceite(girasol), grasa(palma)), agua, emulgentes(E471, E475, E322),  sal, corrector de acidez(E330), conservador(E202), aromas, colorante(E160)], cobertura  blanca(15%) [azúcar,  grasa vegetal(palmiste), LECHE en polvo, LACTOSA, emulgente(E322(lecitina de SOJA)), aromas], chocolate negro [azúcar, aceites y grasas  vegetales(aceite(girasol, palma), grasa(palmiste, palma)), cacao desgrasado en  polvo(22%), emulgentes(E322, E492), aroma], proteínas de la LECH<b>E, sal, estabilizantes(E415, E464),  harina de SOJA, emulgentes(E472c, E473), azúcar, humectante(E422),  conservador(E200), antioxidante(E300). Contiene leche, soja, lactosa Puede contener frutos de cáscara."],"conservation":" Conservar en lugar fresco y seco. No exponer a más de 20ºC.","ean":"8437008021546"},{"full_name":"AIROS palmeras con chocolate negro sin gluten 2 unidades estuche 150 g","name":"palmeras con chocolate negro sin gluten 2 unidades estuche 150 g","brand":"AIROS ","img":"https://sgfm.elcorteingles.es/SGFM/dctm/MEDIA03/201705/31/00120745001907____3__600x600.jpg","price":"3,66 €            ","categories":["Supermercado","Dietéticos","Desayunos, dulces y pan","Bollería y pastelería","AIROS palmeras con chocolate negro sin gluten 2 unidades estuche 150 g"],"general_information":["Denominación del alimento: Palmeras con chocolate","País de origen: España","Nombre del operador: Airos Delicatessen S.L","Dirección del operador: Pol. Ind. El Canyet Parcela 4, Nave B, 08754 El Papiol (Barcelona) España","Cantidad Neta: 150 g","Número de raciones por envase: 2","Otras menciones obligatorias en la etiqueta: Envasado en atmósfera protectora"],"ingredients":[" Agua, almidón de maíz, margarina vegetal [aceite y  grasa vegetales(aceite(girasol), grasa(palma)), agua, emulgentes(E471, E475,  E322), sal, corrector de acidez(E330), conservador(E202), aromas, colorante(E160)],  cobertura de chocolate negro(15%) [azúcar, aceites y grasas vegetales(aceites(girasol,  palma), grasas(palmiste, palma)), cacao desgrasado en polvo(22%),  emulgentes(E322, E492), aroma], proteínas de la LECHE, sal,  estabilizantes(E415, E464), harina de SOJA, emulgentes(E472c, E473), azúcar,  humectante(E422), conservador(E200), antioxidante(E300).  Contiene leche y soja. Puede contener frutos de cáscara y lactosa."],"conservation":" Conservar en lugar fresco y seco. No exponer a más de 20ºC.","ean":"8437008021379"},{"full_name":"AIROS tortas de anís sin gluten envase 210 g","name":"tortas de anís sin gluten envase 210 g","brand":"AIROS ","img":"https://sgfm.elcorteingles.es/SGFM/dctm/MEDIA03/201706/22/00120745001501____7__600x600.jpg","price":"3,25 €","price_unit":"(15,48 € / Kilo)","categories":["Supermercado","Dietéticos","Desayunos, dulces y pan","Bollería y pastelería","AIROS tortas de anís sin gluten envase 210 g"],"general_information":["Denominación del alimento: Tortas de anís","País de origen: España","Nombre del operador: Airos Delicatessen S.L","Dirección del operador: Pol. Ind. El Canyet Parcela 4, Nave B, 08754 El Papiol (Barcelona) España","Cantidad Neta: 210 g","Número de raciones por envase: 5"],"ingredients":[" Agua, almidón de maíz, margarina\nvegetal [aceite y grasa vegetales no hidrogenadas 80% (grasa(palma), aceite(girasol)),\nagua, emulgentes(E471, E475, E322), sal, corrector de acidez(E330), conservador(E202),\naromas, colorante(beta caroteno)], proteínas de la LECHE, sal, estabilizantes(E415,\nE464), harina de SOJA, semillas de anís(1%), azúcar, emulgentes(E472c, E473), humectante(E422),\naroma, conservador(E200), antioxidante(E300). Puede contener trazas de HUEVO."],"conservation":" Conservar en lugar fresco y seco. No exponer a más de 20ºC.","ean":"8437012945104"},{"full_name":"AIROS tortas de anís bañadas en chocolate sin gluten envase 280 g","name":"tortas de anís bañadas en chocolate sin gluten envase 280 g","brand":"AIROS ","img":"https://sgfm.elcorteingles.es/SGFM/dctm/MEDIA03/201706/22/00120745001881____2__600x600.jpg","price":"3,92 €            ","categories":["Supermercado","Dietéticos","Desayunos, dulces y pan","Bollería y pastelería","AIROS tortas de anís bañadas en chocolate sin gluten envase 280 g"],"general_information":["Denominación del alimento: Torats de anís bañadas con chocolate","País de origen: España","Nombre del operador: Airos Delicatessen S.L","Dirección del operador: Pol. Ind. El Canyet Parcela 4, Nave B, 08754 El Papiol (Barcelona) España","Cantidad Neta: 280 g","Número de raciones por envase: 5"],"ingredients":[" Torta de anís [agua, almidón de maíz, margarina vegetal [aceite y grasa vegetales no hidrogenadas 80% (grasa(palma), aceite(girasol)), agua, emulgentes(E471, E475, E322), sal, corrector de acidez(E330), conservador(E202), aromas, colorante(beta caroteno)], proteínas de la LECHE, sal, estabilizantes(E415, E464), harina de SOJA, semillas de anís(1%), azúcar, emulgentes(E472c, E473), humectante(E422), aroma, conservador(E200), antioxidante(E300)], cobertura de chocolate negro(25%) [azúcar, grasas vegetales(palmiste, palma), cacao desgrasado en polvo(22%), aceites vegetales(girasol, palma), emulgentes(E322, E492), aroma]. Puede contener trazas de FRUTOS SECOS, HUEVO y LACTOSA."],"conservation":" Conservar en lugar fresco y seco. No exponer a más de 20ºC.","ean":"8437012945753"},{"full_name":"AIROS tarta sacher sin gluten estuche 580 g","name":"tarta sacher sin gluten estuche 580 g","brand":"AIROS ","img":"https://sgfm.elcorteingles.es/SGFM/dctm/MEDIA03/201706/22/00120745700946____2__600x600.jpg","price":"15,35 €            ","categories":["Supermercado","Dietéticos","Desayunos, dulces y pan","Bollería y pastelería","AIROS tarta sacher sin gluten estuche 580 g"],"general_information":["Denominación del alimento: Tarta sacher","País de origen: España","Nombre del operador: Airos Delicatessen S.L","Dirección del operador: Pol. Ind. El Canyet Parcela 4, Nave B, 08754 El Papiol (Barcelona) España","Cantidad Neta: 680 g","Otras menciones obligatorias en la etiqueta: Para descongelar mantener en el frigorífico durante 2h y no volver a congelar. Conservar en el frigorífico máximo 2 días dentro de su envase"],"ingredients":[" Bizcocho [HUEVO pasteurizado, azúcar, almidón de maíz, almidón de arroz, agua, jarabe de glucosa, cacao desgrasado en polvo, emulgentes(E471, E477, E470a), estabilizantes(E464, E412, E515, E1520), albúmina de HUEVO, gasificantes(E450, E500), aromas], cobertura de cacao [azúcar, grasa vegetal(palmiste, palma), cacao desgrasado en polvo, aceite vegetal(girasol, SOJA, colza en proporciones variables), pasta de AVELLANA, emulgentes(E322, E492, E476), aroma, antioxidantes(E304, E306)], mermelada de frambuesa [azúcar, agua, frambuesas, jarabe de glucosa y fructosa, espesantes(E1442, E410), gelificante(E440), acidulante(E330), conservador(E202), aroma de frambuesa], trufa montada [pasta de cacao, azúcar, manteca de cacao, emulgente(E322(lecitina de SOJA)), aroma, grasa vegetal(palmiste/palma totalmente hidrogenada), nata, LECHE desnatada, proteínas de la LECHE, emulgente(E472), conservador(E200), estabilizantes(E460, E466, E340, E407)], decoración de chocolate [pasta de cacao, manteca de cacao, emulgente(E322(lecitina de SOJA)), aroma, azúcar, LECHE en polvo, grasa de la LECHE, grasa vegetal(palma totalmente hidrogenada), colorantes(E171, E172, E101)], margarina vegetal [aceite y grasa vegetales(aceite(girasol), grasa(karité)), agua, emulgente(E471), sal, corrector de acidez(E330), aroma]."],"conservation":" Conservar a -18ºC","ean":"8437012945722"},{"full_name":"AIROS tarta de nata y yema sin gluten estuche 580 g","name":"tarta de nata y yema sin gluten estuche 580 g","brand":"AIROS ","img":"https://sgfm.elcorteingles.es/SGFM/dctm/MEDIA03/201706/22/00120745700938____2__600x600.jpg","price":"14,87 €            ","categories":["Supermercado","Dietéticos","Desayunos, dulces y pan","Bollería y pastelería","AIROS tarta de nata y yema sin gluten estuche 580 g"],"general_information":["Denominación del alimento: Tarta de nata y yema","País de origen: España","Nombre del operador: Airos Delicatessen S.L","Dirección del operador: Pol. Ind. El Canyet Parcela 4, Nave B, 08754 El Papiol (Barcelona) España","Cantidad Neta: 580 g","Otras menciones obligatorias en la etiqueta: Para descongelar mantener en el frigorífico durante 2h y no volver a congelar. Conservar en el frigorífico máximo 2 días dentro de su envase"],"ingredients":[" Nata montada(36%) [nata pura de vaca(LECHE), estabilizante(E407)], bizcocho [HUEVO pasteurizado, azúcar, almidón de maíz, almidón de arroz, agua, jarabe de glucosa, emulgentes(E471, E477, E470a), estabilizantes(E464, E412, E515, E1520), albúmina de HUEVO, gasificantes(E450, E500), aromas], yema pastelera(13%) [azúcar, HUEVO, jarabe de glucosa, almidón de maíz, corrector de acidez(E334), conservadores(E202, E281), colorantes(E120, E160b)], crocante de SOJA [azúcar, soja troceada y tostada], brillo pastelero [jarabe de glucosa, agua, azúcar, humectante(E422), gelificante(E440), estabilizante(E415), acidulante(E330), conservador(E202)], gelatina vegetal [agua, azúcar, jarabe de glucosa y fructosa, caramelo, estabilizantes(E440, E415), acidulante(E330), colorante(E150d), conservador(E202), espesante(E410), aroma], decoración de chocolate [azúcar, manteca de cacao, pasta de cacao, emulgente(E322(lecitina de SOJA)), LECHE en polvo, proteínas de la LECHE, grasa de la LECHE, aroma]."],"conservation":" Conservar a -18ºC","ean":"8437012945609"},{"full_name":"TAHO CEREAL tortas artesanas con anís y harina integral ecológicas paquete 180 g","name":"tortas artesanas con anís y harina integral ecológicas paquete 180 g","brand":"TAHO CEREAL ","img":"https://sgfm.elcorteingles.es/SGFM/dctm/MEDIA03/201710/03/00120753000387____2__600x600.jpg","price":"3,25 €","price_unit":"(18,06 € / Kilo)","categories":["Supermercado","Dietéticos","Desayunos, dulces y pan","Bollería y pastelería","TAHO CEREAL tortas artesanas con anís y harina integral ecológicas paquete 180 g"],"general_information":["Denominación del alimento: tortas artesanas con anis y harina integral","Nombre del operador: UPITA DE LOS REYES  S L","Dirección del operador: C/ DE FEDERICO GARCIA LORCA, 2 41950 CASTILLEJA DE LA CUESTA (España)","Cantidad Neta: 180 g"],"ingredients":[" harina de trigo* 38%, aceite de oliva virgen extra no hidrogenado* 24,5%, harina de trigo integral* 16,3%, ágave en polvo* 16,3%, especias aromáticas* (sésamo, anís en grano 0,8% y aceite esencial de anís 0,5%), levadura* y sal marina**.  (**)= Sal marina sin aditivos 100% garantizada. Contiene gluten y sésamo.(*)=De cultivo ecológico."],"conservation":" Conservar  en lugar fresco y seco.","ean":"8422584010091"},{"full_name":"TAHO CEREAL tortas artesanas con aceite de oliva y sirope de ágave ecológicas paquete 180 g","name":"tortas artesanas con aceite de oliva y sirope de ágave ecológicas paquete 180 g","brand":"TAHO CEREAL ","img":"https://sgfm.elcorteingles.es/SGFM/dctm/MEDIA02/CONTENIDOS/201601/21/00200353000276____1__600x600.jpg","price":"3,25 €","price_unit":"(18,06 € / Kilo)","categories":["Supermercado","Dietéticos","Desayunos, dulces y pan","Bollería y pastelería","TAHO CEREAL tortas artesanas con aceite de oliva y sirope de ágave ecológicas paquete 180 g"],"general_information":["Denominación del alimento: tortas artesanas con anis","Nombre del operador: UPITA DE LOS REYES  S L","Dirección del operador: C/ DE FEDERICO GARCIA LORCA, 2 41950 CASTILLEJA DE LA CUESTA (España)","Cantidad Neta: 180 g"],"ingredients":[" harina de trigo*, aceite de oliva virgen extra no hidrogenado* 23,7%, agave en polvo* 16,3%, especias aromáticas* * (ajonjolí, anís en grano* 0,8% y aceite esencial de anís* 0,5%), levadura* y sal**.  (**)= Sal marina sin aditivos 100% garantizada. Contiene gluten y sésamo. Puede contener trazas de frutos secos.(*)=De cultivo ecológico."],"conservation":" Mantener en lugar fresco y seco.","ean":"8422584009958"},{"full_name":"BONOMI torta con crema de avellana sin gluten envase 400 g","name":"torta con crema de avellana sin gluten envase 400 g","brand":"BONOMI ","img":"https://sgfm.elcorteingles.es/SGFM/dctm/MEDIA03/201603/14/00120745001865____1__600x600.jpg","price":"6,14 €","categories":["Supermercado","Dietéticos","Desayunos, dulces y pan","Bollería y pastelería","BONOMI torta con crema de avellana sin gluten envase 400 g"],"general_information":["Denominación del alimento: Torta de maíz y arroz con relleno de crema de avellana","País de origen: Italia","Nombre del operador: Inasa Import S.L","Dirección del operador: Calle Zurbarán 7. entreplanta 4-28010 Madrid","Lugar de procedencia del alimento: Italia","Cantidad Neta: 400 g","Número de raciones por envase: 8"],"ingredients":[" Crema de avellana 20% (agua, azúcar, jarabe de glucosa-fructosa de maíz, pasta de avellanas (9%), aceite de palma, coco y girasol, leche descremada en polvo, alcohol etílico, dextrosa de maíz, cacao en polvo, gelificante:pectina, conservante:sorbato de potasio, aromatizantes), azúcar, huevos frescos, aceite de girasol, harina de maíz, harina de arroz, fibra soluble de maíz, agua, proteínas de la leche, agentes leudantes:difosfato disódico, carbonato ácido de sodio, almidón de maíz, emulsionantes: mono y diglicéridos de los ácidos grasos, conservante: ácido sórbico, aromatizantes naturales, Ingredientes del sobre de azúcar glass: azúcar, almidón de maíz, aromatizantes. Puede contener trazas de frutos de cáscara y soja,"],"conservation":" Conservar en un lugar fresco y seco.","ean":"8002285102372"},{"full_name":"BONOMI plum cake con azúcar sin gluten envase 222 g","name":"plum cake con azúcar sin gluten envase 222 g","brand":"BONOMI ","img":"https://sgfm.elcorteingles.es/SGFM/dctm/MEDIA03/201603/14/00120745001824____1__600x600.jpg","price":"3,87 €","categories":["Supermercado","Dietéticos","Desayunos, dulces y pan","Bollería y pastelería","BONOMI plum cake con azúcar sin gluten envase 222 g"],"general_information":["Denominación del alimento: Plum Cake con perlas de azucar","País de origen: Italia","Nombre del operador: Inasa Import S.L","Dirección del operador: Calle Zurbarán 7. entreplanta 4-28010 Madrid","Lugar de procedencia del alimento: Italia","Cantidad Neta: 222 g","Número de raciones por envase: 6"],"ingredients":[" Harina de arroz, azúcar, aceite de semillas de girasol, huevos frescos, yogurt entero 7%, fécula de patata, fibra dietética: inulina, granillo de azúcar 2,5%, agentes leudantes (difosfato disódico, carbonato ácido de sodio, almidón de maíz), estabilizante: sorbitol, jarabe de glucosa, proteínas de laleche, leche entera en polvo, emulsionantes: mono y diglicéridos de los ácidos grasos, aromatizantes, conservante: ácido sórbico,espesante: goma de guar, Puede contener trazas de frutos de cáscara y soja,"],"conservation":" Conservar en un lugar fresco y seco.","ean":"8002285101726"},{"full_name":"BONOMI plum cake con crema de chocolate sin gluten envase 270 g","name":"plum cake con crema de chocolate sin gluten envase 270 g","brand":"BONOMI ","img":"https://sgfm.elcorteingles.es/SGFM/dctm/MEDIA03/201603/14/00120745001840____1__600x600.jpg","price":"3,87 €","categories":["Supermercado","Dietéticos","Desayunos, dulces y pan","Bollería y pastelería","BONOMI plum cake con crema de chocolate sin gluten envase 270 g"],"general_information":["Denominación del alimento: Plum cake relleno de crema de chocolate","País de origen: Italia","Nombre del operador: Inasa Import S.L","Dirección del operador: Calle Zurbarán 7. entreplanta 4-28010 Madrid","Lugar de procedencia del alimento: Italia","Cantidad Neta: 270 g","Número de raciones por envase: 6"],"ingredients":[" Crema de chocolate 20% ( jarabe de glucosa, agua, dextrosa, chocolate 11% (azúcar, cacao magro, mantequilla de cacao), aceite de girasol, leche desnatada en polvo, aromas, espesante : pectina, conservante: sorbato de potasio, sal), harina de arroz , azúcar, aceite de girasol, huevos frescos, yogurt entero, fécula de patata, fibra dietética: inulina, agentes leudantes (difosfato disódico, carbonato ácido de sodio, almidón de maíz), estabilizante: sorbitol, jarabe de glucosa, proteínas de la leche, leche entera en polvo, emulsionantes: mono y diglicéridos de los ácidos grasos, aromatizantes, conservante: ácido sórbico, espesante: goma guar, Puede contener trazas de frutos de cáscara y soja,"],"conservation":" Conservar en un lugar fresco y seco.","ean":"8002285102457"},{"full_name":"BONOMI plum cake al cacao con crema de avellanas sin gluten envase 270 g","name":"plum cake al cacao con crema de avellanas sin gluten envase 270 g","brand":"BONOMI ","img":"https://sgfm.elcorteingles.es/SGFM/dctm/MEDIA03/201603/14/00120745001832____1__600x600.jpg","price":"3,87 €","categories":["Supermercado","Dietéticos","Desayunos, dulces y pan","Bollería y pastelería","BONOMI plum cake al cacao con crema de avellanas sin gluten envase 270 g"],"general_information":["Denominación del alimento: Plum Cake de cacao con crema de avellanas","País de origen: Italia","Nombre del operador: Inasa Import S.L","Dirección del operador: Calle Zurbarán 7. entreplanta 4-28010 Madrid","Lugar de procedencia del alimento: Italia","Cantidad Neta: 270 g","Número de raciones por envase: 6"],"ingredients":[" Crema de avellana 20% (agua, azúcar, jarabe de glucosa-fructosa, pasta de avellanas (9%), grasa de palma, aceite de coco y girasol, leche descremada en polvo, alcohol etílico, dextrosa, cacao entero en polvo, gelificante: pectina, conservante: sorbato de potasio, aromatizantes), harina de arroz , azúcar, huevos frescos, aceite de semillas de girasol, yogurt entero, fécula de patata, cacao entero en polvo (2,5%), fibra dietética: inulina, agentes leudantes (difosfato disódico, carbonato ácido de sodio, almidón de maíz), estabilizante: sorbitol, jarabe de glucosa, proteínas de la leche, leche entera en polvo, emulsionantes: mono y diglicéridos de los ácidos grasos, conservante: ácido sórbico, aromatizantes, Puede contener trazas de frutos de cáscara y soja,"],"conservation":" Conservar en un lugar fresco y seco.","ean":"8002285101733"},{"full_name":"BONOMI plum cake con crema sin gluten envase 270 g","name":"plum cake con crema sin gluten envase 270 g","brand":"BONOMI ","img":"https://sgfm.elcorteingles.es/SGFM/dctm/MEDIA03/201603/14/00120745001857____1__600x600.jpg","price":"3,87 €","categories":["Supermercado","Dietéticos","Desayunos, dulces y pan","Bollería y pastelería","BONOMI plum cake con crema sin gluten envase 270 g"],"general_information":["Denominación del alimento: Plum cake relleno de crema","País de origen: Italia","Nombre del operador: Inasa Import S.L","Dirección del operador: Calle Zurbarán 7. entreplanta 4-28010 Madrid","Lugar de procedencia del alimento: Italia","Cantidad Neta: 270 g","Número de raciones por envase: 6"],"ingredients":[" Crema 20% ( jarabe de glucosa, azúcar, agua, grasa vegetal de palma, leche desnatada en polvo, zumo de limón, alcohol etílico, yema de huevos, aromas , estabilizante : pectina, conservante: sorbato de potasio), harina de arroz , azúcar, aceite de semillas de girasol, huevos frescos, yogurt entero, fécula de patata, fibra dietética: inulina, agentes leudantes (difosfato disódico, carbonato ácido de sodio, almidón de maíz), estabilizante: sorbitol, jarabe de glucosa, proteínas de la leche, leche entera en polvo, emulsionantes: mono y diglicéridos de los ácidos grasos, aromas, conservante: ácido sórbico,espesante: goma de guar, Puede contener trazas de frutos secos y productos a base de soja,"],"conservation":" Conservar en un lugar fresco y seco.","ean":"8002285102723"},{"full_name":"EL HORNO DE LEÑA caracola ecológica de espelta y albaricoque sin grasa de palma bolsa 250 g","name":"caracola ecológica de espelta y albaricoque sin grasa de palma bolsa 250 g","brand":"EL HORNO DE LEÑA ","img":"https://sgfm.elcorteingles.es/SGFM/dctm/MEDIA03/201706/07/00120729401925____1__600x600.jpg","price":"4,15 €","price_unit":"(16,60 € / Kilo)","categories":["Supermercado","Dietéticos","Desayunos, dulces y pan","Bollería y pastelería","EL HORNO DE LEÑA caracola ecológica de espelta y albaricoque sin grasa de palma bolsa 250 g"],"general_information":[],"ingredients":[],"ean":"8421615022119"},{"full_name":"EL HORNO DE LEÑA magdalenas de espelta ecológica bandeja 210 g","name":"magdalenas de espelta ecológica bandeja 210 g","brand":"EL HORNO DE LEÑA ","img":"https://sgfm.elcorteingles.es/SGFM/dctm/MEDIA03/201706/07/00120729401875____1__600x600.jpg","price":"3,25 €","price_unit":"(15,48 € / Kilo)","categories":["Supermercado","Dietéticos","Desayunos, dulces y pan","Bollería y pastelería","EL HORNO DE LEÑA magdalenas de espelta ecológica bandeja 210 g"],"general_information":[],"ingredients":[],"ean":"8421615023444"},{"full_name":"EL HORNO DE LEÑA croissants ecológico de espelta sin grasa de palma bolsa 300 g","name":"croissants ecológico de espelta sin grasa de palma bolsa 300 g","brand":"EL HORNO DE LEÑA ","img":"https://sgfm.elcorteingles.es/SGFM/dctm/MEDIA03/201706/07/00120729401917____1__600x600.jpg","price":"4,25 €","price_unit":"(14,17 € / Kilo)","categories":["Supermercado","Dietéticos","Desayunos, dulces y pan","Bollería y pastelería","EL HORNO DE LEÑA croissants ecológico de espelta sin grasa de palma bolsa 300 g"],"general_information":[],"ingredients":[],"ean":"8421615022102"},{"full_name":"EL HORNO DE LEÑA galletas chocomentas de espelta ecológicas bandeja 275 g","name":"galletas chocomentas de espelta ecológicas bandeja 275 g","brand":"EL HORNO DE LEÑA ","img":"https://sgfm.elcorteingles.es/SGFM/dctm/MEDIA03/201706/07/00120753000460____1__600x600.jpg","price":"5,25 €","price_unit":"(19,09 € / Kilo)","categories":["Supermercado","Dietéticos","Desayunos, dulces y pan","Bollería y pastelería","EL HORNO DE LEÑA galletas chocomentas de espelta ecológicas bandeja 275 g"],"general_information":["Denominación del alimento: Galletas de Espelta con Chocolate y Menta","Nombre del operador: H.T.L. S.A.","Dirección del operador: Torre del Bierzo, 3, P.I.  Cobo Calleja, 28947 Fuenlabrada, Madrid.","Cantidad Neta: 275 g","Otras menciones obligatorias en la etiqueta: Procedente de agricultura ecológica."],"ingredients":[" Harina de espelta (39%), aceite de coco, azúcar de caña, chocolate (14%) (azúcar, cacao (48% mínimo cacao), manteca de cacao, emulgente (lecitina de girasol) y vainilla), agua, salvado de espelta (4%), licuado de almendra, aceite esencial de menta (0,16%), gasificante (bicarbonato amónico), jenjibre, sal, canela y vainilla. Puede contener gluten, leche, huevo, soja, granos de sésamo y frutos de cáscara."],"conservation":" Mantener en lugar fresco y seco.","ean":"8421615023482"},{"full_name":"EL HORNO DE LEÑA rosquitos de espelta con chocolate blanco y semillas de chía ecológicos bandeja 160 g","name":"rosquitos de espelta con chocolate blanco y semillas de chía ecológicos bandeja 160 g","brand":"EL HORNO DE LEÑA ","img":"https://sgfm.elcorteingles.es/SGFM/dctm/MEDIA03/201706/07/00120753000452____1__600x600.jpg","price":"4,25 €","price_unit":"(26,56 € / Kilo)","categories":["Supermercado","Dietéticos","Desayunos, dulces y pan","Bollería y pastelería","EL HORNO DE LEÑA rosquitos de espelta con chocolate blanco y semillas de chía ecológicos bandeja 160 g"],"general_information":["Denominación del alimento: Rosquitos de Espelta con Chocolate Blanco y Semillas de Chías Ecológicos.","Nombre del operador: H.T.L. S.A.","Dirección del operador: Torre del Bierzo, 3, P.I.  Cobo Calleja, 28947 Fuenlabrada, Madrid.","Cantidad Neta: 160 g","Otras menciones obligatorias en la etiqueta: Procedente de agricultura ecológica."],"ingredients":[" Harina de espelta (35%), aceite de coco, chocolate blanco (20%) (azúcar, manteca de cacao (29,5% mínimo de cacao), leche en polvo y vainilla en polvo), sirope de espelta (5%), sirope de agave, salvado de espelta (3,1%), licuado de almendra, semillas de chía (1,2%), agua, sal, gasificantes (bicarbonato sódico y amónico), vainilla y canela. Puede contener huevo, soja, granos de sésamo y frutos de cáscara."],"conservation":" Mantener en lugar fresco y seco.","ean":"8421615023475"},{"full_name":"EL HORNO DE LEÑA rosquitos de espelta con chocolate ecológicos y sin gluten bandeja 160 g","name":"rosquitos de espelta con chocolate ecológicos y sin gluten bandeja 160 g","brand":"EL HORNO DE LEÑA ","img":"https://sgfm.elcorteingles.es/SGFM/dctm/MEDIA03/201706/07/00120753000445____1__600x600.jpg","price":"3,95 €","price_unit":"(24,69 € / Kilo)","categories":["Supermercado","Dietéticos","Desayunos, dulces y pan","Bollería y pastelería","EL HORNO DE LEÑA rosquitos de espelta con chocolate ecológicos y sin gluten bandeja 160 g"],"general_information":["Denominación del alimento: Rosquitos de Espelta y Chocolates Ecológicos","Nombre del operador: H.T.L. S.A.","Dirección del operador: Torre del Bierzo, 3, P.I.  Cobo Calleja, 28947 Fuenlabrada, Madrid.","Cantidad Neta: 160 g","Otras menciones obligatorias en la etiqueta: Procedente de agricultura ecológica."],"ingredients":[" Harina de espelta (38%), aceite de coco, chocolate (20%) (cacao (59,1% mínimo cacao), sirope de agave, manteca de cacao, inulina de agave, emulgente (lecitina de girasol) y vainilla)), sirope de espelta (5%), sirope de agave, salvado de espelta (3%), licuado de almendra, agua, sal, gasificantes (bicarbonato sódico y amónico), vainilla y canela. Puede contener leche, huevo, granos de sésamo y frutos de cáscara."],"conservation":" Mantener en lugar fresco y seco.","ean":"8421615023468"},{"full_name":"SCHAR Pausa Ciok tartitas de chocolate sin gluten  10 unidades estuche 350 g","name":"Pausa Ciok tartitas de chocolate sin gluten  10 unidades estuche 350 g","brand":"SCHAR ","img":"https://sgfm.elcorteingles.es/SGFM/dctm/MEDIA03/201610/19/00120745600641____1__600x600.jpg","price":"3,89 €","price_unit":"(11,11 € / Kilo)","categories":["Supermercado","Dietéticos","Desayunos, dulces y pan","Bollería y pastelería","SCHAR Pausa Ciok tartitas de chocolate sin gluten  10 unidades estuche 350 g"],"general_information":["Denominación del alimento: Cake sin gluten","País de origen: Italia","Nombre del operador: Dr. Schär AG / SPA","Dirección del operador: Winkelau 9 I-39014 Burgstall / Postal","Cantidad Neta: 350 g"],"ingredients":[" Ingredientes:azúcar, aceites y grasas vegetales (palma, palmiste,coco), HUEVO, jarabe de glucosa-fructosa, harina de arroz 7%, agua, lechedescremada en polvo 6%, almidón de maíz, cacao magro 1,8%, proteínas de la LECHE,harina de maíz, almidón de arroz, fibra de achicoria, extractos de frutas (algarroba, manzana), emulgentes: mono- y diglicéridos de los ácidos grasos,lecitina de SOJA, estabilizador: sorbitol, gasificantes:gluconodeltalactona, carbonato ácido de sodio; espesantes: goma xantana, harinade algarroba; gelificante: agar, sal, aromas."],"conservation":"Modo de empleo: No especificado","ean":"8008698002810"},{"full_name":"SCHAR Bon Matin Brioche sin gluten y sin lactosa envase 200 g","name":"Bon Matin Brioche sin gluten y sin lactosa envase 200 g","brand":"SCHAR ","img":"https://sgfm.elcorteingles.es/SGFM/dctm/MEDIA03/201612/20/00120745201267____1__600x600.jpg","price":"2,55 €","price_unit":"(12,75 € / Kilo)","categories":["Supermercado","Dietéticos","Desayunos, dulces y pan","Bollería y pastelería","SCHAR Bon Matin Brioche sin gluten y sin lactosa envase 200 g"],"general_information":["Denominación del alimento: pan dulce sin gluten","País de origen: Alemania","Nombre del operador: Dr. Schär AG","Dirección del operador: Winkelau 9; I-39014 Burgstall / Postal","Cantidad Neta: 200 g"],"ingredients":[" harina de arroz, almidón de maíz, agua, azúcar, huevos, margarina vegetal [grasas y aceites vegetales (palma, palmiste, coco, colza en proporción variable), agua, sal, emulgente: mono- y diglicéridos de ácidos grasos, aroma], almidón de arroz, jarabe de glucosa, emulgente: mono- y diglicéridos de ácidos grasos, espesantes: harina de semillas de guar, hidroxipropil metil celulosa; levadura, fibra de manzana, sal, acidificante: ácido cítrico, aroma. Puede contener trazas de soja y altramuz."],"conservation":" Conservar en lugar frío y seco","ean":"8008698001059"},{"full_name":"SCHAR muffins con yogurt sin gluten 4 unidades caja 260 g","name":"muffins con yogurt sin gluten 4 unidades caja 260 g","brand":"SCHAR ","img":"https://sgfm.elcorteingles.es/SGFM/dctm/MEDIA03/201604/20/00120745001808____2__600x600.jpg","price":"2,85 €","price_unit":"(10,96 € / Kilo)","categories":["Supermercado","Dietéticos","Desayunos, dulces y pan","Bollería y pastelería","SCHAR muffins con yogurt sin gluten 4 unidades caja 260 g"],"general_information":["Denominación del alimento: Magdalenas sin gluten","País de origen: España","Nombre del operador: Dr. Schär AG","Dirección del operador: Winkelau 9 - 39014 Burgstall/Postal","Cantidad Neta: 260 g"],"ingredients":[" huevos, azúcar, aceite de girasol, harina de arroz, harina de maíz, almidón de maíz, yogur desnatado 4% (leche), emulgentes: mono- y diglicéridos de ácidos grasos, estearoil lactilato sódico; almidón de arroz, gasificantes: tartrato monopotásico, carbonato ácido de sodio; extractos de fruta (algarroba, manzana), albúmina en polvo (huevo), sal, espesante: goma xantana, aromas naturales. Puede contener trazas de soja y altramuz."],"conservation":" Conservar en lugar fresco y seco","ean":"8008698014004"},{"full_name":"SCHAR muffins de chocolate sin gluten 4 unidades caja 260 g","name":"muffins de chocolate sin gluten 4 unidades caja 260 g","brand":"SCHAR ","img":"https://sgfm.elcorteingles.es/SGFM/dctm/MEDIA03/201604/20/00120745001790____2__600x600.jpg","price":"2,85 €","price_unit":"(10,96 € / Kilo)","categories":["Supermercado","Dietéticos","Desayunos, dulces y pan","Bollería y pastelería","SCHAR muffins de chocolate sin gluten 4 unidades caja 260 g"],"general_information":["Denominación del alimento: Magdalenas de chocolate sin gluten","País de origen: España","Nombre del operador: Dr. Schär AG","Dirección del operador: Winkelau 9 - 39014 Burgstall/Postal","Cantidad Neta: 260 g"],"ingredients":[" huevos, aceite de girasol, azúcar, harina de arroz,chocolate 11% (cacao, azúcar, pasta de cacao, manteca de cacao, cacao desnatadoen polvo, emulgente: lecitina de girasol), harina de maíz, almidón de maíz,extractos de fruta (algarroba, manzana), yogur desnatado 4% (leche),cacao en polvo 3%, emulgentes: mono- y diglicéridos de ácidos grasos, estearoillactilato sódico; gasificantes: tartrato monopotásico, carbonato ácido desodio, glucono-delta-lactona; almidón de arroz, albúmina en polvo (huevo),sal, espesante: goma xantana;aroma natural. Puede contener trazas de soja y altramuz."],"conservation":" Conservar en lugar fresco y seco","ean":"8008698014035"},{"full_name":"SCHAR bizcocho de limón sin gluten y sin lactosa paquete 250 g","name":"bizcocho de limón sin gluten y sin lactosa paquete 250 g","brand":"SCHAR ","img":"https://sgfm.elcorteingles.es/SGFM/dctm/MEDIA03/201611/14/00120745001782____7__600x600.jpg","price":"2,95 €","price_unit":"(11,80 € / Kilo)","categories":["Supermercado","Dietéticos","Desayunos, dulces y pan","Bollería y pastelería","SCHAR bizcocho de limón sin gluten y sin lactosa paquete 250 g"],"general_information":["Denominación del alimento: Cake sin gluten","País de origen: España","Nombre del operador: Dr. Schär AG / SPA","Dirección del operador: Winkelau 9 I-39014 Burgstall / Postal","Cantidad Neta: 250 g"],"ingredients":[" Ingredientes: HUEVO, azúcar, aceite de girasol, almidón de maíz, harinade arroz, preparado de limón 3% (azúcar, pulpa y zumo de limón 25%, jarabe deglucosa, aroma natural), harina de maíz, almidón de arroz, emulgentes: mono- ydiglicéridos de ácidos grasos, estearoil lactilato sódico; gasificantes:tartrato monopotásico, carbonato ácido de sodio; sal, extracto de la fruta(algarroba, manzana), espesante: goma xantana, aroma natural."],"conservation":"Modo de empleo: No especificado","ean":"8008698013663"},{"full_name":"SCHAR lenguas sin gluten y sin lactosa envase 150 g","name":"lenguas sin gluten y sin lactosa envase 150 g","brand":"SCHAR ","img":"https://sgfm.elcorteingles.es/SGFM/dctm/MEDIA03/201701/20/00120745301091____2__600x600.jpg","price":"3,15 €","price_unit":"(21 € / Kilo)","categories":["Supermercado","Dietéticos","Desayunos, dulces y pan","Bollería y pastelería","SCHAR lenguas sin gluten y sin lactosa envase 150 g"],"general_information":["Denominación del alimento: Galletas sin gluten","País de origen: Italia","Nombre del operador: Dr. Schär AG / SPA","Dirección del operador: Winkelau 9; 39014 Burgstall / Postal Italy","Cantidad Neta: 150 g"],"ingredients":[" huevos 30%, almidón de maíz, azúcar, harina de arroz, emulgente: mono- y diglicéridosde ácidos grasos, espesante: harina de semillas de guar, Estabilizante: jarabede sorbitol, sal, gasificante: carbonato ácido de amonio, aromas naturales"],"conservation":" Conservar en lugar frío y seco","ean":"8008698003060"},{"full_name":"SCHAR yogo cake plum cake sin gluten envase 198 g","name":"yogo cake plum cake sin gluten envase 198 g","brand":"SCHAR ","img":"https://sgfm.elcorteingles.es/SGFM/dctm/MEDIA03/201702/23/00120745001162____1__600x600.jpg","price":"3,35 €","price_unit":"(16,92 € / Kilo)","categories":["Supermercado","Dietéticos","Desayunos, dulces y pan","Bollería y pastelería","SCHAR yogo cake plum cake sin gluten envase 198 g"],"general_information":["Denominación del alimento: Cake sin gluten","País de origen: España","Nombre del operador: Dr. Schär AG / SPA","Dirección del operador: Winkelau 9 I-39014 Burgstall / Postal","Cantidad Neta: 198 g"],"ingredients":[" Ingredientes: Azúcar, almidón de arroz,HUEVO,aceite de girasol, yogur desnatado(leche) 11%, almidón de maíz,estabilizante: sorbitol; LECHE desnatada en polvo, margarina vegetal [ grasas y aceitesvegetales (palma, palmiste, coco, colzaen proporción variable), agua, sal, emulgente: mono- y diglicéridos de ácidosgrasos, aroma], jarabe de glucosa, proteínas de LECHE, albúmina de HUEVO enpolvo, emulgente: mono- y diglicéridos de ácidos grasos, gasificantes:difosfato disódico, carbonato ácido de sodio; espesantes:hidroxipropilmetilcelulosa, goma guar; sal, aromas naturales."],"conservation":"Modo de empleo: No especificado","ean":"8008698003596"},{"full_name":"SCHAR Bonta D'Italia tiramisú sin gluten 2 porciones individuales estuche 200 g","name":"Bonta D'Italia tiramisú sin gluten 2 porciones individuales estuche 200 g","brand":"SCHAR ","img":"https://sgfm.elcorteingles.es/SGFM/dctm/MEDIA02/CONTENIDOS/201511/10/00120745700748____2__600x600.jpg","price":"7,13 €","price_unit":"(35,65 € / Kilo)","categories":["Supermercado","Dietéticos","Desayunos, dulces y pan","Bollería y pastelería","SCHAR Bonta D'Italia tiramisú sin gluten 2 porciones individuales estuche 200 g"],"general_information":["Denominación del alimento: Tiramisù - Postre sin gluten","País de origen: Italia","Nombre del operador: Dr. Schär AG","Dirección del operador: Winkelau 9; 39014 Burgstall / Postal Italy","Cantidad Neta: 200 g"],"ingredients":[" queso mascarpone21% (crema de leche pasteurizada, correctorde la acidez: ácido cítrico), crema (leche)fresca pasteurizada 20%, lecheentera fresca pasteurizada 19%, azúcar, jarabe con sabor a café 9% (agua,azúcar, café infundido y destilado, alcohol etílico, aromas naturales), jarabede glucosa, galletas (huevos 30%,almidón de maíz, azúcar, harina de arroz, emulgente: mono- y diglicéridos deácidos grasos, espesante: goma de guar, sal, gasificante: carbonato ácido deamonio, aromas naturales), yema de huevo,fibra de achicoria, cacao en polvo, lactosa (leche), proteínas de leche,aromas naturales, estabilizador: harina de semilla de algarroba"],"ean":"8008698012598"},{"full_name":"SCHAR Marble Cake bizcocho de chocolate y vainilla sin gluten y sin lactosa envase 250 g","name":"Marble Cake bizcocho de chocolate y vainilla sin gluten y sin lactosa envase 250 g","brand":"SCHAR ","img":"https://sgfm.elcorteingles.es/SGFM/dctm/MEDIA03/201612/20/00120745001451____1__600x600.jpg","price":"3,20 €","price_unit":"(12,80 € / Kilo)","categories":["Supermercado","Dietéticos","Desayunos, dulces y pan","Bollería y pastelería","SCHAR Marble Cake bizcocho de chocolate y vainilla sin gluten y sin lactosa envase 250 g"],"general_information":["Denominación del alimento: Bizcocho con chocolate sin gluten","País de origen: España","Nombre del operador: Dr. Schär AG","Dirección del operador: Winkelau 9; 39014 Burgstall / Postal Italy","Cantidad Neta: 250 g"],"ingredients":[" Huevo, azúcar, aceite degirasol, harina de arroz, almidón de maíz, humectante: sorbitol, harina demaíz, almidón de arroz, cacao en polvo 1,4%, emulgente: mono- y diglicéridos deácidos grasos, gasificantes: difosfato disódico, carbonato ácido de sodio; espesantes:goma xantana, harina de algarroba; sal, aroma natural, acidulante: ácidotartárico. Puede contener trazas de soja y altramuz."],"conservation":" conservar en lugar fresco y seco","ean":"8008698009024"},{"full_name":"SCHAR Bon Choc panecillos con pepitas de chocolate sin gluten envase 220 g","name":"Bon Choc panecillos con pepitas de chocolate sin gluten envase 220 g","brand":"SCHAR ","img":"https://sgfm.elcorteingles.es/SGFM/dctm/MEDIA03/201702/23/00120745001469____1__600x600.jpg","price":"3,39 €","price_unit":"(15,41 € / Kilo)","categories":["Supermercado","Dietéticos","Desayunos, dulces y pan","Bollería y pastelería","SCHAR Bon Choc panecillos con pepitas de chocolate sin gluten envase 220 g"],"general_information":["Denominación del alimento: Pan dulce con trocitos de chocolate sin gluten","País de origen: España","Nombre del operador: Dr. Schär AG","Dirección del operador: Winkelau 9; I- 39014 Burgstall /  Postal","Cantidad Neta: 220 g"],"ingredients":[" almidón de maíz, harina de arroz, chocolate 14% (azúcar, pasta de cacao, manteca de cacao, cacao desnatado en polvo, emulgente: lecitina de girasol), azúcar, agua, huevo, margarina vegetal [grasas y aceites vegetales en proporciones variables (palma, palmiste, coco, colza), agua, sal, emulgente: mono-y diglicéridos de ácidos grasos; aroma], leche en polvo, emulgente: mono- y diglicéridos de ácidos grasos; fibra de manzana, jarabe de glucosa, levadura, espesantes: hidroxipropilmetilcelulosa, goma guar; sal, aroma natural, acidulante: ácido tartárico. Puede contener trazas de soja y altramuz."],"ean":"8008698009956"},{"full_name":"SCHAR croissants a la francesa sin gluten 4 unidades bolsa 220 g","name":"croissants a la francesa sin gluten 4 unidades bolsa 220 g","brand":"SCHAR ","img":"https://sgfm.elcorteingles.es/SGFM/dctm/MEDIA03/201602/10/00200345701304____2__600x600.jpg","price":"4,60 €","price_unit":"(20,91 € / Kilo)","categories":["Supermercado","Dietéticos","Desayunos, dulces y pan","Bollería y pastelería","SCHAR croissants a la francesa sin gluten 4 unidades bolsa 220 g"],"general_information":["Denominación del alimento: pan sin gluten","País de origen: Italia","Nombre del operador: Dr. Schär AG","Dirección del operador: Winkelau 9; 39014 Burgstall / Postal Italy","Cantidad Neta: 220 g"],"ingredients":[" almidón de trigo sin gluten, agua, margarinavegetal [grasas y aceites vegetales (palma, palmiste, coco, colza en proporción variable),agua, sal, emulsionante: mono- y diglicéridos de ácidos grasos, aroma], huevo, levadura,fibra de achicoria, dextrosa, fructosa, gasificantes: gluconodelta-lactona,carbonato ácido de sodio; albúmina de huevo,leche desnatada en polvo, azúcar, sal, emulgente:mono- y diglicéridos de ácidos grasos, espesante: goma xantana,aromas."],"ean":"8008698006696"},{"full_name":"ADPAN napolitana de chocolate sin gluten 2 unidades envase 105 g","name":"napolitana de chocolate sin gluten 2 unidades envase 105 g","brand":"ADPAN ","img":"https://sgfm.elcorteingles.es/SGFM/dctm/MEDIA02/CONTENIDOS/201407/21/00200345001333____1__600x600.jpg","price":"2,42 €","price_unit":"(23,05 € / Kilo)","categories":["Supermercado","Dietéticos","Desayunos, dulces y pan","Bollería y pastelería","ADPAN napolitana de chocolate sin gluten 2 unidades envase 105 g"],"general_information":["Denominación del alimento: Napolitana de chocolate","Nombre del operador: Adpan Europa, S.L.","Dirección del operador: Cl. La Sota, 1, 1ºA - 33186 Asturias","Cantidad Neta: 105,0 g","Otras menciones obligatorias en la etiqueta: Sin gluten. Sin leche. Sin huevo. Sin soja. Sin frutos secos. Sin semillas. Contiene 100mg de colesterol por 100g de producto."],"ingredients":[" Almidón de maíz, margarina vegetal, manteca de cacao, cacao en polvo, azúcares, sal, espesante (E-415, E-440, E-466), gasificantes (E-500ii, E-450i), emulsionante (E-471) y conservante (E-200)."],"conservation":" A temperatura ambiente y en lugar seco, fresco y preservado de la luz solar.","ean":"8436018838052"},{"full_name":"LARROSA DietBiscuits coquitos con choco con edulcorante y  sin azúcar añadido envase 200 g","name":"DietBiscuits coquitos con choco con edulcorante y  sin azúcar añadido envase 200 g","brand":"LARROSA ","img":"https://sgfm.elcorteingles.es/SGFM/dctm/MEDIA03/201702/01/00120742001041____2__600x600.jpg","price":"2,79 €","price_unit":"(13,95 € / Kilo)","categories":["Supermercado","Dietéticos","Desayunos, dulces y pan","Bollería y pastelería","LARROSA DietBiscuits coquitos con choco con edulcorante y  sin azúcar añadido envase 200 g"],"general_information":["Denominación del alimento: Coquitos con choco","Nombre del operador: Pastelería Larrosa","Dirección del operador: Calle Los Ángeles, 72, 50196 La Muela, Zaragoza","Cantidad Neta: 200 g","Otras menciones obligatorias en la etiqueta: Con edulcorantes. Un consumo excesivo puede producir efectos laxantes"],"ingredients":[" Coco (45%), maltitol, huevo, cobertura vegetal de chocolate con maltitol (13%), (grasa vegetal hidrogenada de palma, cacao en polvo semidesgrasado, maltito, manteca de cacao (3%), acesulfame K, lecitina de soja IP y vainillina), fécula de patata y aroma de coco. Puede contener gluten, frutos de cáscara, semillas de sésamo y derivados de leche,"],"conservation":" Mantener en lugar fresco y seco. Una vez abierto  mantener el envase bien cerrado","ean":"8421519001876"},{"full_name":"SANAVI bizcochos de vainilla sin azúcares añadidos tolerado por diabéticos envase 125 g","name":"bizcochos de vainilla sin azúcares añadidos tolerado por diabéticos envase 125 g","brand":"SANAVI ","img":"https://sgfm.elcorteingles.es/SGFM/dctm/MEDIA03/201706/27/00120729401354____2__600x600.jpg","price":"2,95 €","price_unit":"(23,60 € / Kilo)","categories":["Supermercado","Dietéticos","Desayunos, dulces y pan","Bollería y pastelería","SANAVI bizcochos de vainilla sin azúcares añadidos tolerado por diabéticos envase 125 g"],"general_information":["Denominación del alimento: Bizcochos dietéticos. Sin azúcares, con edulcorantes.","Nombre del operador: SANAVÍ S.A.","Dirección del operador: C/ Las Eras s/n - 18327 Láchar (Granada)","Cantidad Neta: 125 g","Otras menciones obligatorias en la etiqueta: Con edulcorantes."],"ingredients":[" Harina de trigo, edulcorantes (maltitol, acesulfame k), huevo pasteurizado, aceite de girasol, gluten de trigo, aceite de oliva virgen extra, emulgentes (mono y digliceridos de ácidos grasos, ésteres de poliglicéridos de ácidos grasos), gasificantes (pirofosfato ácido de sodio, bicarbonato sódico), aroma de vianilla, antioxidante (mezcla de tocoferoles). Un consumo excesivo puede producir efectos laxantes."],"conservation":" Mantener en lugar fresco y seco. Preservar de los rayos solares.","ean":"8425887001025"},{"full_name":"ADPAN magdalenas sin gluten envase 350 g","name":"magdalenas sin gluten envase 350 g","brand":"ADPAN ","img":"https://sgfm.elcorteingles.es/SGFM/dctm/MEDIA03/201609/19/00120745001816____1__600x600.jpg","price":"3,59 €","categories":["Supermercado","Dietéticos","Desayunos, dulces y pan","Bollería y pastelería","ADPAN magdalenas sin gluten envase 350 g"],"general_information":["Denominación del alimento: Magdalenas Receta Tradicional","Nombre del operador: Adpan Europa, S.L.","Dirección del operador: Avda. Langreo, 12 - 33510 Asturias","Cantidad Neta: 350 g","Número de raciones por envase: 12"],"ingredients":[" Huevo, mix magdalena 25% (Almidón de maíz, harina de maíz, dextrosa, sal, espesantes (E-415; E-466), gasi!cantes (E-500ii; E-450a; E-541i), fibra de bambú, conservador (E-200), emulgente (E-471), antioxidante (E-300)), aceite de girasol y azúcar. Contiene Huevo."],"ean":"8436018830391"}]