[{"full_name":"ALIADA café natural molido paquete 250 g","name":"café natural molido paquete 250 g","brand":"ALIADA ","img":"https://sgfm.elcorteingles.es/SGFM/dctm/MEDIA03/201603/11/00120603901941____1__600x600.jpg","price":"1,05 €","price_unit":"(4,20 € / Kilo)","categories":["Supermercado","Desayunos Dulces y pan","Desayunos, dulces y pan","Cafés y cacaos","Café natural molido","ALIADA café natural molido paquete 250 g"],"general_information":["Denominación del alimento: CAFÉ MOLIDO DE TUESTE NATURAL","Nombre del operador: Elaborado para el Grupo El Corte Inglés\nHermosilla, 112   28009 Madrid - España \npor NIF: B97848014","Cantidad Neta: 250 g"],"ingredients":[" Ingredientes: Café"],"conservation":" CONSEJOS DE CONSERVACIÓN.                                 Conservar en lugar fresco y seco.\nUna vez abierto el paquete, métalo en un recipiente hermético y consérvelo en el frigorífico hasta que vuelva a utilizarlo.","ean":"8433329000000"},{"full_name":"EL CORTE INGLES café natural molido paquete 250 g","name":"café natural molido paquete 250 g","brand":"EL CORTE INGLES ","img":"https://sgfm.elcorteingles.es/SGFM/dctm/MEDIA03/201611/22/00120603900711____3__600x600.jpg","price":"2,02 €","price_unit":"(8,08 € / Kilo)","categories":["Supermercado","Desayunos Dulces y pan","Desayunos, dulces y pan","Cafés y cacaos","Café natural molido","EL CORTE INGLES café natural molido paquete 250 g"],"general_information":["Denominación del alimento: Café molido de tueste natural","Nombre del operador: Seleccionado y elaborado para  El Corte Inglés por \nCafés Camuy, S.A. C/ Roma Nº 7 Polígono Industrial Ciudad de Parla 28983 Parla (Madrid) España","Cantidad Neta: 250 g"],"ingredients":[],"conservation":" CONSEJOS DE CONSERVACIÓN.\n? Una vez abierto el paquete, métalo en un recipiente hermético y consérvelo en el frigorífico hasta que vuelva a utilizarlo.","ean":"8433329051156"},{"full_name":"EL CORTE INGLES café natural molido Colombia-Brasil paquete 250 g","name":"café natural molido Colombia-Brasil paquete 250 g","brand":"EL CORTE INGLES ","img":"https://sgfm.elcorteingles.es/SGFM/dctm/MEDIA03/201604/26/00120603900729____1__600x600.jpg","price":"2,35 €","price_unit":"(9,40 € / Kilo)","categories":["Supermercado","Desayunos Dulces y pan","Desayunos, dulces y pan","Cafés y cacaos","Café natural molido","EL CORTE INGLES café natural molido Colombia-Brasil paquete 250 g"],"general_information":["Denominación del alimento: Café molido de tueste natural","Nombre del operador: Seleccionado y elaborado para  El Corte Inglés por \nCafés Camuy, S.A. C/ Roma Nº 7 Polígono Industrial Ciudad de Parla 28983 Parla (Madrid) España","Cantidad Neta: 250 g"],"ingredients":[],"conservation":" CONSEJOS DE CONSERVACIÓN.\n? Una vez abierto el paquete, métalo en un recipiente hermético y consérvelo en el frigorífico hasta que vuelva a utilizarlo.","ean":"8433329051163"},{"full_name":"EL CORTE INGLES café natural molido Arabica Colombia 100% paquete 250 g","name":"café natural molido Arabica Colombia 100% paquete 250 g","brand":"EL CORTE INGLES ","img":"https://sgfm.elcorteingles.es/SGFM/dctm/MEDIA03/201607/13/00120603900745____2__600x600.jpg","price":"2,35 €","price_unit":"(9,40 € / Kilo)","categories":["Supermercado","Desayunos Dulces y pan","Desayunos, dulces y pan","Cafés y cacaos","Café natural molido","EL CORTE INGLES café natural molido Arabica Colombia 100% paquete 250 g"],"general_information":["Denominación del alimento: Café molido de tueste natural","Nombre del operador: Seleccionado y elaborado para  El Corte Inglés por \nCafés Camuy, S.A. C/ Roma Nº 7 Polígono Industrial Ciudad de Parla 28983 Parla (Madrid) España","Cantidad Neta: 250 g"],"ingredients":[],"conservation":" CONSEJOS DE CONSERVACIÓN.\n? Una vez abierto el paquete, métalo en un recipiente hermético y consérvelo en el frigorífico hasta que vuelva a utilizarlo.","ean":"8433329051149"},{"full_name":"EL CORTE INGLES cafe molido de tueste natural 100% arabica lata 250 g","name":"cafe molido de tueste natural 100% arabica lata 250 g","brand":"EL CORTE INGLES ","img":"https://sgfm.elcorteingles.es/SGFM/dctm/MEDIA03/201706/22/00120603902642____1__600x600.jpg","price":"7,13 €","price_unit":"(28,52 € / Kilo)","categories":["Supermercado","Desayunos Dulces y pan","Desayunos, dulces y pan","Cafés y cacaos","Café natural molido","EL CORTE INGLES cafe molido de tueste natural 100% arabica lata 250 g"],"general_information":["Denominación del alimento: Café molido de tueste natural","Nombre del operador: Seleccionado y elaborado para  El Corte Inglés por \nCafés Camuy, S.A. C/ Roma Nº 7 Polígono Industrial Ciudad de Parla 28983 Parla (Madrid) España","Cantidad Neta: 250 g"],"ingredients":[],"conservation":" Una vez abierta la lata, conservar cerrada en un lugar fresco y seco.","ean":"8433329075879"},{"full_name":"EL CORTE INGLES café molido natural Brasil Sul de Minas lata 250 g","name":"café molido natural Brasil Sul de Minas lata 250 g","brand":"EL CORTE INGLES ","img":"https://sgfm.elcorteingles.es/SGFM/dctm/MEDIA03/201707/17/00120603902667____1__600x600.jpg","price":"8,52 €","price_unit":"(34,08 € / Kilo)","categories":["Supermercado","Desayunos Dulces y pan","Desayunos, dulces y pan","Cafés y cacaos","Café natural molido","EL CORTE INGLES café molido natural Brasil Sul de Minas lata 250 g"],"general_information":["Denominación del alimento: Café molido de tueste natural","Nombre del operador: Seleccionado y elaborado para  El Corte Inglés por \nCafés Camuy, S.A. C/ Roma Nº 7 Polígono Industrial Ciudad de Parla 28983 Parla (Madrid) España","Cantidad Neta: 250 g"],"ingredients":[],"conservation":" Una vez abierta la lata, conservar cerrada en un lugar fresco y seco.","ean":"8433329078634"},{"full_name":"EL CORTE INGLES café molido natural Colombia Huila lata 250 g","name":"café molido natural Colombia Huila lata 250 g","brand":"EL CORTE INGLES ","img":"https://sgfm.elcorteingles.es/SGFM/dctm/MEDIA03/201707/17/00120603902659____1__600x600.jpg","price":"7,13 €","price_unit":"(28,52 € / Kilo)","categories":["Supermercado","Desayunos Dulces y pan","Desayunos, dulces y pan","Cafés y cacaos","Café natural molido","EL CORTE INGLES café molido natural Colombia Huila lata 250 g"],"general_information":["Denominación del alimento: Café molido de tueste natural","País de origen: Colombia","Nombre del operador: Seleccionado y elaborado para  El Corte Inglés por \nCafés Camuy, S.A. C/ Roma Nº 7 Polígono Industrial Ciudad de Parla 28983 Parla (Madrid) España","Cantidad Neta: 250 g"],"ingredients":[],"conservation":" Una vez abierta la lata, conservar cerrada en un lugar fresco y seco.","ean":"8433329078627"},{"full_name":"EL CORTE INGLES café natural molido Kenya lata 250 g","name":"café natural molido Kenya lata 250 g","brand":"EL CORTE INGLES ","img":"https://sgfm.elcorteingles.es/SGFM/dctm/MEDIA03/201707/17/00120603902675____1__600x600.jpg","price":"10,15 €","price_unit":"(40,60 € / Kilo)","categories":["Supermercado","Desayunos Dulces y pan","Desayunos, dulces y pan","Cafés y cacaos","Café natural molido","EL CORTE INGLES café natural molido Kenya lata 250 g"],"general_information":["Denominación del alimento: Café molido de tueste natural","País de origen: Kenia","Nombre del operador: Seleccionado y elaborado para  El Corte Inglés por \nCafés Camuy, S.A. C/ Roma Nº 7 Polígono Industrial Ciudad de Parla 28983 Parla (Madrid) España","Cantidad Neta: 250 g"],"ingredients":[],"conservation":" Una vez abierta la lata, conservar cerrada en un lugar fresco y seco.","ean":"8433329078641"},{"full_name":"MARCILLA Gran Aroma café natural molido paquete 500 g","name":"Gran Aroma café natural molido paquete 500 g","brand":"MARCILLA ","img":"https://sgfm.elcorteingles.es/SGFM/dctm/MEDIA03/201702/21/00120603902428____2__600x600.jpg","price":"4,88 €","price_unit":"(9,76 € / Kilo)","categories":["Supermercado","Desayunos Dulces y pan","Desayunos, dulces y pan","Cafés y cacaos","Café natural molido","MARCILLA Gran Aroma café natural molido paquete 500 g"],"general_information":["Denominación del alimento: Café molido de tueste natural","Nombre del operador: JACOBS DOUWE EGBERTS B.V.","Dirección del operador: Oosterdoksstraat 80, 1011 DK Amsterdam The Netherlands","Cantidad Neta: 0.5 Kilogramos"],"ingredients":[],"conservation":"Modo de empleo: Para cafetera tradicional. Para disfrutar todo su aroma y sabor, Marcilla recomienda: 1. Mantener el café en el envase original en un lugar fresco y seco 2. Utilizar agua de la máxima pureza. 3. No dejar hervir el café. 4. Remover en la cafetera antes de servir. 5. Servir el café recién hecho, nunca recalentado.","ean":"8410091055056"},{"full_name":"MARCILLA Gran Aroma café natural molido paquete 250 g","name":"Gran Aroma café natural molido paquete 250 g","brand":"MARCILLA ","img":"https://sgfm.elcorteingles.es/SGFM/00/35/6/0120603900356/0120603900356000g01011.jpg","price":"2,49 €","price_unit":"(9,96 € / Kilo)","categories":["Supermercado","Desayunos Dulces y pan","Desayunos, dulces y pan","Cafés y cacaos","Café natural molido","MARCILLA Gran Aroma café natural molido paquete 250 g"],"general_information":["Denominación del alimento: Café molido de tueste natural","Nombre del operador: JACOBS DOUWE EGBERTS B.V.","Dirección del operador: Oosterdoksstraat 80, 1011 DK Amsterdam The Netherlands","Cantidad Neta: 0.25 Kilogramos"],"ingredients":[],"conservation":"Modo de empleo: Para cafetera tradicional. Para disfrutar todo su aroma y sabor, Marcilla recomienda: 1. Mantener el café en el envase original en un lugar fresco y seco 2. Utilizar agua de la máxima pureza. 3. No dejar hervir el café. 4. Remover en la cafetera antes de servir. 5. Servir el café recién hecho, nunca recalentado.","ean":"8410091170049"},{"full_name":"MARCILLA Creme Express café natural molido paquete 250 g","name":"Creme Express café natural molido paquete 250 g","brand":"MARCILLA ","img":"https://sgfm.elcorteingles.es/SGFM/dctm/MEDIA03/201612/22/00120603900414____6__600x600.jpg","price":"3,19 €","price_unit":"(12,76 € / Kilo)","categories":["Supermercado","Desayunos Dulces y pan","Desayunos, dulces y pan","Cafés y cacaos","Café natural molido","MARCILLA Creme Express café natural molido paquete 250 g"],"general_information":["Denominación del alimento: Café molido de tueste natural","Nombre del operador: JACOBS DOUWE EGBERTS B.V.","Dirección del operador: Oosterdoksstraat 80, 1011 DK Amsterdam The Netherlands","Cantidad Neta: 0.25 Kilogramos"],"ingredients":[],"conservation":"Modo de empleo: Para disfrutar todo su aroma y sabor, Marcilla recomienda: 1. El perfecto espresso se prepara con 7g por taza (30 - 40 ml). 2. Prensar suavemente nivelando el café en el cacillo. 3. El tiempo de extracción óptimo es de 20-30 segundos. 4. Utilizar agua de la máxima pureza. 5. Mantener el café en el envase original en un lugar fresco y seco.","ean":"8410091073616"},{"full_name":"SAIMAZA café natural molido formato ahorro paquete 500 g","name":"café natural molido formato ahorro paquete 500 g","brand":"SAIMAZA ","img":"https://sgfm.elcorteingles.es/SGFM/dctm/MEDIA03/201701/17/00120603902626____1__600x600.jpg","price":"4,06 €","price_unit":"(8,12 € / Kilo)","categories":["Supermercado","Desayunos Dulces y pan","Desayunos, dulces y pan","Cafés y cacaos","Café natural molido","SAIMAZA café natural molido formato ahorro paquete 500 g"],"general_information":["Denominación del alimento: Café molido de tueste natural.","Nombre del operador: JACOBS DOUWE EGBERTS B.V.","Dirección del operador: Oosterdoksstraat 80, 1011 DK Amsterdam The Netherlands","Cantidad Neta: 0.5 Kilogramos"],"ingredients":[],"conservation":" Conservar en un lugar fresco y seco.","ean":"8711000668337"},{"full_name":"SAIMAZA Gran Selección café natural molido paquete 250 g","name":"Gran Selección café natural molido paquete 250 g","brand":"SAIMAZA ","img":"https://sgfm.elcorteingles.es/SGFM/00/22/4/0120603900224/0120603900224000g01011.jpg","price":"2,85 €","price_unit":"(11,40 € / Kilo)","categories":["Supermercado","Desayunos Dulces y pan","Desayunos, dulces y pan","Cafés y cacaos","Café natural molido","SAIMAZA Gran Selección café natural molido paquete 250 g"],"general_information":["Denominación del alimento: Café molido de tueste natural.","Nombre del operador: JACOBS DOUWE EGBERTS B.V.","Dirección del operador: Oosterdoksstraat 80, 1011 DK Amsterdam The Netherlands","Cantidad Neta: 0.25 Kilogramos"],"ingredients":[],"conservation":" Conservar en un lugar fresco y seco.","ean":"8711000527597"},{"full_name":"SAIMAZA café natural molido paquete 250 g","name":"café natural molido paquete 250 g","brand":"SAIMAZA ","img":"https://sgfm.elcorteingles.es/SGFM/00/27/3/0120603900273/0120603900273000g01011.jpg","price":"2,28 €","price_unit":"(9,12 € / Kilo)","categories":["Supermercado","Desayunos Dulces y pan","Desayunos, dulces y pan","Cafés y cacaos","Café natural molido","SAIMAZA café natural molido paquete 250 g"],"general_information":["Denominación del alimento: Café molido de tueste natural.","Nombre del operador: JACOBS DOUWE EGBERTS B.V.","Dirección del operador: Oosterdoksstraat 80, 1011 DK Amsterdam The Netherlands","Cantidad Neta: 0.25 Kilogramos"],"ingredients":[],"conservation":" Conservar en un lugar fresco y seco.","ean":"8711000527474"},{"full_name":"BONKA café natural molido 2x500 paquete 1000 g","name":"café natural molido 2x500 paquete 1000 g","brand":"BONKA ","img":"https://sgfm.elcorteingles.es/SGFM/dctm/MEDIA03/201707/28/00120603902808____1__600x600.jpg","price":"8,50 €","price_unit":"(8,50 € / Kilo)","categories":["Supermercado","Desayunos Dulces y pan","Desayunos, dulces y pan","Cafés y cacaos","Café natural molido","BONKA café natural molido 2x500 paquete 1000 g"],"general_information":["Denominación del alimento: Café molido de tueste natural","Nombre del operador: Nestlé España, S.A.","Dirección del operador: Nestlé España, S.A. - Edificio Nestlé - 08950 Esplugues de Llobregat (Barcelona)","Cantidad Neta: 1000 g"],"ingredients":[" Café molido de tueste natural"],"conservation":" Una vez abierto el paquete, guárdelo en un envase hermético y consérvelo en el frigorífico.","ean":"7613036081474"},{"full_name":"BONKA café natural molido paquete 500 g","name":"café natural molido paquete 500 g","brand":"BONKA ","img":"https://sgfm.elcorteingles.es/SGFM/dctm/MEDIA03/201707/28/00120603902790____1__600x600.jpg","price":"4,35 €","price_unit":"(8,70 € / Kilo)","categories":["Supermercado","Desayunos Dulces y pan","Desayunos, dulces y pan","Cafés y cacaos","Café natural molido","BONKA café natural molido paquete 500 g"],"general_information":["Denominación del alimento: Café molido de tueste natural","Nombre del operador: Nestlé España, S.A.","Dirección del operador: Nestlé España, S.A. - Edificio Nestlé - 08950 Esplugues de Llobregat (Barcelona)","Cantidad Neta: 500 g"],"ingredients":[" Café molido de tueste natural"],"conservation":" Una vez abierto el paquete, guárdelo en un envase hermético y consérvelo en el frigorífico.","ean":"7613036039468"},{"full_name":"BONKA café natural molido puro Colombia paquete 250 g","name":"café natural molido puro Colombia paquete 250 g","brand":"BONKA ","img":"https://sgfm.elcorteingles.es/SGFM/dctm/MEDIA02/CONTENIDOS/201510/05/00120603900638____1__600x600.jpg","price":"2,86 €","price_unit":"(11,44 € / Kilo)","categories":["Supermercado","Desayunos Dulces y pan","Desayunos, dulces y pan","Cafés y cacaos","Café natural molido","BONKA café natural molido puro Colombia paquete 250 g"],"general_information":["Denominación del alimento: Café molido de tueste natural","Nombre del operador: Nestlé España, S.A.","Dirección del operador: Nestlé España, S.A. Edificio Nestlé 08950 Esplugues de Llobregat (Barcelona)","Cantidad Neta: 250 g"],"ingredients":[" Ingredientes: café"],"conservation":" Una vez abierto el paquete, guardar en un recipiente hermético. Conservar en el refrigerador","ean":"8410100024264"},{"full_name":"BONKA café natural molido paquete 250 g","name":"café natural molido paquete 250 g","brand":"BONKA ","img":"https://sgfm.elcorteingles.es/SGFM/dctm/MEDIA02/CONTENIDOS/201510/05/00120603900612____3__600x600.jpg","price":"2,30 €","price_unit":"(9,20 € / Kilo)","categories":["Supermercado","Desayunos Dulces y pan","Desayunos, dulces y pan","Cafés y cacaos","Café natural molido","BONKA café natural molido paquete 250 g"],"general_information":["Denominación del alimento: Café molido de tueste natural","Nombre del operador: Nestlé España, S.A.","Dirección del operador: Nestlé España, S.A. - Edificio Nestlé - 08950 Esplugues de Llobregat (Barcelona)","Cantidad Neta: 250 g","Otras menciones obligatorias en la etiqueta: Envasado al vacío"],"ingredients":[" Ingredientes: café."],"conservation":" Una vez abierto el paquete, guárdelo en un envase hermético y consérvelo en el frigorífico","ean":"8410100024202"},{"full_name":"BONKA Cafetera Italiana café natural molido paquete 250 g","name":"Cafetera Italiana café natural molido paquete 250 g","brand":"BONKA ","img":"https://sgfm.elcorteingles.es/SGFM/dctm/MEDIA03/201603/16/00120603900646____1__600x600.jpg","price":"2,79 €","price_unit":"(11,16 € / Kilo)","categories":["Supermercado","Desayunos Dulces y pan","Desayunos, dulces y pan","Cafés y cacaos","Café natural molido","BONKA Cafetera Italiana café natural molido paquete 250 g"],"general_information":["Denominación del alimento: Café molido de tueste natural","Nombre del operador: Nestlé España, S.A.","Dirección del operador: Nestlé España, S.A. Edificio Nestlé 08950 Esplugues de Llobregat (Barcelona)","Cantidad Neta: 250 g"],"ingredients":[" Ingredientes: café."],"conservation":" Una vez abierto el paquete, guardar en un recipiente hermético. Conservar en el refrigerador","ean":"8410100851464"},{"full_name":"LAVAZZA café natural molido Qualità Rossa paquete 250 g","name":"café natural molido Qualità Rossa paquete 250 g","brand":"LAVAZZA ","img":"https://sgfm.elcorteingles.es/SGFM/02/01/4/0120603902014/0120603902014000g01011.jpg","price":"3,79 €","price_unit":"(15,16 € / Kilo)","categories":["Supermercado","Desayunos Dulces y pan","Desayunos, dulces y pan","Cafés y cacaos","Café natural molido","LAVAZZA café natural molido Qualità Rossa paquete 250 g"],"general_information":["Denominación del alimento: Café Soluble","País de origen: Italia","Nombre del operador: Ofistrade S.A.","Dirección del operador: C/Buenos Aires 38-40, entlo. C - 08036 Barcelona","Lugar de procedencia del alimento: Italia","Cantidad Neta: 250 g"],"ingredients":[" Café molido."],"conservation":" Consérvese en lugar fresco y seco.","ean":"8000070035980"},{"full_name":"LAVAZZA Caffè Espresso intenso molido 100% Premium arábica paquete 250 g","name":"Caffè Espresso intenso molido 100% Premium arábica paquete 250 g","brand":"LAVAZZA ","img":"https://sgfm.elcorteingles.es/SGFM/02/02/2/0120603902022/0120603902022000g01011.jpg","price":"3,89 €","price_unit":"(15,56 € / Kilo)","categories":["Supermercado","Desayunos Dulces y pan","Desayunos, dulces y pan","Cafés y cacaos","Café natural molido","LAVAZZA Caffè Espresso intenso molido 100% Premium arábica paquete 250 g"],"general_information":["Denominación del alimento: Café Soluble","País de origen: Italia","Nombre del operador: Ofistrade S.A.","Dirección del operador: C/Buenos Aires 38-40, entlo. C - 08036 Barcelona","Lugar de procedencia del alimento: Italia","Cantidad Neta: 250 g"],"ingredients":[" Café molido."],"conservation":" Consérvese en lugar fresco y seco.","ean":"8000070012837"},{"full_name":"LAVAZZA club café natural molido 100% Premium arábica lata 250 g","name":"club café natural molido 100% Premium arábica lata 250 g","brand":"LAVAZZA ","img":"https://sgfm.elcorteingles.es/SGFM/02/03/0/0120603902030/0120603902030000g01011.jpg","price":"5,09 €","price_unit":"(20,36 € / Kilo)","categories":["Supermercado","Desayunos Dulces y pan","Desayunos, dulces y pan","Cafés y cacaos","Café natural molido","LAVAZZA club café natural molido 100% Premium arábica lata 250 g"],"general_information":["Denominación del alimento: Café","País de origen: Italia","Nombre del operador: Ofistrade S.A.","Dirección del operador: C/Buenos Aires 38-40, entlo. C - 08036 Barcelona","Lugar de procedencia del alimento: Italia","Cantidad Neta: 250,0 g"],"ingredients":[" Café molido."],"conservation":" Consérvese en lugar fresco y seco.","ean":"8000070015104"},{"full_name":"ESTRELLA café natural molido paquete 250 g","name":"café natural molido paquete 250 g","brand":"ESTRELLA ","img":"https://sgfm.elcorteingles.es/SGFM/dctm/MEDIA03/201703/09/00120603902634____6__600x600.jpg","price":"1,79 €","price_unit":"(7,16 € / Kilo)","categories":["Supermercado","Desayunos Dulces y pan","Desayunos, dulces y pan","Cafés y cacaos","Café natural molido","ESTRELLA café natural molido paquete 250 g"],"general_information":["Denominación del alimento: Café molido de tueste natural","Nombre del operador: Nestlé España, S.A.","Dirección del operador: Productos del Café, S.A. - Fundidores, 85 - 28906 Getafe (Madrid) - España","Cantidad Neta: 250 g","Otras menciones obligatorias en la etiqueta: Envasado al vacío"],"ingredients":[" Ingredientes: café de tueste natural"],"conservation":" Una vez abierto el paquete, guárdelo en un envase hermético y consérvelo en el frigorífico.","ean":"8410121100589"},{"full_name":"LAVAZZA café crema e gusto paquete 250 g","name":"café crema e gusto paquete 250 g","brand":"LAVAZZA ","img":"https://sgfm.elcorteingles.es/SGFM/dctm/MEDIA03/201708/31/00120603801026____1__600x600.jpg","price":"2,69 €","price_unit":"(10,76 € / Kilo)","categories":["Supermercado","Desayunos Dulces y pan","Desayunos, dulces y pan","Cafés y cacaos","Café natural molido","LAVAZZA café crema e gusto paquete 250 g"],"general_information":["Denominación del alimento: Café Soluble","País de origen: Italia","Nombre del operador: Ofistrade S.A.","Dirección del operador: C/Buenos Aires 38-40, entlo. C - 08036 Barcelona","Lugar de procedencia del alimento: Italia","Cantidad Neta: 250 g"],"ingredients":[" Café molido."],"conservation":" Consérvese en lugar fresco y seco.","ean":"8000070038868"},{"full_name":"SANTA CRISTINA café natural molido 500 g","name":"café natural molido  500 g","brand":"SANTA CRISTINA ","img":"https://sgfm.elcorteingles.es/SGFM/dctm/MEDIA03/201710/17/00120603902436____3__600x600.jpg","price":"3,45 €","price_unit":"(6,90 € / Kilo)","categories":["Supermercado","Desayunos Dulces y pan","Desayunos, dulces y pan","Cafés y cacaos","Café natural molido","SANTA CRISTINA café natural molido 500 g"],"general_information":["Denominación del alimento: Café molido de tueste natural","Nombre del operador: Nestlé España, S.A.","Dirección del operador: Avinguda Països Catalans, 51 - 08950 Esplugues de Llobregat (Barcelona)","Cantidad Neta: 500 g"],"ingredients":[],"conservation":" Una vez abierto el paquete, guárdelo en un envase hermético y consérvelo en el frigorífico.","ean":"7613032040192"},{"full_name":"SANTA CRISTINA café natural molido paquete 250 g","name":"café natural molido paquete 250 g","brand":"SANTA CRISTINA ","img":"https://sgfm.elcorteingles.es/SGFM/dctm/MEDIA03/201608/04/00200203900311____3__600x600.jpg","price":"2,10 €","price_unit":"(8,40 € / Kilo)","categories":["Supermercado","Desayunos Dulces y pan","Desayunos, dulces y pan","Cafés y cacaos","Café natural molido","SANTA CRISTINA café natural molido paquete 250 g"],"general_information":["Denominación del alimento: Café molido de tueste natural","Nombre del operador: Nestlé España, S.A.","Dirección del operador: Avinguda Països Catalans, 51 - 08950 Esplugues de Llobregat (Barcelona)","Cantidad Neta: 250 g"],"ingredients":[],"conservation":" Una vez abierto el paquete, guárdelo en un envase hermético y consérvelo en el frigorífico.","ean":"8411105000208"},{"full_name":"FORTALEZA café natural molido espresso crema al estilo italiano paquete 250 g","name":"café natural molido espresso crema al estilo italiano paquete 250 g","brand":"FORTALEZA ","img":"https://sgfm.elcorteingles.es/SGFM/dctm/MEDIA02/CONTENIDOS/201407/21/00120603901651____1__600x600.jpg","price":"3,36 €","price_unit":"(13,44 € / Kilo)","categories":["Supermercado","Desayunos Dulces y pan","Desayunos, dulces y pan","Cafés y cacaos","Café natural molido","FORTALEZA café natural molido espresso crema al estilo italiano paquete 250 g"],"general_information":["Denominación del alimento: Café molido de tueste natural","Nombre del operador: INDUSTRIA DE CAFE DEL NORTE S.A.","Dirección del operador: Portal de Gamarra 41, 01013 Vitoria (Alava)","Cantidad Neta: 0.25 Kilogramos","Número de raciones por envase: 25"],"ingredients":[" Café"],"conservation":" Conservar el envase, una vez abierto, bien cerrado en un recipiente hermético y en un lugar fresco y seco.","ean":"8410192103328"},{"full_name":"FORTALEZA café natural molido paquete 250 g","name":"café natural molido paquete 250 g","brand":"FORTALEZA ","img":"https://sgfm.elcorteingles.es/SGFM/00/01/8/0120603900018/0120603900018000g01011.jpg","price":"2,59 €","price_unit":"(10,36 € / Kilo)","categories":["Supermercado","Desayunos Dulces y pan","Desayunos, dulces y pan","Cafés y cacaos","Café natural molido","FORTALEZA café natural molido paquete 250 g"],"general_information":["Denominación del alimento: Café molido de tueste natural","Nombre del operador: INDUSTRIA DE CAFE DEL NORTE S.A.","Dirección del operador: Portal de Gamarra 41, 01013 Vitoria (Alava)","Cantidad Neta: 0.25 Kilogramos","Número de raciones por envase: 25"],"ingredients":[" Café"],"conservation":" Conserve el envase, una vez abierto, en el frigorífico o en un lugar fresco y seco.","ean":"8410192212211"},{"full_name":"FORTALEZA café natural molido Supremo 100% puro arábica lata 250 g","name":"café natural molido Supremo 100% puro arábica lata 250 g","brand":"FORTALEZA ","img":"https://sgfm.elcorteingles.es/SGFM/dctm/MEDIA03/201609/14/00120603902568____1__600x600.jpg","price":"4,17 €","price_unit":"(16,68 € / Kilo)","categories":["Supermercado","Desayunos Dulces y pan","Desayunos, dulces y pan","Cafés y cacaos","Café natural molido","FORTALEZA café natural molido Supremo 100% puro arábica lata 250 g"],"general_information":["Denominación del alimento: Café molido de tueste natural","Nombre del operador: INDUSTRIA DE CAFE DEL NORTE S.A.","Dirección del operador: Portal de Gamarra 41, 01013 Vitoria (Alava)","Cantidad Neta: 0.25 Kilogramos","Número de raciones por envase: 25"],"ingredients":[" Café"],"conservation":" Emplee una cucharada sopera por taza. No deje hervir el café. Conserve el envase en el frigorífico o en un lugar fresco y seco","ean":"8410192112412"},{"full_name":"FORTALEZA café natural molido de Kenia paquete 250 g","name":"café natural molido de Kenia paquete 250 g","brand":"FORTALEZA ","img":"https://sgfm.elcorteingles.es/SGFM/dctm/MEDIA03/201606/13/00120603900075____2__600x600.jpg","price":"3,89 €","price_unit":"(15,56 € / Kilo)","categories":["Supermercado","Desayunos Dulces y pan","Desayunos, dulces y pan","Cafés y cacaos","Café natural molido","FORTALEZA café natural molido de Kenia paquete 250 g"],"general_information":["Denominación del alimento: Café molido de tueste natural","País de origen: Kenia","Nombre del operador: INDUSTRIA DE CAFE DEL NORTE S.A.","Dirección del operador: Portal de Gamarra 41, 01013 Vitoria (Alava)","Lugar de procedencia del alimento: Kenia","Cantidad Neta: 0.25 Kilogramos","Número de raciones por envase: 25"],"ingredients":[" Café"],"conservation":"Modo de empleo: Uso en cafeteras convencionales. Infusionar y filtrar el café molido en agua. Ingerir solamente la bebida final.","ean":"8410192000030"},{"full_name":"FORTALEZA café natural molido de Colombia paquete 250 g","name":"café natural molido de Colombia paquete 250 g","brand":"FORTALEZA ","img":"https://sgfm.elcorteingles.es/SGFM/dctm/MEDIA03/201606/13/00120603900083____2__600x600.jpg","price":"3,89 €","price_unit":"(15,56 € / Kilo)","categories":["Supermercado","Desayunos Dulces y pan","Desayunos, dulces y pan","Cafés y cacaos","Café natural molido","FORTALEZA café natural molido de Colombia paquete 250 g"],"general_information":["Denominación del alimento: Café molido de tueste natural","País de origen: Colombia","Nombre del operador: INDUSTRIA DE CAFE DEL NORTE S.A.","Dirección del operador: Portal de Gamarra 41, 01013 Vitoria (Alava)","Lugar de procedencia del alimento: Colombia","Cantidad Neta: 0.25 Kilogramos","Número de raciones por envase: 25"],"ingredients":[" Café"],"conservation":"Modo de empleo: Uso en cafeteras convencionales. Infusionar y filtrar el café molido en agua. Ingerir solamente la bebida final.","ean":"8410192000016"},{"full_name":"FORTALEZA Grandes Orígenes mixtura Kenya Costa Rica y Colombia café natural molido paquete 250 g","name":"Grandes Orígenes mixtura Kenya Costa Rica y Colombia café natural molido paquete 250 g","brand":"FORTALEZA ","img":"https://sgfm.elcorteingles.es/SGFM/dctm/MEDIA03/201606/13/00120603900109____2__600x600.jpg","price":"3,79 €","price_unit":"(15,16 € / Kilo)","categories":["Supermercado","Desayunos Dulces y pan","Desayunos, dulces y pan","Cafés y cacaos","Café natural molido","FORTALEZA Grandes Orígenes mixtura Kenya Costa Rica y Colombia café natural molido paquete 250 g"],"general_information":["Denominación del alimento: Café molido de tueste natural","Nombre del operador: INDUSTRIA DE CAFE DEL NORTE S.A.","Dirección del operador: Portal de Gamarra 41, 01013 Vitoria (Alava)","Cantidad Neta: 0.25 Kilogramos","Número de raciones por envase: 25"],"ingredients":[" Café"],"conservation":"Modo de empleo: Uso en cafeteras convencionales. Infusionar y filtrar el café molido en agua. Ingerir solamente la bebida final.","ean":"8410192112214"},{"full_name":"SEGAFREDO Expresso Casa café natural molido paquete 250 g","name":"Expresso Casa café natural molido paquete 250 g","brand":"SEGAFREDO ","img":"https://sgfm.elcorteingles.es/SGFM//00/47/1/0120603900471/0120603900471000g01011.jpg","price":"3,49 €","price_unit":"(13,96 € / Kilo)","categories":["Supermercado","Desayunos Dulces y pan","Desayunos, dulces y pan","Cafés y cacaos","Café natural molido","SEGAFREDO Expresso Casa café natural molido paquete 250 g"],"general_information":["Denominación del alimento: CAFÉ MOLIDO DE TUESTE NATURAL 100%","Nombre del operador: SEGAFREDO ZANETTI S.p.A","Dirección del operador: Avda.Sistema Solar,21 Nave I, P.I. San Fernando Sur, 28830 San Fernando de Henares (MADRID)   www.segafredo.it","Cantidad Neta: 250 g"],"ingredients":[" CAFÉ MOLIDO DE TUESTE NATURAL 100%"],"ean":"8003410344117"},{"full_name":"SEGAFREDO Espresso Moka café natural molido paquete 250 g","name":"Espresso Moka café natural molido paquete 250 g","brand":"SEGAFREDO ","img":"https://sgfm.elcorteingles.es/SGFM//00/48/9/0120603900489/0120603900489000g01011.jpg","price":"4,59 €            ","price_unit":"(13,96 € / Kilo)","categories":["Supermercado","Desayunos Dulces y pan","Desayunos, dulces y pan","Cafés y cacaos","Café natural molido","SEGAFREDO Espresso Moka café natural molido paquete 250 g"],"general_information":["Denominación del alimento: CAFÉ MOLIDO DE TUESTE NATURAL 100%","Nombre del operador: SEGAFREDO ZANETTI S.p.A","Dirección del operador: Avda.Sistema Solar,21 Nave I, P.I. San Fernando Sur, 28830 San Fernando de Henares (MADRID)   www.segafredo.it","Cantidad Neta: 250 g"],"ingredients":[" CAFÉ MOLIDO DE TUESTE NATURAL 100%"],"ean":"8003410344254"},{"full_name":"SEGAFREDO café natural molido espresso clásico italiano lata 250 g","name":"café natural molido espresso clásico italiano lata 250 g","brand":"SEGAFREDO ","img":"https://sgfm.elcorteingles.es/SGFM/01/99/0/0120603901990/0120603901990000g01011.jpg","price":"5,85 €","price_unit":"(23,40 € / Kilo)","categories":["Supermercado","Desayunos Dulces y pan","Desayunos, dulces y pan","Cafés y cacaos","Café natural molido","SEGAFREDO café natural molido espresso clásico italiano lata 250 g"],"general_information":["Denominación del alimento: CAFÉ NATURAL TOSTADO Y MOLIDO","Nombre del operador: SEGAFREDO ZANETTI S.p.A","Dirección del operador: Avda.Sistema Solar,21 Nave I, P.I. San Fernando Sur, 28830 San Fernando de Henares (MADRID)   www.segafredo.it","Cantidad Neta: 250 g"],"ingredients":[" CAFÉ NATURAL TOSTADO Y MOLIDO"],"ean":"8003410012726"},{"full_name":"SAULA Premium café tostado molido 100% Arábica ecológico lata 250 g","name":"Premium café tostado molido 100% Arábica ecológico lata 250 g","brand":"SAULA ","img":"https://sgfm.elcorteingles.es/SGFM/dctm/MEDIA03/201602/29/00120603902154____1__600x600.jpg","price":"4,62 €","price_unit":"(18,48 € / Kilo)","categories":["Supermercado","Desayunos Dulces y pan","Desayunos, dulces y pan","Cafés y cacaos","Café natural molido","SAULA Premium café tostado molido 100% Arábica ecológico lata 250 g"],"general_information":["Denominación del alimento: Café tueste natural molido","País de origen: España","Nombre del operador: Saula S.A","Dirección del operador: Laureà Miró,422-424, 08980 Sant Feliu de Llobregat(BARCELONA)","Lugar de procedencia del alimento: Brasil y Centro América","Cantidad Neta: 250 g","Otras menciones obligatorias en la etiqueta: Café Ecológico Certificado CCPAE Y Sello Producción Ecológica UE.  100% arábica procedente de plantaciones seleccionadas que siguen cultivando el café de forma natural. Sin el uso de productos químicos. Sin abonos ni pesticidas. Tostado a fuego lento, sin prisas. El resultado es un café afrutado, untuoso y muy aromático. Una taza con cuerpo y acidez media.ENVASADO EN ATMÓSFERA PROTECTORA."],"ingredients":[" CAFÉ"],"conservation":" Preservar de la humedad y el calor","ean":"8411577241208"},{"full_name":"SAULA Premium café natural molido 100% arábica lata 250 g","name":"Premium café natural molido 100% arábica lata 250 g","brand":"SAULA ","img":"https://sgfm.elcorteingles.es/SGFM/dctm/MEDIA03/201602/29/00120603900877____1__600x600.jpg","price":"4,62 €","price_unit":"(18,48 € / Kilo)","categories":["Supermercado","Desayunos Dulces y pan","Desayunos, dulces y pan","Cafés y cacaos","Café natural molido","SAULA Premium café natural molido 100% arábica lata 250 g"],"general_information":["Denominación del alimento: Café tueste natural molido","País de origen: España","Nombre del operador: Saula S.A","Dirección del operador: Laureà Miró,422-424, 08980 Sant Feliu de Llobregat(BARCELONA)","Lugar de procedencia del alimento: Brasil, Centro América, Caribe y Africa","Cantidad Neta: 250 g","Otras menciones obligatorias en la etiqueta: La meticulosa selección de 5 variedades de café arábica de pequeñas plantaciones montañosas de Brasil, Centro América, Caribe y Africa. Tostado a fuego lento. Sin prisas, el resultado es este café aromático, de sabor intenso, con cuerpo y fina acidez. Una taza dulce, achocolatada y con crema persistente. Envasado en atmosfera protectora."],"ingredients":[" CAFÉ"],"conservation":" Preservar de la humedad y el calor","ean":"8411577241000"},{"full_name":"INTERMON OXFAM café natural molido paquete 250 g","name":"café natural molido paquete 250 g","brand":"INTERMON OXFAM ","img":"https://sgfm.elcorteingles.es/SGFM/dctm/MEDIA03/201604/21/00120603901917____1__600x600.jpg","price":"2,54 €","price_unit":"(10,16 € / Kilo)","categories":["Supermercado","Desayunos Dulces y pan","Desayunos, dulces y pan","Cafés y cacaos","Café natural molido","INTERMON OXFAM café natural molido paquete 250 g"],"general_information":["Denominación del alimento: Café molido natural.","Nombre del operador: Oxfam Intermón.","Dirección del operador: C/ Louis Pasteur 1, Parque tecnológico 46980 Paterna (Valencia).","Cantidad Neta: 250 g"],"ingredients":[" Café*. *Ingrediente procedente de comercio justo."],"conservation":" Una vez abierto el paquete guardar  en un recipiente hermético y preferiblemente en el frigorífico.","ean":"8437001415014"},{"full_name":"INTERMON OXFAM café natural molido ecológico paquete 250 g","name":"café natural molido ecológico paquete 250 g","brand":"INTERMON OXFAM ","img":"https://sgfm.elcorteingles.es/SGFM/02/18/8/0120603902188/0120603902188000g01011.jpg","price":"3,76 €","price_unit":"(15,04 € / Kilo)","categories":["Supermercado","Desayunos Dulces y pan","Desayunos, dulces y pan","Cafés y cacaos","Café natural molido","INTERMON OXFAM café natural molido ecológico paquete 250 g"],"general_information":["Denominación del alimento: Café molido natural biológico.","Nombre del operador: Oxfam Intermón.","Dirección del operador: C/ Louis Pasteur 1, Parque tecnológico 46980 Paterna (Valencia).","Cantidad Neta: 250 g"],"ingredients":[" Café procedente de agricultura ecológica y comercio justo."],"conservation":" Una vez abierto el paquete guardar  en un recipiente hermético y preferiblemente en el frigorífico.","ean":"8437001415052"},{"full_name":"CATUNAMBU café natural molido 2x250g paquete 500 g","name":"café natural molido 2x250g paquete 500 g","brand":"CATUNAMBU ","img":"https://sgfm.elcorteingles.es/SGFM/dctm/MEDIA03/201709/20/00120603902287____1__600x600.jpg","price":"3,26 €","price_unit":"(6,52 € / Kilo)","categories":["Supermercado","Desayunos Dulces y pan","Desayunos, dulces y pan","Cafés y cacaos","Café natural molido","CATUNAMBU café natural molido 2x250g paquete 500 g"],"general_information":[],"ingredients":[],"ean":"8411247123551"},{"full_name":"CATUNAMBU café natural molido paquete 250 g","name":"café natural molido paquete 250 g","brand":"CATUNAMBU ","img":"https://sgfm.elcorteingles.es/SGFM/00/02/6/0120603900026/0120603900026000g01011.jpg","price":"1,99 €","price_unit":"(7,96 € / Kilo)","categories":["Supermercado","Desayunos Dulces y pan","Desayunos, dulces y pan","Cafés y cacaos","Café natural molido","CATUNAMBU café natural molido paquete 250 g"],"general_information":[],"ingredients":[],"ean":"8411247123681"},{"full_name":"CATUNAMBU gourmet café natural molido paquete 250 g","name":"gourmet café natural molido paquete 250 g","brand":"CATUNAMBU ","img":"https://sgfm.elcorteingles.es/SGFM/00/15/8/0120603900158/0120603900158000g01011.jpg","price":"2,23 €","price_unit":"(8,92 € / Kilo)","categories":["Supermercado","Desayunos Dulces y pan","Desayunos, dulces y pan","Cafés y cacaos","Café natural molido","CATUNAMBU gourmet café natural molido paquete 250 g"],"general_information":[],"ingredients":[],"ean":"8411247123209"},{"full_name":"CAFES POZO café molido natural 100% arabica paquete 250 g","name":"café molido natural 100% arabica paquete 250 g","brand":"CAFES POZO ","img":"https://sgfm.elcorteingles.es/SGFM/dctm/MEDIA03/201708/04/00120603902816____1__600x600.jpg","price":"4,39 €","price_unit":"(17,56 € / Kilo)","categories":["Supermercado","Desayunos Dulces y pan","Desayunos, dulces y pan","Cafés y cacaos","Café natural molido","CAFES POZO café molido natural 100% arabica paquete 250 g"],"general_information":["Denominación del alimento: Café molido de tueste natural","Nombre del operador: Cafes Pozo S.A.","Dirección del operador: Avda. Hermanos Granda, 33 - 28022 Madrid","Cantidad Neta: 250 g"],"ingredients":[" Café 100%"],"conservation":" Una vez haya abierto el paquete de café es aconsejable conservarlo en el frigorífico.","ean":"8410814007775"},{"full_name":"SOLEY café natural molido paquete 250 g","name":"café natural molido paquete 250 g","brand":"SOLEY ","img":"https://sgfm.elcorteingles.es/SGFM/dctm/MEDIA03/201612/21/00120603900364____1__600x600.jpg","price":"2,09 €","price_unit":"(8,36 € / Kilo)","categories":["Supermercado","Desayunos Dulces y pan","Desayunos, dulces y pan","Cafés y cacaos","Café natural molido","SOLEY café natural molido paquete 250 g"],"general_information":["Denominación del alimento: Café molido de tueste natural","Nombre del operador: JACOBS DOUWE EGBERTS B.V.","Dirección del operador: Oosterdoksstraat 80, 1011 DK Amsterdam The Netherlands","Cantidad Neta: 0.25 Kilogramos"],"ingredients":[],"ean":"8410146030311"},{"full_name":"PONT Art's café molido natural arabica 100% lata 250 g","name":"Art's café molido natural arabica 100% lata 250 g","brand":"PONT ","img":"https://sgfm.elcorteingles.es/SGFM/dctm/MEDIA03/201707/08/00200203902564____1__600x600.jpg","price":"2,99 €","price_unit":"(11,96 € / Kilo)","categories":["Supermercado","Desayunos Dulces y pan","Desayunos, dulces y pan","Cafés y cacaos","Café natural molido","PONT Art's café molido natural arabica 100% lata 250 g"],"general_information":["Denominación del alimento: Cafè mòlt","Nombre del operador: Cafès Pont, S.L.","Dirección del operador: Av. de Rafael Casanova, 38 - 08206 Sabadell (Barcelona)","Cantidad Neta: 250 g"],"ingredients":[" Cafè."],"conservation":" Conserveu-lo en un lloc fresc i sec. Un cop oberta la bossa guardeu-la doblegada en un recipient hermètic i al frigorific","ean":"8411864002840"},{"full_name":"PONT café molido natural paquete 250 g","name":"café molido natural paquete 250 g","brand":"PONT ","img":"https://sgfm.elcorteingles.es/SGFM/dctm/MEDIA03/201707/08/00200203902572____1__600x600.jpg","price":"1,65 €","price_unit":"(6,60 € / Kilo)","categories":["Supermercado","Desayunos Dulces y pan","Desayunos, dulces y pan","Cafés y cacaos","Café natural molido","PONT café molido natural paquete 250 g"],"general_information":["Denominación del alimento: Cafè mòlt","Nombre del operador: Cafès Pont, S.L.","Dirección del operador: Av. de Rafael Casanova, 38 - 08206 Sabadell (Barcelona)","Cantidad Neta: 250 g"],"ingredients":[" Cafè."],"conservation":" Conserveu-lo en un lloc fresc i sec. Un cop oberta la bossa guardeu-la doblegada en un recipient hermètic i al frigorific","ean":"8411864002819"},{"full_name":"BAQUE café natural molido paquete 250 g","name":"café natural molido paquete 250 g","brand":"BAQUE ","img":"https://sgfm.elcorteingles.es/SGFM/dctm/MEDIA02/CONTENIDOS/201411/28/00120603900125____1__600x600.jpg","price":"2,78 €","price_unit":"(11,12 € / Kilo)","categories":["Supermercado","Desayunos Dulces y pan","Desayunos, dulces y pan","Cafés y cacaos","Café natural molido","BAQUE café natural molido paquete 250 g"],"general_information":[],"ingredients":[],"ean":"8410684954322"},{"full_name":"BAQUE Gran Sabor café natural molido sabor intenso paquete 250 g","name":"Gran Sabor café natural molido sabor intenso paquete 250 g","brand":"BAQUE ","img":"https://sgfm.elcorteingles.es/SGFM/dctm/MEDIA03/201709/08/00120603902493____1__600x600.jpg","price":"2,55 €","price_unit":"(10,20 € / Kilo)","categories":["Supermercado","Desayunos Dulces y pan","Desayunos, dulces y pan","Cafés y cacaos","Café natural molido","BAQUE Gran Sabor café natural molido sabor intenso paquete 250 g"],"general_information":["Denominación del alimento: Café Molido de Tueste Natural.","País de origen: España","Nombre del operador: Cafés Baqué S.L.U.","Dirección del operador: Polígono industrial Santa Apolonia 2-2 - 48215 Iurreta (Bizkaia)","Lugar de procedencia del alimento: España","Cantidad Neta: 250 g","Otras menciones obligatorias en la etiqueta: Gran sabor. TUESTE NATURAL. MOLIDO. Un café de tueste natural con intenso sabor y aroma."],"ingredients":[],"conservation":" Una vez abierto, colóquelo en un envase hermético y consérvelo en el frigorífico.","ean":"8410684952250"},{"full_name":"ILLY café natural molido espresso lata 250 g","name":"café natural molido espresso lata 250 g","brand":"ILLY ","img":"https://sgfm.elcorteingles.es/SGFM/dctm/MEDIA02/CONTENIDOS/201411/19/00120604401081____1__600x600.jpg","price":"9,99 €            ","price_unit":"(38,60 € / Kilo)","categories":["Supermercado","Desayunos Dulces y pan","Desayunos, dulces y pan","Cafés y cacaos","Café natural molido","ILLY café natural molido espresso lata 250 g"],"general_information":["Denominación del alimento: CAFÉ MOLIDO TUESTE S","Nombre del operador: illycaffè Spa Sucursal en España","Dirección del operador: c/Pere IV 397-401 naves 7 y 8 - 08020 Barcelona","Cantidad Neta: 3000 g"],"ingredients":[" Café Arábica 100%"],"conservation":" Conservar fuera de la luz solar y del calor, preferiblemente en la nevera.","ean":"8003753900469"},{"full_name":"VALIENTE café natural molido de Colombia estuche 250 g","name":"café natural molido de Colombia estuche 250 g","brand":"VALIENTE ","img":"https://sgfm.elcorteingles.es/SGFM/00/82/8/0120603900828/0120603900828000g01011.jpg","price":"3,66 €","price_unit":"(14,64 € / Kilo)","categories":["Supermercado","Desayunos Dulces y pan","Desayunos, dulces y pan","Cafés y cacaos","Café natural molido","VALIENTE café natural molido de Colombia estuche 250 g"],"general_information":["Denominación del alimento: Café molido de tueste natural","País de origen: España","Nombre del operador: Cafento Coffee Factory, S.L.U","Dirección del operador: Pol. La Curiscada, Entrada Sur, Parcela 1, 33877 Tineo (Asturias)","Lugar de procedencia del alimento: Colombia","Cantidad Neta: 250 g"],"ingredients":[],"conservation":" Después de cada uso conserve el café en el propio envase, bien cerrado, y preferentemente en el frigorífico.","ean":"8411786101126"},{"full_name":"VALIENTE Hogar café natural molido paquete 250 g","name":"Hogar café natural molido paquete 250 g","brand":"VALIENTE ","img":"https://sgfm.elcorteingles.es/SGFM/00/17/4/0120603900174/0120603900174000g01011.jpg","price":"3,08 €","price_unit":"(12,32 € / Kilo)","categories":["Supermercado","Desayunos Dulces y pan","Desayunos, dulces y pan","Cafés y cacaos","Café natural molido","VALIENTE Hogar café natural molido paquete 250 g"],"general_information":["Denominación del alimento: Café molido de tueste natural","País de origen: España","Nombre del operador: Cafento Coffee Factory, S.L.","Dirección del operador: Pol. La Curiscada, entrada sur, parcela 1 - 33877 Tineo (Asturias)","Cantidad Neta: 250 g","Otras menciones obligatorias en la etiqueta: Envasado en atmósfera protectora."],"ingredients":[],"ean":"8411786101034"},{"full_name":"VALIENTE café natural molido paquete 250 g","name":"café natural molido paquete 250 g","brand":"VALIENTE ","img":"https://sgfm.elcorteingles.es/SGFM/00/06/7/0120603900067/0120603900067000g01011.jpg","price":"2,63 €","price_unit":"(10,52 € / Kilo)","categories":["Supermercado","Desayunos Dulces y pan","Desayunos, dulces y pan","Cafés y cacaos","Café natural molido","VALIENTE café natural molido paquete 250 g"],"general_information":["Denominación del alimento: Café molido de tueste natural","País de origen: España","Nombre del operador: Cafento Coffee Factory, S.L.","Dirección del operador: Pol. La Curiscada, entrada sur, parcela 1 - 33877 Tineo (Asturias)","Cantidad Neta: 250 g"],"ingredients":[],"conservation":" Después de cada uso conserve el café en el propio envase, bien cerrado, y preferentemente en el frigorífico.","ean":"8410559060301"},{"full_name":"ORUS café molido natural paquete 250 g","name":"café molido natural paquete 250 g","brand":"ORUS ","img":"https://sgfm.elcorteingles.es/SGFM/dctm/MEDIA03/201611/23/00120603900034____1__600x600.jpg","price":"2,60 €            ","price_unit":"(8,80 € / Kilo)","categories":["Supermercado","Desayunos Dulces y pan","Desayunos, dulces y pan","Cafés y cacaos","Café natural molido","ORUS café molido natural paquete 250 g"],"general_information":["Denominación del alimento: Café molido","Nombre del operador: Cafés Orús S.A.","Dirección del operador: Polígono Industrial el Portazgo nave 83  5011 Zaragoza","Cantidad Neta: 250 g"],"ingredients":[" Café"],"conservation":" Una vez abierto el paquete, introducirlo en un bote hermético y conservarlo en un lugar fresco y seco","ean":"8412018502001"},{"full_name":"ORUS Coleccion Orígenes Ágora café puro arábica paquete 250 g","name":"Coleccion Orígenes Ágora café puro arábica paquete 250 g","brand":"ORUS ","img":"https://sgfm.elcorteingles.es/SGFM/dctm/MEDIA03/201611/23/00120602000034____1__600x600.jpg","price":"3,59 €            ","price_unit":"(12,20 € / Kilo)","categories":["Supermercado","Desayunos Dulces y pan","Desayunos, dulces y pan","Cafés y cacaos","Café natural molido","ORUS Coleccion Orígenes Ágora café puro arábica paquete 250 g"],"general_information":["Denominación del alimento: Café molido","Nombre del operador: Cafés Orús S.A.","Dirección del operador: Polígono Industrial el Portazgo nave 83,  5011 Zaragoza","Cantidad Neta: 250 g"],"ingredients":[],"conservation":"Modo de empleo: Recomendado para todo tipo de cafeteras: clásicas, filtro, expreso.","ean":"8412018501011"},{"full_name":"CANDELAS café natural molido ecológico 100% ecológico paquete 250 g","name":"café natural molido ecológico 100% ecológico paquete 250 g","brand":"CANDELAS ","img":"https://sgfm.elcorteingles.es/SGFM/dctm/MEDIA03/201711/21/00120605200011____1__600x600.jpg","price":"3,49 €","price_unit":"(13,96 € / Kilo)","categories":["Supermercado","Desayunos Dulces y pan","Desayunos, dulces y pan","Cafés y cacaos","Café natural molido","CANDELAS café natural molido ecológico 100% ecológico paquete 250 g"],"general_information":[],"ingredients":[],"ean":"8412866003569"},{"full_name":"BRANIK CAFES LA BRASILEÑA café natural molido paquete 250 g","name":"café natural molido paquete 250 g","brand":"BRANIK CAFES LA BRASILEÑA ","img":"https://sgfm.elcorteingles.es/SGFM/00/13/3/0120603900133/0120603900133000g01011.jpg","price":"3,05 €","price_unit":"(12,20 € / Kilo)","categories":["Supermercado","Desayunos Dulces y pan","Desayunos, dulces y pan","Cafés y cacaos","Café natural molido","BRANIK CAFES LA BRASILEÑA café natural molido paquete 250 g"],"general_information":["Denominación del alimento: Café molido de tueste natural","Nombre del operador: Cafés La Brasileña, S.A.","Dirección del operador: C/Oñate nº 12 - 01013 - Vitoria - Gasteiz","Cantidad Neta: 250,0 g","Otras menciones obligatorias en la etiqueta: Envasado al vacío."],"ingredients":[],"ean":"8410029001155"},{"full_name":"BRANIK CAFES LA BRASILEÑA café natural molido de Italia paquete 250 g","name":"café natural molido de Italia paquete 250 g","brand":"BRANIK CAFES LA BRASILEÑA ","img":"https://sgfm.elcorteingles.es/SGFM/00/14/1/0120603900141/0120603900141000g01011.jpg","price":"3,05 €","price_unit":"(12,20 € / Kilo)","categories":["Supermercado","Desayunos Dulces y pan","Desayunos, dulces y pan","Cafés y cacaos","Café natural molido","BRANIK CAFES LA BRASILEÑA café natural molido de Italia paquete 250 g"],"general_information":["Denominación del alimento: Café molido de tueste natural","Nombre del operador: Cafés La Brasileña, S.A.","Dirección del operador: C/Oñate nº 12 - 01013 - Vitoria - Gasteiz","Cantidad Neta: 250,0 g","Otras menciones obligatorias en la etiqueta: Envasado al vacío."],"ingredients":[],"ean":"8410029001162"},{"full_name":"DROMEDARIO café natural molido paquete 250 g","name":"café natural molido paquete 250 g","brand":"DROMEDARIO ","img":"https://sgfm.elcorteingles.es/SGFM/dctm/MEDIA02/CONTENIDOS/201407/21/00200203900022____1__600x600.jpg","price":"2,20 €","price_unit":"(8,80 € / Kilo)","categories":["Supermercado","Desayunos Dulces y pan","Desayunos, dulces y pan","Cafés y cacaos","Café natural molido","DROMEDARIO café natural molido paquete 250 g"],"general_information":["Denominación del alimento: Café Molido de Tueste Natural","Nombre del operador: Café Dromedario","Dirección del operador: Recta de Heras s/n, 39/92 Heras (cantabria)","Cantidad Neta: 250,0 g"],"ingredients":[],"conservation":" Conservese en lugar fresco y seco","ean":"8410814012014"},{"full_name":"MALONGO Brasil Sul de Minas café puro Arábica lata 250 g","name":"Brasil Sul de Minas café puro Arábica lata 250 g","brand":"MALONGO ","img":"https://sgfm.elcorteingles.es/SGFM/02/11/3/0120603902113/0120603902113000g01011.jpg","price":"11,25 €","price_unit":"(45 € / Kilo)","categories":["Supermercado","Desayunos Dulces y pan","Desayunos, dulces y pan","Cafés y cacaos","Café natural molido","MALONGO Brasil Sul de Minas café puro Arábica lata 250 g"],"general_information":["Denominación del alimento: Café","Nombre del operador: Torres Import, S.A.U","Dirección del operador: c/ Comercio, 22 - 08720 Vilafranca del Penedés España","Cantidad Neta: 250,0 g"],"ingredients":[],"conservation":" Una vez abierto conservar el bote en el refrigerador.","ean":"3187570040012"},{"full_name":"MALONGO Colombia café puro Arábica lata 250 g","name":"Colombia café puro Arábica lata 250 g","brand":"MALONGO ","img":"https://sgfm.elcorteingles.es/SGFM/02/10/5/0120603902105/0120603902105000g01011.jpg","price":"11,25 €","price_unit":"(45 € / Kilo)","categories":["Supermercado","Desayunos Dulces y pan","Desayunos, dulces y pan","Cafés y cacaos","Café natural molido","MALONGO Colombia café puro Arábica lata 250 g"],"general_information":["Denominación del alimento: Café","Nombre del operador: Torres Import, S.A.U","Dirección del operador: c/ Comercio, 22 - 08720 Vilafranca del Penedés España","Cantidad Neta: 250 g"],"ingredients":[],"conservation":" Una vez abierto conservar el bote en el refrigerador.","ean":"3187570040029"},{"full_name":"ALTERNATIVA 3 café natural molido Brasil Tanzania paquete 250 g","name":"café natural molido Brasil Tanzania paquete 250 g","brand":"ALTERNATIVA 3 ","img":"https://sgfm.elcorteingles.es/SGFM/dctm/MEDIA03/201603/07/00120603902527____1__600x600.jpg","price":"4,24 €","price_unit":"(16,96 € / Kilo)","categories":["Supermercado","Desayunos Dulces y pan","Desayunos, dulces y pan","Cafés y cacaos","Café natural molido","ALTERNATIVA 3 café natural molido Brasil Tanzania paquete 250 g"],"general_information":["Denominación del alimento: Café molido","Nombre del operador: Alternativa 3, S.C.C.L.","Dirección del operador: Ctra. Castellar, 526, 08227 Terrassa, Barcelona","Cantidad Neta: 250 g","Otras menciones obligatorias en la etiqueta: Comercio justo. Ecológico. Libre de alérgenos. El equilibrio de este café procede de la profunda y delicada fragancia de los mejores Arábica de Brasil, matizada por el cuerpo y la intensidad de los Robusta africanos de Tanzania. Un café de profundo aroma e intenso sabor. Orígenes: café Robusta de Tanzania y Arábica de Brasil."],"ingredients":[" Café molido, blend equilibrado de café Arábica con Robusta tueste natural."],"ean":"8435030572050"},{"full_name":"ALTERNATIVA 3 café natural molido de Colombia ecológico estuche 250 g","name":"café natural molido de Colombia ecológico estuche 250 g","brand":"ALTERNATIVA 3 ","img":"https://sgfm.elcorteingles.es/SGFM/dctm/MEDIA02/CONTENIDOS/201407/21/00120603902196____1__600x600.jpg","price":"4,39 €","price_unit":"(17,56 € / Kilo)","categories":["Supermercado","Desayunos Dulces y pan","Desayunos, dulces y pan","Cafés y cacaos","Café natural molido","ALTERNATIVA 3 café natural molido de Colombia ecológico estuche 250 g"],"general_information":["Denominación del alimento: Café molido","País de origen: Colombia","Nombre del operador: Alternativa 3, S.C.C.L.","Dirección del operador: Ctra. Castellar, 526, 08227 Terrassa, Barcelona","Cantidad Neta: 250 g","Otras menciones obligatorias en la etiqueta: Café de altura, granos de café arábica seleccionados que ofrecen toda su frescura. Las peculiaridades geográficas de la Sierra Nevada de Santa Marta hacen del café que crece en sus laderas un producto excepcional, de alta calidad por su sabor y aroma, de los más apreciados en todo el mundo. Ecológico. Comercio Justo. Libre de alérgenos."],"ingredients":[" Café molido 100% Arábica, tueste natural."],"ean":"8435030571947"},{"full_name":"ALTERNATIVA 3 café natural molido ecológico de Nicaragua estuche 250 g","name":"café natural molido ecológico de Nicaragua estuche 250 g","brand":"ALTERNATIVA 3 ","img":"https://sgfm.elcorteingles.es/SGFM/dctm/MEDIA02/CONTENIDOS/201407/21/00120603902204____1__600x600.jpg","price":"5,28 €","price_unit":"(21,12 € / Kilo)","categories":["Supermercado","Desayunos Dulces y pan","Desayunos, dulces y pan","Cafés y cacaos","Café natural molido","ALTERNATIVA 3 café natural molido ecológico de Nicaragua estuche 250 g"],"general_information":["Denominación del alimento: Café molido","País de origen: Nicaragua","Nombre del operador: Alternativa 3, S.C.C.L.","Dirección del operador: Ctra. Castellar, 526, 08227 Terrassa, Barcelona","Cantidad Neta: 250 g","Otras menciones obligatorias en la etiqueta: Un café con cuerpo cremoso y dulce, con cálido aroma de cacao. En boca es un café suave y de acidez equilibrada. Un café de sabor intenso y persistente. Ecológico. Comercio Justo. Libre de alérgenos."],"ingredients":[" Café molido 100% Arábica, tueste natural."],"ean":"8435030571954"},{"full_name":"CAVALLE café natural molido ecológico paquete 250 g","name":"café natural molido ecológico paquete 250 g","brand":"CAVALLE ","img":"https://sgfm.elcorteingles.es/SGFM/02/16/2/0120603902162/0120603902162000g01011.jpg","price":"5,00 €","price_unit":"(20 € / Kilo)","categories":["Supermercado","Desayunos Dulces y pan","Desayunos, dulces y pan","Cafés y cacaos","Café natural molido","CAVALLE café natural molido ecológico paquete 250 g"],"general_information":["Denominación del alimento: Café molido natural","Nombre del operador: Paño Fruits S.L.","Dirección del operador: Av. Montblanc 28, 43460 Alcover (Tarragona)","Cantidad Neta: 250 g"],"ingredients":[" Café ecológico. Puede contener cacahuete y otros frutos de cáscara."],"conservation":" Mantener en lugar seco, fresco y protegido de la luz.","ean":"8430175950015"},{"full_name":"JURADO café natural molido paquete 250 g","name":"café natural molido paquete 250 g","brand":"JURADO ","img":"https://sgfm.elcorteingles.es/SGFM/00/26/5/0120603900265/0120603900265000g01011.jpg","price":"1,59 €","price_unit":"(6,36 € / Kilo)","categories":["Supermercado","Desayunos Dulces y pan","Desayunos, dulces y pan","Cafés y cacaos","Café natural molido","JURADO café natural molido paquete 250 g"],"general_information":["Denominación del alimento: Café molido tueste natural 100%","Nombre del operador: Jurado Hermanos S.L.","Dirección del operador: Pol. Ind. Plà de la Vallonga,  C/Nieve 8, 03006 Alicante.","Cantidad Neta: 250 g"],"ingredients":[" Café"],"conservation":" Conserve este envase en lugar fresco y seco. Una vez abierto, introduzca el café en un envase hermético y consérvelo en el frigorífico.","ean":"8410894000109"},{"full_name":"EL GALLEGO café natural molido paquete 250 g","name":"café natural molido paquete 250 g","brand":"EL GALLEGO ","img":"https://sgfm.elcorteingles.es/SGFM/dctm/MEDIA03/201710/17/00120603900166____2__600x600.jpg","price":"2,29 €","price_unit":"(9,16 € / Kilo)","categories":["Supermercado","Desayunos Dulces y pan","Desayunos, dulces y pan","Cafés y cacaos","Café natural molido","EL GALLEGO café natural molido paquete 250 g"],"general_information":["Denominación del alimento: Café molido de tueste natural","País de origen: España","Nombre del operador: Cafento Coffee Factory, S.L.","Dirección del operador: Pol. La Curiscada, entrada sur, parcela 1 - 33877 Tineo (Asturias)","Cantidad Neta: 250 g"],"ingredients":[],"conservation":" Proteja el contenido del aire y de la humedad.","ean":"8410559002523"},{"full_name":"CAFENASA café natural molido Salvador Arrasate paquete 250 g","name":"café natural molido Salvador Arrasate paquete 250 g","brand":"CAFENASA ","img":"https://sgfm.elcorteingles.es/SGFM/00/84/4/0120603900844/0120603900844000g01011.jpg","price":"2,24 €","price_unit":"(8,96 € / Kilo)","categories":["Supermercado","Desayunos Dulces y pan","Desayunos, dulces y pan","Cafés y cacaos","Café natural molido","CAFENASA café natural molido Salvador Arrasate paquete 250 g"],"general_information":["Denominación del alimento: Café molido","País de origen: España","Nombre del operador: Cafes Navarra S.A.","Dirección del operador: C/Ermitapea, 12 - 31013 Ansoain-Pamplona","Lugar de procedencia del alimento: España","Cantidad Neta: 250,0 g","Otras menciones obligatorias en la etiqueta: Café molido de tueste natural. CAFÉ MUNDI PROYECTOS DE SOSTENIBILIDAD SOCIAL EN PAÍSES PRODUCTORES DE CAFÉ. Natural."],"ingredients":[" Café."],"conservation":" Una vez abierta la bolsa, conservese en el frigorífico","ean":"8413288201045"},{"full_name":"RICO café natural molido paquete 250 g","name":"café natural molido paquete 250 g","brand":"RICO ","img":"https://sgfm.elcorteingles.es/SGFM/00/04/2/0120603900042/0120603900042000g01011.jpg","price":"2,45 €            ","price_unit":"(8,60 € / Kilo)","categories":["Supermercado","Desayunos Dulces y pan","Desayunos, dulces y pan","Cafés y cacaos","Café natural molido","RICO café natural molido paquete 250 g"],"general_information":["Denominación del alimento: Café molido de tueste natural","Nombre del operador: Café Rico, S.L.","Dirección del operador: Ctra. Vieja de Bunyola, 29, 07009 Palma, Illes Balears","Cantidad Neta: 250 g"],"ingredients":[],"ean":"8411334000079"},{"full_name":"RICO express café natural molido paquete 250 g","name":"express café natural molido paquete 250 g","brand":"RICO ","img":"https://sgfm.elcorteingles.es/SGFM/00/56/2/0120603900562/0120603900562000g01011.jpg","price":"3,63 €            ","price_unit":"(1,28 € / 100 gr.)","categories":["Supermercado","Desayunos Dulces y pan","Desayunos, dulces y pan","Cafés y cacaos","Café natural molido","RICO express café natural molido paquete 250 g"],"general_information":["Denominación del alimento: Café molido de tueste natural","Nombre del operador: Café Rico, S.L.","Dirección del operador: Ctra. Vieja de Bunyola, 29, 07009 Palma, Illes Balears","Cantidad Neta: 250 g"],"ingredients":[],"ean":"8411334000468"},{"full_name":"CANDELAS café natural molido paquete 250 g","name":"café natural molido paquete 250 g","brand":"CANDELAS ","img":"https://sgfm.elcorteingles.es/SGFM/00/38/0/0120603900380/0120603900380000g01011.jpg","price":"1,99 €","price_unit":"(7,96 € / Kilo)","categories":["Supermercado","Desayunos Dulces y pan","Desayunos, dulces y pan","Cafés y cacaos","Café natural molido","CANDELAS café natural molido paquete 250 g"],"general_information":["Denominación del alimento: CAFÉ MOLIDO TUESTE NATURAL","Nombre del operador: CAFES CANDELAS S.L.","Dirección del operador: C/Transportes, 7 - Polígono CEAO. Lugo (Lugo) 27003","Cantidad Neta: 250,0 g"],"ingredients":[" Café"],"conservation":" Mantener en lugar fresco y seco.","ean":"8412866004061"},{"full_name":"OQUENDO café natural molido bote 500 g","name":"café natural molido bote 500 g","brand":"OQUENDO ","img":"https://sgfm.elcorteingles.es/SGFM/00/96/8/0120603900968/0120603900968000g01011.jpg","price":"5,57 €","price_unit":"(11,14 € / Kilo)","categories":["Supermercado","Desayunos Dulces y pan","Desayunos, dulces y pan","Cafés y cacaos","Café natural molido","OQUENDO café natural molido bote 500 g"],"general_information":["Denominación del alimento: Café molido de tueste natural","Nombre del operador: Fast Eurocafe S.A.","Dirección del operador: 33192)","Cantidad Neta: 500 g","Otras menciones obligatorias en la etiqueta: Producto envasado en atmósfera protectora"],"ingredients":[" Café"],"conservation":" Conservar en lugar fesco y seco","ean":"8412956205033"},{"full_name":"OQUENDO café natural molido paquete 250 g","name":"café natural molido paquete 250 g","brand":"OQUENDO ","img":"https://sgfm.elcorteingles.es/SGFM/00/77/4/0200203900774/0200203900774000g01011.jpg","price":"2,82 €","price_unit":"(11,28 € / Kilo)","categories":["Supermercado","Desayunos Dulces y pan","Desayunos, dulces y pan","Cafés y cacaos","Café natural molido","OQUENDO café natural molido paquete 250 g"],"general_information":["Denominación del alimento: Café molido de tueste natural","Nombre del operador: Fast Eurocafe S.A.","Dirección del operador: 33192)","Cantidad Neta: 250 g","Otras menciones obligatorias en la etiqueta: Producto envasado en atmósfera protectora"],"ingredients":[" Café"],"conservation":" Conservar en lugar fesco y seco","ean":"8412956202131"},{"full_name":"EL CRIOLLO café natural molido paquete 250 g","name":"café natural molido paquete 250 g","brand":"EL CRIOLLO ","img":"https://sgfm.elcorteingles.es/SGFM/dctm/MEDIA03/201712/14/00120603801091____1__600x600.jpg","price":"2,29 €","categories":["Supermercado","Desayunos Dulces y pan","Desayunos, dulces y pan","Cafés y cacaos","Café natural molido","EL CRIOLLO café natural molido paquete 250 g"],"general_information":["Denominación del alimento: Café molido tueste natural (100% Natural)","Nombre del operador: Cafés El Criollo, S.A.","Dirección del operador: Polígono San Valero, nave 83, Ctra. Castellón, km. 232, 50013 Zaragoza.","Cantidad Neta: 250 g","Otras menciones obligatorias en la etiqueta: No existe variedad alguna de café comercial en el mundo modificada genéticamente."],"ingredients":[" Café tostado de las variedades arábica y robusta."],"conservation":" Almacenar y conservar en un lugar seco y nunca en contacto directo con el suelo.","ean":"8413905412137"},{"full_name":"DELTA Platinum café molido natural lata 250 g","name":"Platinum café molido natural lata 250 g","brand":"DELTA ","img":"https://sgfm.elcorteingles.es/SGFM/dctm/MEDIA02/CONTENIDOS/201507/06/00120603902303____1__600x600.jpg","price":"6,58 €","price_unit":"(26,32 € / Kilo)","categories":["Supermercado","Desayunos Dulces y pan","Desayunos, dulces y pan","Cafés y cacaos","Café natural molido","DELTA Platinum café molido natural lata 250 g"],"general_information":[],"ingredients":[],"ean":"5601082035017"},{"full_name":"DELTA café molido de tueste natural bolsa 250 g","name":"café molido de tueste natural bolsa 250 g","brand":"DELTA ","img":"https://sgfm.elcorteingles.es/SGFM/02/23/8/0120603902238/0120603902238000g01011.jpg","price":"2,27 €","price_unit":"(9,08 € / Kilo)","categories":["Supermercado","Desayunos Dulces y pan","Desayunos, dulces y pan","Cafés y cacaos","Café natural molido","DELTA café molido de tueste natural bolsa 250 g"],"general_information":["Denominación del alimento: Café Molido de Tueste Natural.","Nombre del operador: Novadelta Comercio e Industria de Café S.A.","Dirección del operador: Herdade das Argamassas 7370-071 Campo Maior - Portugal.","Cantidad Neta: 250 g"],"ingredients":[" Café molido tueste natural."],"conservation":" Conserve el envase en lugar fresco y seco.","ean":"5601082035109"},{"full_name":"ARECES café natural molido paquete 250 g","name":"café natural molido paquete 250 g","brand":"ARECES ","img":"https://sgfm.elcorteingles.es/SGFM/dctm/MEDIA02/CONTENIDOS/201410/17/00120603900182____1__600x600.jpg","price":"2,29 €","price_unit":"(9,16 € / Kilo)","categories":["Supermercado","Desayunos Dulces y pan","Desayunos, dulces y pan","Cafés y cacaos","Café natural molido","ARECES café natural molido paquete 250 g"],"general_information":["Denominación del alimento: Café molido natural","País de origen: España","Nombre del operador: Cafento Coffee Factory, S.L.","Dirección del operador: Pol. La Curiscada, entrada sur, parcela 1 - 33877 Tineo (Asturias)","Cantidad Neta: 250,0 g"],"ingredients":[],"conservation":" Una vez abierto el paquete, proteja su contenido del aire y de la humedad. La nevera o, mejor, el congelador son los lugares ideales para conservarlo.","ean":"8412021001225"},{"full_name":"EMICELA café natural molido envasado al vacio paquete 250 g","name":"café natural molido envasado al vacio paquete 250 g","brand":"EMICELA ","img":"https://sgfm.elcorteingles.es/SGFM/01/83/4/0120603901834/0120603901834000g01011.jpg","price":"1,75 €","price_unit":"(7 € / Kilo)","categories":["Supermercado","Desayunos Dulces y pan","Desayunos, dulces y pan","Cafés y cacaos","Café natural molido","EMICELA café natural molido envasado al vacio paquete 250 g"],"general_information":["Denominación del alimento: Café molido tueste natural","País de origen: España","Nombre del operador: Emicela, S.A.","Dirección del operador: C/ Canal Izquierdo (subida), 5 - Zona Industrial de Arinaga 35118 AGÜIMES (Islas Canarias)Las Palmas  España","Cantidad Neta: 250 g"],"ingredients":[" Café"],"conservation":" Conservar en lugar fresco y seco","ean":"8411303006316"},{"full_name":"BAHIA café natural paquete 250 g","name":"café natural paquete 250 g","brand":"BAHIA ","img":"https://sgfm.elcorteingles.es/SGFM/00/05/9/0120603900059/0120603900059000g01011.jpg","price":"2,21 €","price_unit":"(8,84 € / Kilo)","categories":["Supermercado","Desayunos Dulces y pan","Desayunos, dulces y pan","Cafés y cacaos","Café natural molido","BAHIA café natural paquete 250 g"],"general_information":["Denominación del alimento: CAFÉ MOLIDO TUESTE NATURAL","Nombre del operador: CAFES CANDELAS S.L.","Dirección del operador: C/Transportes, 7 - Polígono CEAO. Lugo (Lugo) 27003","Cantidad Neta: 250,0 g"],"ingredients":[" Café"],"conservation":" Mantener en lugar fresco y seco.","ean":"8412007130253"},{"full_name":"TOSCAF café natural molido extra paquete 250 g","name":"café natural molido extra paquete 250 g","brand":"TOSCAF ","img":"https://sgfm.elcorteingles.es/SGFM/00/26/1/0200203900261/0200203900261000g01011.jpg","price":"1,85 €","price_unit":"(7,40 € / Kilo)","categories":["Supermercado","Desayunos Dulces y pan","Desayunos, dulces y pan","Cafés y cacaos","Café natural molido","TOSCAF café natural molido extra paquete 250 g"],"general_information":[],"ingredients":[],"ean":"8411377065141"},{"full_name":"ALIADA café molido mezcla 50-50 paquete 250 g","name":"café molido mezcla 50-50 paquete 250 g","brand":"ALIADA ","img":"https://sgfm.elcorteingles.es/SGFM/dctm/MEDIA03/201603/11/00120604401271____1__600x600.jpg","price":"1,19 €","price_unit":"(4,76 € / Kilo)","categories":["Supermercado","Desayunos Dulces y pan","Desayunos, dulces y pan","Cafés y cacaos","Café mezcla molido","ALIADA café molido mezcla 50-50 paquete 250 g"],"general_information":["Denominación del alimento: CAFÉ MOLIDO DE TUESTE NATURAL (50%) Y\nTORREFACTO (50%)","Nombre del operador: Elaborado para el Grupo El Corte Inglés\nHermosilla, 112   28009 Madrid - España \npor NIF: B97848014","Cantidad Neta: 250 g"],"ingredients":[" Ingredientes: café y azúcar\nEl café torrefacto ha sido tostado con azúcares."],"conservation":" CONSEJOS DE CONSERVACIÓN.               Conservar en lugar fresco y seco.\nUna vez abierto el paquete, métalo en un recipiente hermético y consérvelo en el frigorífico hasta que vuelva a utilizarlo.","ean":"8433329000017"},{"full_name":"EL CORTE INGLES café molido mezcla 50-50 paquete 250 g","name":"café molido mezcla 50-50 paquete 250 g","brand":"EL CORTE INGLES ","img":"https://sgfm.elcorteingles.es/SGFM/dctm/MEDIA03/201604/18/00120604400463____1__600x600.jpg","price":"2,02 €","price_unit":"(8,08 € / Kilo)","categories":["Supermercado","Desayunos Dulces y pan","Desayunos, dulces y pan","Cafés y cacaos","Café mezcla molido","EL CORTE INGLES café molido mezcla 50-50 paquete 250 g"],"general_information":["Denominación del alimento: Café molido de tueste natural (50%) y torrefacto (50%)","Nombre del operador: Seleccionado y elaborado para  El Corte Inglés por \nCafés Camuy, S.A. C/ Roma Nº 7 Polígono Industrial Ciudad de Parla 28983 Parla (Madrid) España","Cantidad Neta: 250 g"],"ingredients":[" Ingredientes: Café y azúcar"],"conservation":" CONSEJOS DE CONSERVACIÓN.\n? Una vez abierto el paquete, métalo en un recipiente hermético y consérvelo en el frigorífico hasta que vuelva a utilizarlo.","ean":"8433329051170"},{"full_name":"MARCILLA Gran Aroma café molido mezcla paquete 500 g","name":"Gran Aroma café molido mezcla paquete 500 g","brand":"MARCILLA ","img":"https://sgfm.elcorteingles.es/SGFM/dctm/MEDIA03/201704/28/00120604401362____2__600x600.jpg","price":"4,90 €","price_unit":"(9,80 € / Kilo)","categories":["Supermercado","Desayunos Dulces y pan","Desayunos, dulces y pan","Cafés y cacaos","Café mezcla molido","MARCILLA Gran Aroma café molido mezcla paquete 500 g"],"general_information":["Denominación del alimento: Café molido de tueste natural (50%) y torrefacto (50%)","Nombre del operador: JACOBS DOUWE EGBERTS B.V.","Dirección del operador: Oosterdoksstraat 80, 1011 DK Amsterdam The Netherlands","Cantidad Neta: 0.5 Kilogramos"],"ingredients":[" Ingredientes: Café y azúcar."],"conservation":"Modo de empleo: Para cafetera tradicional. Para disfrutar todo su aroma y sabor, Marcilla recomienda: 1. Mantener el café en el envase original en un lugar fresco y seco 2. Utilizar agua de la máxima pureza. 3. No dejar hervir el café. 4. Remover en la cafetera antes de servir. 5. Servir el café recién hecho, nunca recalentado.","ean":"8410091055131"},{"full_name":"MARCILLA Gran Aroma café molido extra fuerte paquete 250 g","name":"Gran Aroma café molido extra fuerte paquete 250 g","brand":"MARCILLA ","img":"https://sgfm.elcorteingles.es/SGFM/dctm/MEDIA03/201602/26/00120603902519____1__600x600.jpg","price":"2,65 €","price_unit":"(10,60 € / Kilo)","categories":["Supermercado","Desayunos Dulces y pan","Desayunos, dulces y pan","Cafés y cacaos","Café mezcla molido","MARCILLA Gran Aroma café molido extra fuerte paquete 250 g"],"general_information":[],"ingredients":[],"ean":"8410091066458"},{"full_name":"MARCILLA Gran Aroma café molido mezcla paquete 250 g","name":"Gran Aroma café molido mezcla paquete 250 g","brand":"MARCILLA ","img":"https://sgfm.elcorteingles.es/SGFM/dctm/MEDIA02/CONTENIDOS/201408/25/00120604400265____2__600x600.jpg","price":"2,49 €","price_unit":"(9,96 € / Kilo)","categories":["Supermercado","Desayunos Dulces y pan","Desayunos, dulces y pan","Cafés y cacaos","Café mezcla molido","MARCILLA Gran Aroma café molido mezcla paquete 250 g"],"general_information":["Denominación del alimento: Café molido de tueste natural (50%) y torrefacto (50%)","Nombre del operador: JACOBS DOUWE EGBERTS B.V.","Dirección del operador: Oosterdoksstraat 80, 1011 DK Amsterdam The Netherlands","Cantidad Neta: 0.25 Kilogramos"],"ingredients":[" Ingredientes: Café y azúcar."],"conservation":"Modo de empleo: Para cafetera tradicional. Para disfrutar todo su aroma y sabor, Marcilla recomienda: 1. Mantener el café en el envase original en un lugar fresco y seco 2. Utilizar agua de la máxima pureza. 3. No dejar hervir el café. 4. Remover en la cafetera antes de servir. 5. Servir el café recién hecho, nunca recalentado.","ean":"8410091180048"},{"full_name":"MARCILLA Creme Express café molido mezcla paquete 250 g","name":"Creme Express café molido mezcla paquete 250 g","brand":"MARCILLA ","img":"https://sgfm.elcorteingles.es/SGFM/dctm/MEDIA03/201612/21/00120603900463____3__600x600.jpg","price":"3,15 €","price_unit":"(12,60 € / Kilo)","categories":["Supermercado","Desayunos Dulces y pan","Desayunos, dulces y pan","Cafés y cacaos","Café mezcla molido","MARCILLA Creme Express café molido mezcla paquete 250 g"],"general_information":["Denominación del alimento: Café molido de tueste natural (80%) y torrefacto (20%)","Nombre del operador: JACOBS DOUWE EGBERTS B.V.","Dirección del operador: Oosterdoksstraat 80, 1011 DK Amsterdam The Netherlands","Cantidad Neta: 0.25 Kilogramos"],"ingredients":[" Ingredientes: Café y azúcar."],"conservation":"Modo de empleo: Para disfrutar todo su aroma y sabor, Marcilla recomienda: 1. El perfecto espresso se prepara con 7g por taza (30 - 40 ml). 2. Prensar suavemente nivelando el café en el cacillo. 3. El tiempo de extracción óptimo es de 20-30 segundos. 4. Utilizar agua de la máxima pureza. 5. Mantener el café en el envase original en un lugar fresco y seco.","ean":"8410091073913"},{"full_name":"SAIMAZA café molido mezcla formato ahorro paquete 500 g","name":"café molido mezcla formato ahorro paquete 500 g","brand":"SAIMAZA ","img":"https://sgfm.elcorteingles.es/SGFM/dctm/MEDIA03/201701/17/00120604401412____1__600x600.jpg","price":"4,05 €","price_unit":"(8,10 € / Kilo)","categories":["Supermercado","Desayunos Dulces y pan","Desayunos, dulces y pan","Cafés y cacaos","Café mezcla molido","SAIMAZA café molido mezcla formato ahorro paquete 500 g"],"general_information":["Denominación del alimento: Café molido de tueste natural 50% y torrefacto 50%","Nombre del operador: JACOBS DOUWE EGBERTS B.V.","Dirección del operador: Oosterdoksstraat 80, 1011 DK Amsterdam The Netherlands","Cantidad Neta: 0.5 Kilogramos"],"ingredients":[" Ingredientes: Café, azúcar"],"conservation":" Conservar en un lugar fresco y seco.","ean":"8711000668344"},{"full_name":"SAIMAZA café molido mezcla superior paquete 250 g","name":"café molido mezcla superior paquete 250 g","brand":"SAIMAZA ","img":"https://sgfm.elcorteingles.es/SGFM/00/19/0/0120604400190/0120604400190000g01011.jpg","price":"2,28 €","price_unit":"(9,12 € / Kilo)","categories":["Supermercado","Desayunos Dulces y pan","Desayunos, dulces y pan","Cafés y cacaos","Café mezcla molido","SAIMAZA café molido mezcla superior paquete 250 g"],"general_information":["Denominación del alimento: Café molido de tueste natural (50%) y torrefacto (50%).","Nombre del operador: JACOBS DOUWE EGBERTS B.V.","Dirección del operador: Oosterdoksstraat 80, 1011 DK Amsterdam The Netherlands","Cantidad Neta: 0.25 Kilogramos"],"ingredients":[" Ingredientes: Café, azúcar"],"conservation":" Conservar en un lugar fresco y seco.","ean":"8711000527504"},{"full_name":"LA ESTRELLA café molido mezcla intenso mitad natural mitad torrefacto formato ahorro 2x250g 500 g","name":"café molido mezcla intenso mitad natural mitad torrefacto formato ahorro 2x250g  500 g","brand":"LA ESTRELLA ","img":"https://sgfm.elcorteingles.es/SGFM/dctm/MEDIA03/201608/04/00120604401370____3__600x600.jpg","price":"3,14 €","price_unit":"(6,28 € / Kilo)","categories":["Supermercado","Desayunos Dulces y pan","Desayunos, dulces y pan","Cafés y cacaos","Café mezcla molido","LA ESTRELLA café molido mezcla intenso mitad natural mitad torrefacto formato ahorro 2x250g 500 g"],"general_information":["Denominación del alimento: Café molido de tueste natural 50% y torrefacto 50%.","Nombre del operador: Nestlé España, S.A.","Dirección del operador: Avinguda Països Catalans, 51 - 08950 Esplugues de Llobregat (Barcelona)","Cantidad Neta: 500 g","Otras menciones obligatorias en la etiqueta: Envasado en atmósfera protectora."],"ingredients":[" Café, jarabe de glucosa."],"ean":"8410121043626"},{"full_name":"LA ESTRELLA café molido mezcla intensa paquete 250 g","name":"café molido mezcla intensa paquete 250 g","brand":"LA ESTRELLA ","img":"https://sgfm.elcorteingles.es/SGFM/dctm/MEDIA03/201608/04/00120604400307____4__600x600.jpg","price":"1,89 €","price_unit":"(7,56 € / Kilo)","categories":["Supermercado","Desayunos Dulces y pan","Desayunos, dulces y pan","Cafés y cacaos","Café mezcla molido","LA ESTRELLA café molido mezcla intensa paquete 250 g"],"general_information":["Denominación del alimento: Café molido de tueste natural (50%) y torrefacto (50%)","Nombre del operador: Nestlé España, S.A.","Dirección del operador: Productos del Café, S.A. - Fundidores, 85 - 28906 Getafe (Madrid) - España","Cantidad Neta: 250 g","Otras menciones obligatorias en la etiqueta: Envasado al vacío"],"ingredients":[" Ingredientes: café, jarabe de glucosa."],"conservation":" Una vez abierto el paquete, guárdelo en un envase hermético y consérvelo en el frigorífico","ean":"8410121100633"},{"full_name":"OQUENDO Élite café molido mezcla 30-70 bote 500 g","name":"Élite café molido mezcla 30-70 bote 500 g","brand":"OQUENDO ","img":"https://sgfm.elcorteingles.es/SGFM/dctm/MEDIA03/201704/20/00120604401453____1__600x600.jpg","price":"5,39 €","price_unit":"(10,78 € / Kilo)","categories":["Supermercado","Desayunos Dulces y pan","Desayunos, dulces y pan","Cafés y cacaos","Café mezcla molido","OQUENDO Élite café molido mezcla 30-70 bote 500 g"],"general_information":["Denominación del alimento: Café molido de tueste natural (70%) y Torrefacto (30%)","Nombre del operador: Fast Eurocafe S.A.","Dirección del operador: 33192)","Cantidad Neta: 500 g","Otras menciones obligatorias en la etiqueta: Producto envasado en atmósfera protectora"],"ingredients":[" Café y azúcar"],"conservation":" Conservar en lugar fesco y seco","ean":"8412956205057"},{"full_name":"BONKA café molido mezcla pack 2x500 paquete 1000 g","name":"café molido mezcla pack 2x500 paquete 1000 g","brand":"BONKA ","img":"https://sgfm.elcorteingles.es/SGFM/dctm/MEDIA03/201707/28/00120604401503____1__600x600.jpg","price":"8,50 €","price_unit":"(8,50 € / Kilo)","categories":["Supermercado","Desayunos Dulces y pan","Desayunos, dulces y pan","Cafés y cacaos","Café mezcla molido","BONKA café molido mezcla pack 2x500 paquete 1000 g"],"general_information":["Denominación del alimento: Café molido de tueste natural (70%) y torrefacto (30%)","Nombre del operador: Nestlé España, S.A.","Dirección del operador: Nestlé España, S.A. - Edificio Nestlé - 08950 Esplugues de Llobregat (Barcelona)","Cantidad Neta: 1000 g"],"ingredients":[" Café y jarabe de glucosa."],"conservation":" Una vez abierto el paquete, guardar en un recipiente hermético. / Conservar en el refrigerador.","ean":"7613036081443"},{"full_name":"BONKA café molido mezcla paquete 500 g","name":"café molido mezcla paquete 500 g","brand":"BONKA ","img":"https://sgfm.elcorteingles.es/SGFM/dctm/MEDIA03/201707/28/00120604401495____1__600x600.jpg","price":"4,35 €","price_unit":"(8,70 € / Kilo)","categories":["Supermercado","Desayunos Dulces y pan","Desayunos, dulces y pan","Cafés y cacaos","Café mezcla molido","BONKA café molido mezcla paquete 500 g"],"general_information":["Denominación del alimento: Café molido de tueste natural (70%) y torrefacto (30%)","Nombre del operador: Nestlé España, S.A.","Dirección del operador: Nestlé España, S.A. - Edificio Nestlé - 08950 Esplugues de Llobregat (Barcelona)","Cantidad Neta: 500 g"],"ingredients":[" Café y jarabe de glucosa."],"conservation":" Una vez abierto el paquete, guardar en un recipiente hermético. / Conservar en el refrigerador.","ean":"7613036039499"},{"full_name":"BONKA café molido mezcla paquete 250 g","name":"café molido mezcla paquete 250 g","brand":"BONKA ","img":"https://sgfm.elcorteingles.es/SGFM/dctm/MEDIA02/CONTENIDOS/201510/05/00120604400398____1__600x600.jpg","price":"2,92 €","price_unit":"(11,68 € / Kilo)","categories":["Supermercado","Desayunos Dulces y pan","Desayunos, dulces y pan","Cafés y cacaos","Café mezcla molido","BONKA café molido mezcla paquete 250 g"],"general_information":["Denominación del alimento: Café molido de tueste natural (70%) y torrefacto (30%)","Nombre del operador: Nestlé España, S.A.","Dirección del operador: Nestlé España, S.A. Edificio Nestlé 08950 Esplugues de Llobregat (Barcelona)","Cantidad Neta: 250 g"],"ingredients":[" Ingredientes: café y jarabe de glucosa."],"ean":"8410100024356"},{"full_name":"BONKA café molido mezcla 50-50 paquete 250 g","name":"café molido mezcla 50-50 paquete 250 g","brand":"BONKA ","img":"https://sgfm.elcorteingles.es/SGFM/dctm/MEDIA02/CONTENIDOS/201510/05/00120604400406____1__600x600.jpg","price":"2,92 €","price_unit":"(11,68 € / Kilo)","categories":["Supermercado","Desayunos Dulces y pan","Desayunos, dulces y pan","Cafés y cacaos","Café mezcla molido","BONKA café molido mezcla 50-50 paquete 250 g"],"general_information":["Denominación del alimento: Café molido de tueste natural (50%) y torrefacto (50%)","Nombre del operador: Nestlé España, S.A.","Dirección del operador: Nestlé España, S.A. Edificio Nestlé 08950 Esplugues de Llobregat (Barcelona)","Cantidad Neta: 250 g","Otras menciones obligatorias en la etiqueta: Envasado en atmósfera protectora"],"ingredients":[" Ingredientes: café y jarabe de glucosa"],"conservation":" Una vez abierto el paquete, guardar en un recipiente hermético. Conservar en el refrigerador","ean":"8410100024363"},{"full_name":"DROMEDARIO café molido mezcla 80-20 paquete 250 g","name":"café molido mezcla 80-20 paquete 250 g","brand":"DROMEDARIO ","img":"https://sgfm.elcorteingles.es/SGFM/dctm/MEDIA02/CONTENIDOS/201407/21/00200204400030____1__600x600.jpg","price":"2,20 €","price_unit":"(8,80 € / Kilo)","categories":["Supermercado","Desayunos Dulces y pan","Desayunos, dulces y pan","Cafés y cacaos","Café mezcla molido","DROMEDARIO café molido mezcla 80-20 paquete 250 g"],"general_information":["Denominación del alimento: Café Molido de Tueste Natural 80%y Torrefacto 20%","Nombre del operador: Café Dromedario","Dirección del operador: Recta de Heras s/n, 39/92 Heras (cantabria)","Cantidad Neta: 250,0 g"],"ingredients":[" Café y azúcar"],"conservation":" Conservese en lugar fresco y seco","ean":"8410814014025"},{"full_name":"DROMEDARIO café molido mezcla 50-50 paquete 250 g","name":"café molido mezcla 50-50 paquete 250 g","brand":"DROMEDARIO ","img":"https://sgfm.elcorteingles.es/SGFM/dctm/MEDIA02/CONTENIDOS/201407/21/00200204400022____1__600x600.jpg","price":"2,10 €","price_unit":"(8,40 € / Kilo)","categories":["Supermercado","Desayunos Dulces y pan","Desayunos, dulces y pan","Cafés y cacaos","Café mezcla molido","DROMEDARIO café molido mezcla 50-50 paquete 250 g"],"general_information":["Denominación del alimento: Café Molido de Tueste Natural 50%y Torrefacto 50%","Nombre del operador: Café Dromedario","Dirección del operador: Recta de Heras s/n, 39/92 Heras (cantabria)","Cantidad Neta: 250,0 g"],"ingredients":[" Café y azúcar"],"conservation":" Conservese en lugar fresco y seco","ean":"8410814014049"},{"full_name":"ORUS café molido Gourmet paquete 250 g","name":"café molido Gourmet paquete 250 g","brand":"ORUS ","img":"https://sgfm.elcorteingles.es/SGFM/dctm/MEDIA03/201611/23/00120604400018____1__600x600.jpg","price":"2,11 €            ","price_unit":"(7,16 € / Kilo)","categories":["Supermercado","Desayunos Dulces y pan","Desayunos, dulces y pan","Cafés y cacaos","Café mezcla molido","ORUS café molido Gourmet paquete 250 g"],"general_information":["Denominación del alimento: Café molido","Nombre del operador: Cafés Orús S.A.","Dirección del operador: Polígono Industrial el Portazgo nave 83,  5011 Zaragoza","Cantidad Neta: 250 g"],"ingredients":[" Café, azúcar"],"conservation":" Una vez abierto el paquete, introducirlo en un bote hermético y conservarlo en un lugar fresco y seco","ean":"8412018502018"},{"full_name":"ORUS café molido mezcla express paquete 250 g","name":"café molido mezcla express paquete 250 g","brand":"ORUS ","img":"https://sgfm.elcorteingles.es/SGFM/dctm/MEDIA03/201611/23/00120604400026____1__600x600.jpg","price":"2,50 €            ","price_unit":"(8,60 € / Kilo)","categories":["Supermercado","Desayunos Dulces y pan","Desayunos, dulces y pan","Cafés y cacaos","Café mezcla molido","ORUS café molido mezcla express paquete 250 g"],"general_information":["Denominación del alimento: Café molido","Nombre del operador: Cafés Orús S.A.","Dirección del operador: Polígono Industrial el Portazgo nave 83,  5011 Zaragoza","Cantidad Neta: 250 g"],"ingredients":[" Café, azúcar"],"conservation":" Una vez abierto el paquete, introducirlo en un bote hermético y conservarlo en un lugar fresco y seco","ean":"8412018502032"},{"full_name":"BRANIK CAFES LA BRASILEÑA café molido mezcla especial para cafeteras con filtro paquete 250 g","name":"café molido mezcla especial para cafeteras con filtro paquete 250 g","brand":"BRANIK CAFES LA BRASILEÑA ","img":"https://sgfm.elcorteingles.es/SGFM/00/11/7/0120604400117/0120604400117000g01011.jpg","price":"3,05 €","price_unit":"(12,20 € / Kilo)","categories":["Supermercado","Desayunos Dulces y pan","Desayunos, dulces y pan","Cafés y cacaos","Café mezcla molido","BRANIK CAFES LA BRASILEÑA café molido mezcla especial para cafeteras con filtro paquete 250 g"],"general_information":["Denominación del alimento: Café molido  de mezcla","Nombre del operador: Cafés La Brasileña, S.A.","Dirección del operador: C/Oñate nº 12 - 01013 - Vitoria - Gasteiz","Cantidad Neta: 250,0 g","Otras menciones obligatorias en la etiqueta: Envasado al vacío. El café torrefacto ha sido tostado con azúcar. Tueste natural 60% y Torrefacto 40%."],"ingredients":[" Café molido de tueste natural 60 %, torrefacto 40% y azúcar."],"ean":"8410029001179"},{"full_name":"BRANIK CAFES LA BRASILEÑA café molido mezcla paquete 250 g","name":"café molido mezcla paquete 250 g","brand":"BRANIK CAFES LA BRASILEÑA ","img":"https://sgfm.elcorteingles.es/SGFM/00/12/5/0120604400125/0120604400125000g01011.jpg","price":"3,05 €","price_unit":"(12,20 € / Kilo)","categories":["Supermercado","Desayunos Dulces y pan","Desayunos, dulces y pan","Cafés y cacaos","Café mezcla molido","BRANIK CAFES LA BRASILEÑA café molido mezcla paquete 250 g"],"general_information":["Denominación del alimento: Café molido  de mezcla","Nombre del operador: Cafés La Brasileña, S.A.","Dirección del operador: C/Oñate nº 12 - 01013 - Vitoria - Gasteiz","Cantidad Neta: 250,0 g","Otras menciones obligatorias en la etiqueta: Envasado al vacío. El café torrefacto ha sido tostado con azúcar. Tueste natural 60% y Torrefacto 40%."],"ingredients":[" Café molido de tueste natural 60 %, torrefacto 40% y azúcar."],"ean":"8410029001186"},{"full_name":"CATUNAMBU café molido mezcla 2x250 g paquete 500 g","name":"café molido mezcla 2x250 g paquete 500 g","brand":"CATUNAMBU ","img":"https://sgfm.elcorteingles.es/SGFM/dctm/MEDIA03/201709/20/00120604401354____1__600x600.jpg","price":"3,05 €","price_unit":"(6,10 € / Kilo)","categories":["Supermercado","Desayunos Dulces y pan","Desayunos, dulces y pan","Cafés y cacaos","Café mezcla molido","CATUNAMBU café molido mezcla 2x250 g paquete 500 g"],"general_information":[],"ingredients":[],"ean":"8411247123568"},{"full_name":"CATUNAMBU café molido mezcla 50-50 paquete 250 g","name":"café molido mezcla 50-50 paquete 250 g","brand":"CATUNAMBU ","img":"https://sgfm.elcorteingles.es/SGFM/00/03/4/0120604400034/0120604400034000g01011.jpg","price":"1,89 €","price_unit":"(7,56 € / Kilo)","categories":["Supermercado","Desayunos Dulces y pan","Desayunos, dulces y pan","Cafés y cacaos","Café mezcla molido","CATUNAMBU café molido mezcla 50-50 paquete 250 g"],"general_information":[],"ingredients":[],"ean":"8411247123711"},{"full_name":"FORTALEZA café molido mezcla 70-30 paquete 250 g","name":"café molido mezcla 70-30 paquete 250 g","brand":"FORTALEZA ","img":"https://sgfm.elcorteingles.es/SGFM/00/07/5/0120604400075/0120604400075000g01011.jpg","price":"2,85 €            ","price_unit":"(11,16 € / Kilo)","categories":["Supermercado","Desayunos Dulces y pan","Desayunos, dulces y pan","Cafés y cacaos","Café mezcla molido","FORTALEZA café molido mezcla 70-30 paquete 250 g"],"general_information":["Denominación del alimento: Café molido de tueste natural 50% y torrefacto 50%","Nombre del operador: INDUSTRIAS DE CAFE DEL NORTE S.A.","Dirección del operador: Portal de Gamarra 41, 01013 Vitoria (Alava)","Cantidad Neta: 0.275 Kilogramos","Número de raciones por envase: 27"],"ingredients":[" Café, azúcar"],"conservation":" Conserve el envase, una vez abierto, en el frigorífico o en un lugar fresco y seco.","ean":"8410192103366"},{"full_name":"SOLEY café molido mezcla 50-50 paquete 250 g","name":"café molido mezcla 50-50 paquete 250 g","brand":"SOLEY ","img":"https://sgfm.elcorteingles.es/SGFM/dctm/MEDIA03/201612/21/00120604400273____1__600x600.jpg","price":"2,09 €","price_unit":"(8,36 € / Kilo)","categories":["Supermercado","Desayunos Dulces y pan","Desayunos, dulces y pan","Cafés y cacaos","Café mezcla molido","SOLEY café molido mezcla 50-50 paquete 250 g"],"general_information":["Denominación del alimento: Café molido de tueste natural (50%) y torrefacto (50%)","Nombre del operador: JACOBS DOUWE EGBERTS B.V.","Dirección del operador: Oosterdoksstraat 80, 1011 DK Amsterdam The Netherlands","Cantidad Neta: 0.25 Kilogramos"],"ingredients":[" Ingredientes: Café y azúcar."],"ean":"8410146030335"},{"full_name":"CAFENASA café molido mezcla 70-30 paquete 250 g","name":"café molido mezcla 70-30 paquete 250 g","brand":"CAFENASA ","img":"https://sgfm.elcorteingles.es/SGFM/00/54/7/0120604400547/0120604400547000g01011.jpg","price":"2,24 €","price_unit":"(8,96 € / Kilo)","categories":["Supermercado","Desayunos Dulces y pan","Desayunos, dulces y pan","Cafés y cacaos","Café mezcla molido","CAFENASA café molido mezcla 70-30 paquete 250 g"],"general_information":["Denominación del alimento: Café molido","País de origen: España","Nombre del operador: Cafes Navarra S.A.","Dirección del operador: C/Ermitapea, 12 - 31013 Ansoain-Pamplona","Lugar de procedencia del alimento: España","Cantidad Neta: 250,0 g","Otras menciones obligatorias en la etiqueta: Café molido mezcla. Café de tueste natural 70%. Café torrefacto 30%. CAFÉ MUNDI PROYECTOS DE SOSTENIBILIDAD SOCIAL EN PAÍSES PRODUCTORES DE CAFÉ."],"ingredients":[" Café y azúcar."],"ean":"8413288303046"},{"full_name":"BARCO café molido mezcla 50-50 paquete 250 g","name":"café molido mezcla 50-50 paquete 250 g","brand":"BARCO ","img":"https://sgfm.elcorteingles.es/SGFM/dctm/MEDIA02/CONTENIDOS/201410/27/00120604400992____1__600x600.jpg","price":"1,55 €","price_unit":"(6,20 € / Kilo)","categories":["Supermercado","Desayunos Dulces y pan","Desayunos, dulces y pan","Cafés y cacaos","Café mezcla molido","BARCO café molido mezcla 50-50 paquete 250 g"],"general_information":["Denominación del alimento: Café Torrefacto molido Arabica y Robusta.","Nombre del operador: Novadelta Comercio e Industria de Café S.A.","Dirección del operador: Herdade das Argamassas 7370-071 Campo Maior - Portugal.","Cantidad Neta: 250 g"],"ingredients":[" Café Torrefacto molido Arabica, Robusta y azúcar."],"conservation":" Conserve el envase en lugar fresco y seco.","ean":"5601307002022"},{"full_name":"DOCE café molido mezcla 60-40 paquete 250 g","name":"café molido mezcla 60-40 paquete 250 g","brand":"DOCE ","img":"https://sgfm.elcorteingles.es/SGFM/00/25/7/0120604400257/0120604400257000g01011.jpg","price":"1,99 €","price_unit":"(7,96 € / Kilo)","categories":["Supermercado","Desayunos Dulces y pan","Desayunos, dulces y pan","Cafés y cacaos","Café mezcla molido","DOCE café molido mezcla 60-40 paquete 250 g"],"general_information":["Denominación del alimento: CAFÉ MOLIDO MEZCLA. CAFÉ TUESTE NATURAL 50%, CAFÉ TORREFACTO 50%","Nombre del operador: CAFÉS CANDELAS, S.L.","Dirección del operador: C/Transportes, 7. Polígono CEAO. Lugo (Lugo) 27003","Cantidad Neta: 250 g","Otras menciones obligatorias en la etiqueta: El café torrefacto ha sido tostado con azúcares."],"ingredients":[" Café y azúcar"],"conservation":" Mnatener en lugar fresco y seco","ean":"8420505042015"},{"full_name":"BAQUE café molido mezcla paquete 250 g","name":"café molido mezcla paquete 250 g","brand":"BAQUE ","img":"https://sgfm.elcorteingles.es/SGFM/dctm/MEDIA02/CONTENIDOS/201411/28/00120604400109____1__600x600.jpg","price":"2,78 €","price_unit":"(11,12 € / Kilo)","categories":["Supermercado","Desayunos Dulces y pan","Desayunos, dulces y pan","Cafés y cacaos","Café mezcla molido","BAQUE café molido mezcla paquete 250 g"],"general_information":["Denominación del alimento: Café molido de tueste natural 50% y torrefacto 50%","País de origen: España","Nombre del operador: Cafés Baqué S.L.U.","Dirección del operador: Polígono industrial Santa Apolonia UAI 2-2 - 48215 Iurreta (Bizkaia)","Lugar de procedencia del alimento: España","Cantidad Neta: 250 g","Otras menciones obligatorias en la etiqueta: Un café de tueste natural y torrefacto con gran cuerpo."],"ingredients":[],"conservation":" Una vez abierto, colóquelo en un envase hermético y consérvelo en el frigorífico.","ean":"8410684950256"},{"full_name":"CANDELAS café molido mezcla paquete 250 g","name":"café molido mezcla paquete 250 g","brand":"CANDELAS ","img":"https://sgfm.elcorteingles.es/SGFM/00/28/1/0120604400281/0120604400281000g01011.jpg","price":"1,99 €","price_unit":"(7,96 € / Kilo)","categories":["Supermercado","Desayunos Dulces y pan","Desayunos, dulces y pan","Cafés y cacaos","Café mezcla molido","CANDELAS café molido mezcla paquete 250 g"],"general_information":["Denominación del alimento: CAFÉ MOLIDO MEZCLA. CAFÉ TUESTE NATURAL: 50% , CAFÉ TORREFACTO: 50%","Nombre del operador: CAFES CANDELAS S.L.","Dirección del operador: C/Transportes, 7 - Polígono CEAO. Lugo (Lugo) 27003","Cantidad Neta: 250 g","Otras menciones obligatorias en la etiqueta: El café torrefacto ha sido tostado con azúcares"],"ingredients":[" Café y azúcar"],"conservation":" Mantener en lugar fresco y seco.","ean":"8412866005020"},{"full_name":"RICO café molido mezcla 80-20 paquete 250 g","name":"café molido mezcla 80-20 paquete 250 g","brand":"RICO ","img":"https://sgfm.elcorteingles.es/SGFM/00/09/1/0120604400091/0120604400091000g01011.jpg","price":"2,45 €            ","price_unit":"(8,60 € / Kilo)","categories":["Supermercado","Desayunos Dulces y pan","Desayunos, dulces y pan","Cafés y cacaos","Café mezcla molido","RICO café molido mezcla 80-20 paquete 250 g"],"general_information":["Denominación del alimento: Café molido de tueste natural y café molido torrefacto","Nombre del operador: Café Rico, S.L.","Dirección del operador: Ctra. Vieja de Bunyola, 29, 07009 Palma, Illes Balears","Cantidad Neta: 250 g"],"ingredients":[],"ean":"8411334000147"},{"full_name":"DELTA café molido mezcla 50% natural 50% torrefacto bolsa 250 g","name":"café molido mezcla 50% natural 50% torrefacto bolsa 250 g","brand":"DELTA ","img":"https://sgfm.elcorteingles.es/SGFM/01/33/9/0120604401339/0120604401339000g01011.jpg","price":"2,47 €","price_unit":"(9,88 € / Kilo)","categories":["Supermercado","Desayunos Dulces y pan","Desayunos, dulces y pan","Cafés y cacaos","Café mezcla molido","DELTA café molido mezcla 50% natural 50% torrefacto bolsa 250 g"],"general_information":["Denominación del alimento: Café molido de Tueste Natural 50% y Torrefacto 50%.","Nombre del operador: Novadelta Comercio e Industria de Café S.A.","Dirección del operador: Herdade das Argamassas 7370-071 Campo Maior - Portugal.","Cantidad Neta: 250 g"],"ingredients":[" Café molido de Tueste Natural 50% y Torrefacto 50%."],"conservation":" Conserve el envase en lugar fresco y seco.","ean":"5601082035116"},{"full_name":"EL GALLEGO café molido mezcla suave 70-30 paquete 250 g","name":"café molido mezcla suave 70-30 paquete 250 g","brand":"EL GALLEGO ","img":"https://sgfm.elcorteingles.es/SGFM/dctm/MEDIA03/201710/20/00120604401446____1__600x600.jpg","price":"2,99 €","price_unit":"(11,96 € / Kilo)","categories":["Supermercado","Desayunos Dulces y pan","Desayunos, dulces y pan","Cafés y cacaos","Café mezcla molido","EL GALLEGO café molido mezcla suave 70-30 paquete 250 g"],"general_information":["Denominación del alimento: Café molido mezcla suave (70% Natural y 30% Torrefacto)","País de origen: España","Nombre del operador: Cafento Coffee Factory, S.L.","Dirección del operador: Pol. La Curiscada, entrada sur, parcela 1 - 33877 Tineo (Asturias)","Cantidad Neta: 250 g"],"ingredients":[" Café y azúcar"],"conservation":" Proteja el contenido del aire y de la humedad.","ean":"8410559003520"},{"full_name":"EL GALLEGO Pleno Aroma café molido mezcla 50-50 paquete 250 g","name":"Pleno Aroma café molido mezcla 50-50 paquete 250 g","brand":"EL GALLEGO ","img":"https://sgfm.elcorteingles.es/SGFM/dctm/MEDIA02/CONTENIDOS/201505/05/00200204400071____1__600x600.jpg","price":"2,29 €","price_unit":"(9,16 € / Kilo)","categories":["Supermercado","Desayunos Dulces y pan","Desayunos, dulces y pan","Cafés y cacaos","Café mezcla molido","EL GALLEGO Pleno Aroma café molido mezcla 50-50 paquete 250 g"],"general_information":["Denominación del alimento: Café molido mezcla (50% Natural y 50% Torrefacto)","País de origen: España","Nombre del operador: Cafento Coffee Factory, S.L.","Dirección del operador: Pol. La Curiscada, entrada sur, parcela 1 - 33877 Tineo (Asturias)","Cantidad Neta: 250,0 g"],"ingredients":[],"conservation":" Proteja el contenido del aire y de la humedad.","ean":"8410559028523"},{"full_name":"OQUENDO café molido mezcla 70-30 paquete 250 g","name":"café molido mezcla 70-30 paquete 250 g","brand":"OQUENDO ","img":"https://sgfm.elcorteingles.es/SGFM/00/50/1/0200204400501/0200204400501000g01011.jpg","price":"2,71 €","price_unit":"(10,84 € / Kilo)","categories":["Supermercado","Desayunos Dulces y pan","Desayunos, dulces y pan","Cafés y cacaos","Café mezcla molido","OQUENDO café molido mezcla 70-30 paquete 250 g"],"general_information":["Denominación del alimento: Café molido de tueste natural (70%) y Torrefacto (30%)","Nombre del operador: Fast Eurocafe S.A.","Dirección del operador: 33192)","Cantidad Neta: 250 g","Otras menciones obligatorias en la etiqueta: Producto envasado en atmósfera protectora"],"ingredients":[" Café y azúcar"],"conservation":" Conservar en lugar fesco y seco","ean":"8412956202155"},{"full_name":"JURADO café molido mezcla paquete 250 g","name":"café molido mezcla paquete 250 g","brand":"JURADO ","img":"https://sgfm.elcorteingles.es/SGFM/00/21/6/0120604400216/0120604400216000g01011.jpg","price":"1,69 €","price_unit":"(6,76 € / Kilo)","categories":["Supermercado","Desayunos Dulces y pan","Desayunos, dulces y pan","Cafés y cacaos","Café mezcla molido","JURADO café molido mezcla paquete 250 g"],"general_information":["Denominación del alimento: Café molido mezcla","Nombre del operador: Jurado Hermanos S.L.","Dirección del operador: Pol. Ind. Plà de la Vallonga,  C/Nieve 8, 03006 Alicante.","Cantidad Neta: 250 g"],"ingredients":[" Café y azúcar. El café torrefacto ha sido tostado con azúcar."],"conservation":" Conserve este envase en lugar fresco y seco. Una vez abierto, introduzca el café en un envase hermético y consérvelo en el frigorífico.","ean":"8410894000116"},{"full_name":"VALIENTE café molido mezcla 70-30 paquete 250 g","name":"café molido mezcla 70-30 paquete 250 g","brand":"VALIENTE ","img":"https://sgfm.elcorteingles.es/SGFM/00/04/2/0120604400042/0120604400042000g01011.jpg","price":"2,64 €","price_unit":"(10,56 € / Kilo)","categories":["Supermercado","Desayunos Dulces y pan","Desayunos, dulces y pan","Cafés y cacaos","Café mezcla molido","VALIENTE café molido mezcla 70-30 paquete 250 g"],"general_information":["Denominación del alimento: Café molido mezcla (70% Natural y 30% Torrefacto)","País de origen: España","Nombre del operador: Cafento Coffee Factory, S.L.","Dirección del operador: Pol. La Curiscada, entrada sur, parcela 1 - 33877 Tineo (Asturias)","Cantidad Neta: 250 g"],"ingredients":[],"conservation":" Después de cada uso conserve el café en el propio envase, bien cerrado, y preferentemente en el frigorífico.","ean":"8410559060318"},{"full_name":"BRASILIA café molido mezcla 70-30 paquete 250 g","name":"café molido mezcla 70-30 paquete 250 g","brand":"BRASILIA ","img":"https://sgfm.elcorteingles.es/SGFM/dctm/MEDIA03/201603/16/00120604401263____1__600x600.jpg","price":"1,99 €","price_unit":"(7,96 € / Kilo)","categories":["Supermercado","Desayunos Dulces y pan","Desayunos, dulces y pan","Cafés y cacaos","Café mezcla molido","BRASILIA café molido mezcla 70-30 paquete 250 g"],"general_information":["Denominación del alimento: Café molido de tueste natural (70%) y torrefacto (30%)","Nombre del operador: Nestlé España, S.A.","Dirección del operador: PRODUCTOS DEL CAFÉ, S.A. Av. Tarragona, 50 ? 43204 REUS (TARRAGONA)","Cantidad Neta: 250 g"],"ingredients":[" Ingredientes: café, jarabe de glucosa"],"conservation":" Una vez abierto manténgalo en un recipiente hermético y en un lugar fresco y seco.","ean":"8410289160104"},{"full_name":"INTERMON OXFAM café molido mezcla paquete 250 g","name":"café molido mezcla paquete 250 g","brand":"INTERMON OXFAM ","img":"https://sgfm.elcorteingles.es/SGFM/01/92/5/0120603901925/0120603901925000g01011.jpg","price":"2,64 €","price_unit":"(10,56 € / Kilo)","categories":["Supermercado","Desayunos Dulces y pan","Desayunos, dulces y pan","Cafés y cacaos","Café mezcla molido","INTERMON OXFAM café molido mezcla paquete 250 g"],"general_information":["Denominación del alimento: Café molido mezcla.","Nombre del operador: Oxfam Intermón.","Dirección del operador: C/ Louis Pasteur 1, Parque tecnológico 46980 Paterna (Valencia).","Cantidad Neta: 250,0 g"],"ingredients":[" Café*, jarabe de glucosa. * Ingrediente procedente de comercio justo."],"conservation":" Una vez abierto el paquete guardar  en un recipiente hermético y preferiblemente en el frigorífico.","ean":"8437001415021"},{"full_name":"TOSCAF café molido mezcla 50-50 paquete 250 g","name":"café molido mezcla 50-50 paquete 250 g","brand":"TOSCAF ","img":"https://sgfm.elcorteingles.es/SGFM/00/27/9/0200204400279/0200204400279000g01011.jpg","price":"1,85 €","price_unit":"(7,40 € / Kilo)","categories":["Supermercado","Desayunos Dulces y pan","Desayunos, dulces y pan","Cafés y cacaos","Café mezcla molido","TOSCAF café molido mezcla 50-50 paquete 250 g"],"general_information":[],"ingredients":[],"ean":"8411377065158"},{"full_name":"BAHIA café molido mezcla paquete 250 g","name":"café molido mezcla paquete 250 g","brand":"BAHIA ","img":"https://sgfm.elcorteingles.es/SGFM/00/05/9/0120604400059/0120604400059000g01011.jpg","price":"2,21 €","price_unit":"(8,84 € / Kilo)","categories":["Supermercado","Desayunos Dulces y pan","Desayunos, dulces y pan","Cafés y cacaos","Café mezcla molido","BAHIA café molido mezcla paquete 250 g"],"general_information":["Denominación del alimento: CAFÉ MOLIDO MEZCLA. CAFÉ TUESTE NATURAL 50% , CAFÉ TORREFACTO: 50%","Nombre del operador: CAFES CANDELAS S.L.","Dirección del operador: C/Transportes, 7 - Polígono CEAO. Lugo (Lugo) 27003","Cantidad Neta: 250 g","Otras menciones obligatorias en la etiqueta: El café torrefacto ha sido tostado con azúcares"],"ingredients":[" Café y azúcar"],"conservation":" Mantener en lugar fresco y seco.","ean":"8412007130284"},{"full_name":"ARECES Tradición café molido mezcla 50-50 paquete 250 g","name":"Tradición café molido mezcla 50-50 paquete 250 g","brand":"ARECES ","img":"https://sgfm.elcorteingles.es/SGFM/dctm/MEDIA02/CONTENIDOS/201410/17/00120604400158____1__600x600.jpg","price":"2,29 €","price_unit":"(9,16 € / Kilo)","categories":["Supermercado","Desayunos Dulces y pan","Desayunos, dulces y pan","Cafés y cacaos","Café mezcla molido","ARECES Tradición café molido mezcla 50-50 paquete 250 g"],"general_information":["Denominación del alimento: Café molido mezcla (50% Natural, 50% Torrefacto)","País de origen: España","Nombre del operador: Cafento Coffee Factory, S.L.","Dirección del operador: Pol. La Curiscada, entrada sur, parcela 1 - 33877 Tineo (Asturias)","Cantidad Neta: 250,0 g"],"ingredients":[],"conservation":" Una vez abierto el paquete, proteja su contenido del aire y de la humedad. La nevera o, mejor, el congelador son los lugares ideales para conservarlo.","ean":"8412021001027"},{"full_name":"PONT café molido mezcla paquete 250 g","name":"café molido mezcla paquete 250 g","brand":"PONT ","img":"https://sgfm.elcorteingles.es/SGFM/dctm/MEDIA03/201707/08/00120604400083____1__600x600.jpg","price":"1,65 €","price_unit":"(6,60 € / Kilo)","categories":["Supermercado","Desayunos Dulces y pan","Desayunos, dulces y pan","Cafés y cacaos","Café mezcla molido","PONT café molido mezcla paquete 250 g"],"general_information":["Denominación del alimento: Cafè mòlt","Nombre del operador: Cafès Pont, S.L.","Dirección del operador: Av. de Rafael Casanova, 38 - 08206 Sabadell (Barcelona)","Cantidad Neta: 250 g"],"ingredients":[" Cafè i sucre."],"conservation":" Conserveu-lo en un lloc fresc i sec. Un cop oberta la bossa guardeu-la doblegada en un recipient hermètic i al frigorific","ean":"8411864002826"},{"full_name":"ALIADA café natural descafeinado molido paquete 250 g","name":"café natural descafeinado molido paquete 250 g","brand":"ALIADA ","img":"https://sgfm.elcorteingles.es/SGFM/dctm/MEDIA03/201603/11/00120642100695____1__600x600.jpg","price":"1,29 €","price_unit":"(5,16 € / Kilo)","categories":["Supermercado","Desayunos Dulces y pan","Desayunos, dulces y pan","Cafés y cacaos","Café descafeinado molido","ALIADA café natural descafeinado molido paquete 250 g"],"general_information":["Denominación del alimento: CAFÉ MOLIDO DE TUESTE NATURAL DESCAFEINADO","Nombre del operador: Elaborado para el Grupo El Corte Inglés\nHermosilla, 112   28009 Madrid - España \npor NIF: B97848014","Cantidad Neta: 250 g"],"ingredients":[" Ingredientes: Café descafeinado"],"conservation":" CONSEJOS DE CONSERVACIÓN.             Conservar en lugar fresco y seco.\nUna vez abierto el paquete, métalo en un recipiente hermético y consérvelo en el frigorífico hasta que vuelva a utilizarlo.","ean":"8433329000024"},{"full_name":"ALIADA café descafeinado molido mezcla paquete 250 g","name":"café descafeinado molido mezcla paquete 250 g","brand":"ALIADA ","img":"https://sgfm.elcorteingles.es/SGFM/dctm/MEDIA03/201603/11/00120642100703____1__600x600.jpg","price":"1,29 €","price_unit":"(5,16 € / Kilo)","categories":["Supermercado","Desayunos Dulces y pan","Desayunos, dulces y pan","Cafés y cacaos","Café descafeinado molido","ALIADA café descafeinado molido mezcla paquete 250 g"],"general_information":["Denominación del alimento: CAFÉ MOLIDO DESCAFEINADO DE TUESTE NATURAL (50%) Y TORREFACTO (50%)","Nombre del operador: Elaborado para el Grupo El Corte Inglés\nHermosilla, 112   28009 Madrid - España \npor NIF: B97848014","Cantidad Neta: 250 g"],"ingredients":[" Ingredientes: Café descafeinado y azúcar. El café torrefacto ha sido tostado con azúcares."],"conservation":" CONSEJOS DE CONSERVACIÓN.                  Conservar en lugar fresco y seco.\n Una vez abierto el paquete, métalo en un recipiente hermético y consérvelo en el frigorífico hasta que vuelva a utilizarlo.","ean":"8433329000031"},{"full_name":"EL CORTE INGLES café molido de tueste natural descafeinado 100% arábica lata 250 g","name":"café molido de tueste natural descafeinado 100% arábica lata 250 g","brand":"EL CORTE INGLES ","img":"https://sgfm.elcorteingles.es/SGFM/dctm/MEDIA03/201706/22/00120642100935____1__600x600.jpg","price":"7,13 €","price_unit":"(28,52 € / Kilo)","categories":["Supermercado","Desayunos Dulces y pan","Desayunos, dulces y pan","Cafés y cacaos","Café descafeinado molido","EL CORTE INGLES café molido de tueste natural descafeinado 100% arábica lata 250 g"],"general_information":["Denominación del alimento: Café molido de tueste natural descafeinado","Nombre del operador: Seleccionado y elaborado para  El Corte Inglés por \nCafés Camuy, S.A. C/ Roma Nº 7 Polígono Industrial Ciudad de Parla 28983 Parla (Madrid) España","Cantidad Neta: 250 g"],"ingredients":[],"conservation":" Una vez abierta la lata, conservar cerrada en un lugar fresco y seco.","ean":"8433329075886"},{"full_name":"EL CORTE INGLES café descafeinado molido natural paquete 250 g","name":"café descafeinado molido natural paquete 250 g","brand":"EL CORTE INGLES ","img":"https://sgfm.elcorteingles.es/SGFM/dctm/MEDIA03/201604/26/00120642100323____1__600x600.jpg","price":"2,03 €","price_unit":"(8,12 € / Kilo)","categories":["Supermercado","Desayunos Dulces y pan","Desayunos, dulces y pan","Cafés y cacaos","Café descafeinado molido","EL CORTE INGLES café descafeinado molido natural paquete 250 g"],"general_information":["Denominación del alimento: Café molido de tueste natural descafeinado","Nombre del operador: Seleccionado y elaborado para  El Corte Inglés por \nCafés Camuy, S.A. C/ Roma Nº 7 Polígono Industrial Ciudad de Parla 28983 Parla (Madrid) España","Cantidad Neta: 250 g"],"ingredients":[],"conservation":" CONSEJOS DE CONSERVACIÓN.\n? Una vez abierto el paquete, métalo en un recipiente hermético y consérvelo en el frigorífico hasta que vuelva a utilizarlo.","ean":"8433329051194"},{"full_name":"EL CORTE INGLES café descafeinado molido mezcla 50-50 paquete 250 g","name":"café descafeinado molido mezcla 50-50 paquete 250 g","brand":"EL CORTE INGLES ","img":"https://sgfm.elcorteingles.es/SGFM/dctm/MEDIA03/201606/06/00120642100315____1__600x600.jpg","price":"2,03 €","price_unit":"(8,12 € / Kilo)","categories":["Supermercado","Desayunos Dulces y pan","Desayunos, dulces y pan","Cafés y cacaos","Café descafeinado molido","EL CORTE INGLES café descafeinado molido mezcla 50-50 paquete 250 g"],"general_information":["Denominación del alimento: Café molido de tueste natural (50%) y torrefacto (50%) descafeinado","Nombre del operador: Seleccionado y elaborado para  El Corte Inglés por \nCafés Camuy, S.A. C/ Roma Nº 7 Polígono Industrial Ciudad de Parla 28983 Parla (Madrid) España","Cantidad Neta: 250 g"],"ingredients":[" Ingredientes: Café descafeinado y azúcar"],"conservation":" CONSEJOS DE CONSERVACIÓN.\n? Una vez abierto el paquete, métalo en un recipiente hermético y consérvelo en el frigorífico hasta que vuelva a utilizarlo.","ean":"8433329051187"},{"full_name":"MARCILLA Gran Aroma café descafeinado para cafetera tradicional paquete 400 g","name":"Gran Aroma café descafeinado para cafetera tradicional paquete 400 g","brand":"MARCILLA ","img":"https://sgfm.elcorteingles.es/SGFM/dctm/MEDIA03/201702/21/00120642100877____2__600x600.jpg","price":"5,00 €","price_unit":"(12,50 € / Kilo)","categories":["Supermercado","Desayunos Dulces y pan","Desayunos, dulces y pan","Cafés y cacaos","Café descafeinado molido","MARCILLA Gran Aroma café descafeinado para cafetera tradicional paquete 400 g"],"general_information":["Denominación del alimento: Café molido descafeinado de tueste natural (50%) y torrefacto (50%)","Nombre del operador: JACOBS DOUWE EGBERTS B.V.","Dirección del operador: Oosterdoksstraat 80, 1011 DK Amsterdam The Netherlands","Cantidad Neta: 0.4 Kilogramos"],"ingredients":[" Ingredientes: Café y azúcar."],"conservation":"Modo de empleo: Para cafetera tradicional. Para disfrutar todo su aroma y sabor, Marcilla recomienda: 1. Mantener el café en el envase original en un lugar fresco y seco 2. Utilizar agua de la máxima pureza. 3. No dejar hervir el café. 4. Remover en la cafetera antes de servir. 5. Servir el café recién hecho, nunca recalentado.","ean":"8410091055094"},{"full_name":"MARCILLA Gran Aroma café molido descafeinado natural para cafetera tradicional paquete 200 g","name":"Gran Aroma café molido descafeinado natural para cafetera tradicional paquete 200 g","brand":"MARCILLA ","img":"https://sgfm.elcorteingles.es/SGFM//00/80/2/0120642100802/0120642100802000g01011.jpg","price":"2,79 €","price_unit":"(13,95 € / Kilo)","categories":["Supermercado","Desayunos Dulces y pan","Desayunos, dulces y pan","Cafés y cacaos","Café descafeinado molido","MARCILLA Gran Aroma café molido descafeinado natural para cafetera tradicional paquete 200 g"],"general_information":["Denominación del alimento: Café molido descafeinado de tueste natural","Nombre del operador: JACOBS DOUWE EGBERTS B.V.","Dirección del operador: Oosterdoksstraat 80, 1011 DK Amsterdam The Netherlands","Cantidad Neta: 0.2 Kilogramos"],"ingredients":[],"conservation":"Modo de empleo: Para cafetera tradicional. Para disfrutar todo su aroma y sabor, Marcilla recomienda: 1. Mantener el café en el envase original en un lugar fresco y seco 2. Utilizar agua de la máxima pureza. 3. No dejar hervir el café. 4. Remover en la cafetera antes de servir. 5. Servir el café recién hecho, nunca recalentado.","ean":"8410091059658"},{"full_name":"MARCILLA Gran Aroma café molido descafeinado mezcla intenso para cafetera tradicional paquete 200 g","name":"Gran Aroma café molido descafeinado mezcla intenso para cafetera tradicional paquete 200 g","brand":"MARCILLA ","img":"https://sgfm.elcorteingles.es/SGFM//00/81/0/0120642100810/0120642100810000g01011.jpg","price":"2,72 €","price_unit":"(13,60 € / Kilo)","categories":["Supermercado","Desayunos Dulces y pan","Desayunos, dulces y pan","Cafés y cacaos","Café descafeinado molido","MARCILLA Gran Aroma café molido descafeinado mezcla intenso para cafetera tradicional paquete 200 g"],"general_information":["Denominación del alimento: Café molido descafeinado de tueste natural (50%) y torrefacto (50%)","Nombre del operador: JACOBS DOUWE EGBERTS B.V.","Dirección del operador: Oosterdoksstraat 80, 1011 DK Amsterdam The Netherlands","Cantidad Neta: 0.2 Kilogramos"],"ingredients":[" Ingredientes: Café y azúcar."],"conservation":"Modo de empleo: Para cafetera tradicional. Para disfrutar todo su aroma y sabor, Marcilla recomienda: 1. Mantener el café en el envase original en un lugar fresco y seco 2. Utilizar agua de la máxima pureza. 3. No dejar hervir el café. 4. Remover en la cafetera antes de servir. 5. Servir el café recién hecho, nunca recalentado.","ean":"8410091059610"},{"full_name":"MARCILLA Creme Express café mezcla descafeinado molido paquete 250 g","name":"Creme Express café mezcla descafeinado molido paquete 250 g","brand":"MARCILLA ","img":"https://sgfm.elcorteingles.es/SGFM/dctm/MEDIA03/201612/21/00120642100216____2__600x600.jpg","price":"3,19 €","price_unit":"(12,76 € / Kilo)","categories":["Supermercado","Desayunos Dulces y pan","Desayunos, dulces y pan","Cafés y cacaos","Café descafeinado molido","MARCILLA Creme Express café mezcla descafeinado molido paquete 250 g"],"general_information":["Denominación del alimento: Café molido descafeinado de tueste natural (80%) y torrefacto (20%)","Nombre del operador: JACOBS DOUWE EGBERTS B.V.","Dirección del operador: Oosterdoksstraat 80, 1011 DK Amsterdam The Netherlands","Cantidad Neta: 0.25 Kilogramos"],"ingredients":[" Ingredientes: Café y azúcar."],"conservation":"Modo de empleo: Para disfrutar todo su aroma y sabor, Marcilla recomienda: 1. El perfecto espresso se prepara con 7g por taza (30 - 40 ml). 2. Prensar suavemente nivelando el café en el cacillo. 3. El tiempo de extracción óptimo es de 20-30 segundos. 4. Utilizar agua de la máxima pureza. 5. Mantener el café en el envase original en un lugar fresco y seco.","ean":"8410091073920"},{"full_name":"SAIMAZA Gran Selección café descafeinado molido paquete 250 g","name":"Gran Selección café descafeinado molido paquete 250 g","brand":"SAIMAZA ","img":"https://sgfm.elcorteingles.es/SGFM/00/12/5/0120642100125/0120642100125000g01011.jpg","price":"3,18 €","price_unit":"(12,72 € / Kilo)","categories":["Supermercado","Desayunos Dulces y pan","Desayunos, dulces y pan","Cafés y cacaos","Café descafeinado molido","SAIMAZA Gran Selección café descafeinado molido paquete 250 g"],"general_information":[],"ingredients":[],"ean":"8711000527627"},{"full_name":"SAIMAZA café descafeinado natural molido paquete 250 g","name":"café descafeinado natural molido paquete 250 g","brand":"SAIMAZA ","img":"https://sgfm.elcorteingles.es/SGFM/00/13/3/0120642100133/0120642100133000g01011.jpg","price":"2,52 €","price_unit":"(10,08 € / Kilo)","categories":["Supermercado","Desayunos Dulces y pan","Desayunos, dulces y pan","Cafés y cacaos","Café descafeinado molido","SAIMAZA café descafeinado natural molido paquete 250 g"],"general_information":["Denominación del alimento: Café molido de tueste natural descafeinado.","Nombre del operador: JACOBS DOUWE EGBERTS B.V.","Dirección del operador: Oosterdoksstraat 80, 1011 DK Amsterdam The Netherlands","Cantidad Neta: 0.25 Kilogramos"],"ingredients":[],"conservation":" Conservar en un lugar fresco y seco.","ean":"8711000527535"},{"full_name":"SAIMAZA café descafeinado molido mezcla paquete 250 g","name":"café descafeinado molido mezcla paquete 250 g","brand":"SAIMAZA ","img":"https://sgfm.elcorteingles.es/SGFM/00/14/1/0120642100141/0120642100141000g01011.jpg","price":"2,54 €","price_unit":"(10,16 € / Kilo)","categories":["Supermercado","Desayunos Dulces y pan","Desayunos, dulces y pan","Cafés y cacaos","Café descafeinado molido","SAIMAZA café descafeinado molido mezcla paquete 250 g"],"general_information":["Denominación del alimento: Café molido de tueste natural (50%) y torrefacto (50%) descafeinado.","Nombre del operador: JACOBS DOUWE EGBERTS B.V.","Dirección del operador: Oosterdoksstraat 80, 1011 DK Amsterdam The Netherlands","Cantidad Neta: 0.25 Kilogramos"],"ingredients":[" Ingredientes: Café, azúcar"],"conservation":" Conservar en un lugar fresco y seco.","ean":"8711000527566"},{"full_name":"BONKA café descafeinado molido 2x400 paquete 800 g","name":"café descafeinado molido 2x400 paquete 800 g","brand":"BONKA ","img":"https://sgfm.elcorteingles.es/SGFM/dctm/MEDIA03/201707/28/00120642101024____1__600x600.jpg","price":"8,50 €","price_unit":"(10,62 € / Kilo)","categories":["Supermercado","Desayunos Dulces y pan","Desayunos, dulces y pan","Cafés y cacaos","Café descafeinado molido","BONKA café descafeinado molido 2x400 paquete 800 g"],"general_information":["Denominación del alimento: Café molido de tueste natural descafeinado","Nombre del operador: Nestlé España, S.A.","Dirección del operador: Nestlé España, S.A. - Edificio Nestlé - 08950 Esplugues de Llobregat (Barcelona)","Cantidad Neta: 800 g"],"ingredients":[" Café molido de tueste natural descafeinado"],"conservation":" Una vez abierto el paquete, conservar en un recipiente hermético./ Conservar en el refrigerador","ean":"7613036081344"},{"full_name":"BONKA café descafeinado molido paquete 400 g","name":"café descafeinado molido paquete 400 g","brand":"BONKA ","img":"https://sgfm.elcorteingles.es/SGFM/dctm/MEDIA03/201707/28/00120642101016____1__600x600.jpg","price":"4,35 €","price_unit":"(10,88 € / Kilo)","categories":["Supermercado","Desayunos Dulces y pan","Desayunos, dulces y pan","Cafés y cacaos","Café descafeinado molido","BONKA café descafeinado molido paquete 400 g"],"general_information":["Denominación del alimento: Café molido de tueste natural descafeinado","Nombre del operador: Nestlé España, S.A.","Dirección del operador: Nestlé España, S.A. - Edificio Nestlé - 08950 Esplugues de Llobregat (Barcelona)","Cantidad Neta: 400 g"],"ingredients":[" Café molido de tueste natural descafeinado"],"conservation":" Una vez abierto el paquete, conservar en un recipiente hermético./ Conservar en el refrigerador","ean":"7613036039406"},{"full_name":"BONKA café descafeinado natural molido paquete 250 g","name":"café descafeinado natural molido paquete 250 g","brand":"BONKA ","img":"https://sgfm.elcorteingles.es/SGFM/dctm/MEDIA03/201603/16/00120642100265____1__600x600.jpg","price":"2,65 €","price_unit":"(10,60 € / Kilo)","categories":["Supermercado","Desayunos Dulces y pan","Desayunos, dulces y pan","Cafés y cacaos","Café descafeinado molido","BONKA café descafeinado natural molido paquete 250 g"],"general_information":["Denominación del alimento: Café molido de tueste natural descafeinado","Nombre del operador: Nestlé España, S.A.","Dirección del operador: Nestlé España, S.A. Edificio Nestlé 08950 Esplugues de Llobregat (Barcelona)","Cantidad Neta: 250 g"],"ingredients":[" Ingredientes: café descafeinado"],"conservation":" Una vez abierto el paquete, conservar en un recipiente hermético. Conservar en el refrigerador","ean":"8410100024301"},{"full_name":"BONKA café descafeinado molido mezcla paquete 250 g","name":"café descafeinado molido mezcla paquete 250 g","brand":"BONKA ","img":"https://sgfm.elcorteingles.es/SGFM/dctm/MEDIA03/201603/16/00120642100257____2__600x600.jpg","price":"2,39 €","price_unit":"(9,56 € / Kilo)","categories":["Supermercado","Desayunos Dulces y pan","Desayunos, dulces y pan","Cafés y cacaos","Café descafeinado molido","BONKA café descafeinado molido mezcla paquete 250 g"],"general_information":["Denominación del alimento: Café molido de tueste natural (50%) y torrefacto (50%) descafeinado","Nombre del operador: Nestlé España, S.A.","Dirección del operador: Nestlé España, S.A. Edificio Nestlé 08950 Esplugues de Llobregat (Barcelona)","Cantidad Neta: 250 g"],"ingredients":[" Ingredientes: café descafeinado y jarabe de glucosa."],"conservation":" Una vez abierto el paquete, guardar en un recipiente hermético. Conservar en el refrigerador","ean":"8410100023434"},{"full_name":"LA ESTRELLA café descafeinado molido mezcla paquete 250 g","name":"café descafeinado molido mezcla paquete 250 g","brand":"LA ESTRELLA ","img":"https://sgfm.elcorteingles.es/SGFM/dctm/MEDIA03/201608/04/00120642100208____2__600x600.jpg","price":"2,30 €","price_unit":"(9,20 € / Kilo)","categories":["Supermercado","Desayunos Dulces y pan","Desayunos, dulces y pan","Cafés y cacaos","Café descafeinado molido","LA ESTRELLA café descafeinado molido mezcla paquete 250 g"],"general_information":["Denominación del alimento: Café molido de tueste natural descafeinado (50%) y torrefacto descafeinado (50%)","Nombre del operador: Nestlé España, S.A.","Dirección del operador: Productos del Café, S.A. - Fundidores, 85 - 28906 Getafe (Madrid) - España","Cantidad Neta: 250 g","Otras menciones obligatorias en la etiqueta: Envasado al vacío"],"ingredients":[" Ingredientes: café, jarabe de glucosa."],"conservation":" Una vez abierto el paquete, guárdelo en un envase hermético y consérvelo en el frigorífico","ean":"8410121047501"},{"full_name":"SANTA CRISTINA café descafeinado molido paquete 250 g","name":"café descafeinado molido paquete 250 g","brand":"SANTA CRISTINA ","img":"https://sgfm.elcorteingles.es/SGFM/dctm/MEDIA03/201608/04/00120642100166____3__600x600.jpg","price":"2,75 €","price_unit":"(11 € / Kilo)","categories":["Supermercado","Desayunos Dulces y pan","Desayunos, dulces y pan","Cafés y cacaos","Café descafeinado molido","SANTA CRISTINA café descafeinado molido paquete 250 g"],"general_information":["Denominación del alimento: Café molido de tueste natural descafeinado","Nombre del operador: Nestlé España, S.A.","Dirección del operador: Productos del Café, S.A. - Polígono Industrial Guadalhorce, Ctra. Azucarera-Intelhorce, 16 - 29004 Málaga","Cantidad Neta: 250 g","Otras menciones obligatorias en la etiqueta: Envasado al vacío"],"ingredients":[" Ingredientes: café de tueste natural descafeinado"],"conservation":" Una vez abierto el paquete, guárdelo en un envase hermético y consérvelo en el frigorífico.","ean":"8411105000260"},{"full_name":"FORTALEZA café descafeinado molido paquete 250 g","name":"café descafeinado molido paquete 250 g","brand":"FORTALEZA ","img":"https://sgfm.elcorteingles.es/SGFM/00/06/7/0120642100067/0120642100067000g01011.jpg","price":"3,02 €            ","price_unit":"(11,96 € / Kilo)","categories":["Supermercado","Desayunos Dulces y pan","Desayunos, dulces y pan","Cafés y cacaos","Café descafeinado molido","FORTALEZA café descafeinado molido paquete 250 g"],"general_information":["Denominación del alimento: Café molido de tueste natural descafeinado","Nombre del operador: INDUSTRIA DE CAFE DEL NORTE S.A.","Dirección del operador: Portal de Gamarra 41, 01013 Vitoria (Alava)","Cantidad Neta: 0.288 Kilogramos","Número de raciones por envase: 29"],"ingredients":[" Café descafeinado"],"conservation":" Conserve el envase, una vez abierto, en el frigorífico o en un lugar fresco y seco.","ean":"8410192104790"},{"full_name":"FORTALEZA café descafeinado molido con tila y melisa paquete 250 g","name":"café descafeinado molido con tila y melisa paquete 250 g","brand":"FORTALEZA ","img":"https://sgfm.elcorteingles.es/SGFM/dctm/MEDIA02/CONTENIDOS/201410/01/00120642100588____2__600x600.jpg","price":"3,09 €","price_unit":"(12,36 € / Kilo)","categories":["Supermercado","Desayunos Dulces y pan","Desayunos, dulces y pan","Cafés y cacaos","Café descafeinado molido","FORTALEZA café descafeinado molido con tila y melisa paquete 250 g"],"general_information":["Denominación del alimento: Preparado para bebida de café descafeinado con tila y melisa","Nombre del operador: INDUSTRIA DE CAFE DEL NORTE S.A.","Dirección del operador: Portal de Gamarra 41, 01013 Vitoria (Alava)","Cantidad Neta: 0.25 Kilogramos","Número de raciones por envase: 25"],"ingredients":[" Café descafeinado, extracto de melisa, extracto de tila"],"conservation":" Conserve el envase, una vez abierto, en el frigorífico o en un lugar fresco y seco.","ean":"8410192104523"},{"full_name":"FORTALEZA café molido descafeinado Supremo 100% puro arábica lata 250 g","name":"café molido descafeinado Supremo 100% puro arábica lata 250 g","brand":"FORTALEZA ","img":"https://sgfm.elcorteingles.es/SGFM/dctm/MEDIA03/201609/14/00120642100919____1__600x600.jpg","price":"4,17 €","price_unit":"(16,68 € / Kilo)","categories":["Supermercado","Desayunos Dulces y pan","Desayunos, dulces y pan","Cafés y cacaos","Café descafeinado molido","FORTALEZA café molido descafeinado Supremo 100% puro arábica lata 250 g"],"general_information":["Denominación del alimento: Café molido de tueste natural descafeinado","Nombre del operador: INDUSTRIA DE CAFE DEL NORTE S.A.","Dirección del operador: Portal de Gamarra 41, 01013 Vitoria (Alava)","Cantidad Neta: 0.25 Kilogramos","Número de raciones por envase: 25"],"ingredients":[" Café descafeinado"],"conservation":" Emplee una cucharada sopera por taza. No deje hervir el café. Conserve el envase en el frigorífico o en un lugar fresco y seco","ean":"8410192512410"},{"full_name":"CATUNAMBU café descafeinado molido 2x250g paquete 500 g","name":"café descafeinado molido 2x250g paquete 500 g","brand":"CATUNAMBU ","img":"https://sgfm.elcorteingles.es/SGFM/dctm/MEDIA03/201709/20/00120642100869____1__600x600.jpg","price":"3,81 €","price_unit":"(7,62 € / Kilo)","categories":["Supermercado","Desayunos Dulces y pan","Desayunos, dulces y pan","Cafés y cacaos","Café descafeinado molido","CATUNAMBU café descafeinado molido 2x250g paquete 500 g"],"general_information":[],"ingredients":[],"ean":"8411247128884"},{"full_name":"CATUNAMBU café descafeinado mezcla paquete 250 g","name":"café descafeinado mezcla paquete 250 g","brand":"CATUNAMBU ","img":"https://sgfm.elcorteingles.es/SGFM/00/07/5/0120642100075/0120642100075000g01011.jpg","price":"2,00 €","price_unit":"(8 € / Kilo)","categories":["Supermercado","Desayunos Dulces y pan","Desayunos, dulces y pan","Cafés y cacaos","Café descafeinado molido","CATUNAMBU café descafeinado mezcla paquete 250 g"],"general_information":[],"ingredients":[],"ean":"8411247123476"},{"full_name":"CATUNAMBU café descafeinado molido paquete 250 g","name":"café descafeinado molido paquete 250 g","brand":"CATUNAMBU ","img":"https://sgfm.elcorteingles.es/SGFM/00/03/4/0120642100034/0120642100034000g01011.jpg","price":"2,05 €","price_unit":"(8,20 € / Kilo)","categories":["Supermercado","Desayunos Dulces y pan","Desayunos, dulces y pan","Cafés y cacaos","Café descafeinado molido","CATUNAMBU café descafeinado molido paquete 250 g"],"general_information":[],"ingredients":[],"ean":"8411247123650"},{"full_name":"ILLY café espresso descafeinado molido lata 250 g","name":"café espresso descafeinado molido lata 250 g","brand":"ILLY ","img":"https://sgfm.elcorteingles.es/SGFM/dctm/MEDIA03/201703/22/00120642100539____1__600x600.jpg","price":"9,69 €            ","price_unit":"(38,60 € / Kilo)","categories":["Supermercado","Desayunos Dulces y pan","Desayunos, dulces y pan","Cafés y cacaos","Café descafeinado molido","ILLY café espresso descafeinado molido lata 250 g"],"general_information":["Denominación del alimento: CAFÉ MOLIDO DESCAFEINADO","Nombre del operador: illycaffè Spa Sucursal en España","Dirección del operador: c/Pere IV 397-401 naves 7 y 8 - 08020 Barcelona","Cantidad Neta: 3000 g"],"ingredients":[" Café Arábica 100%"],"conservation":" Conservar fuera de la luz solar y del calor, preferiblemente en la nevera.","ean":"8003753900490"},{"full_name":"ORUS café descafeinado molido mezcla paquete 250 g","name":"café descafeinado molido mezcla paquete 250 g","brand":"ORUS ","img":"https://sgfm.elcorteingles.es/SGFM/dctm/MEDIA03/201611/23/00120642100091____1__600x600.jpg","price":"2,85 €            ","price_unit":"(9,80 € / Kilo)","categories":["Supermercado","Desayunos Dulces y pan","Desayunos, dulces y pan","Cafés y cacaos","Café descafeinado molido","ORUS café descafeinado molido mezcla paquete 250 g"],"general_information":["Denominación del alimento: Café molido descafeinado","Nombre del operador: Cafés Orús S.A.","Dirección del operador: Polígono Industrial el Portazgo nave 83,  5011 Zaragoza","Cantidad Neta: 250 g"],"ingredients":[" Café, azúcar"],"ean":"8412018512055"},{"full_name":"ORUS café descafeinado natural molido paquete 250 g","name":"café descafeinado natural molido paquete 250 g","brand":"ORUS ","img":"https://sgfm.elcorteingles.es/SGFM/dctm/MEDIA03/201611/23/00120642100026____1__600x600.jpg","price":"2,93 €            ","price_unit":"(9,96 € / Kilo)","categories":["Supermercado","Desayunos Dulces y pan","Desayunos, dulces y pan","Cafés y cacaos","Café descafeinado molido","ORUS café descafeinado natural molido paquete 250 g"],"general_information":["Denominación del alimento: Café molido descafeinado","Nombre del operador: Cafés Orús S.A.","Dirección del operador: Polígono Industrial el Portazgo nave 83,  5011 Zaragoza","Cantidad Neta: 250 g"],"ingredients":[" Café descafeinado"],"conservation":" Una vez abierto el paquete, introducirlo en un bote hermético y conservarlo en un lugar fresco y seco","ean":"8412018502056"},{"full_name":"BAQUE café molido descafeinado natural paquete 250 g","name":"café molido descafeinado natural paquete 250 g","brand":"BAQUE ","img":"https://sgfm.elcorteingles.es/SGFM/dctm/MEDIA03/201709/08/00120642100893____1__600x600.jpg","price":"2,95 €","price_unit":"(11,80 € / Kilo)","categories":["Supermercado","Desayunos Dulces y pan","Desayunos, dulces y pan","Cafés y cacaos","Café descafeinado molido","BAQUE café molido descafeinado natural paquete 250 g"],"general_information":["Denominación del alimento: Café molido de tueste natural descafeinado","País de origen: España","Nombre del operador: Cafés Baqué S.L.U.","Dirección del operador: Polígono industrial Santa Apolonia 2-2 - 48215 Iurreta (Bizkaia)","Lugar de procedencia del alimento: España","Cantidad Neta: 250 g","Otras menciones obligatorias en la etiqueta: Descafeinado natural. Tueste natural. Un café descafeinado de tueste natural con todo el sabor y aroma del café."],"ingredients":[],"conservation":" Una vez abierto, colóquelo en un envase hermético y consérvelo en el frigorífico.","ean":"8410684955251"},{"full_name":"LAVAZZA Dek café descafeinado molido lata 250 g","name":"Dek café descafeinado molido lata 250 g","brand":"LAVAZZA ","img":"https://sgfm.elcorteingles.es/SGFM/00/73/7/0120642100737/0120642100737000g01011.jpg","price":"5,97 €","price_unit":"(23,88 € / Kilo)","categories":["Supermercado","Desayunos Dulces y pan","Desayunos, dulces y pan","Cafés y cacaos","Café descafeinado molido","LAVAZZA Dek café descafeinado molido lata 250 g"],"general_information":["Denominación del alimento: Café Soluble","País de origen: Italia","Nombre del operador: Ofistrade S.A.","Dirección del operador: C/Buenos Aires 38-40, entlo. C - 08036 Barcelona","Lugar de procedencia del alimento: Italia","Cantidad Neta: 250 g"],"ingredients":[" Café molido descafeinado."],"conservation":" Consérvese en lugar fresco y seco.","ean":"8000070011052"},{"full_name":"BRANIK CAFES LA BRASILEÑA café descafeinado molido paquete 250 g","name":"café descafeinado molido paquete 250 g","brand":"BRANIK CAFES LA BRASILEÑA ","img":"https://sgfm.elcorteingles.es/SGFM/00/08/3/0120642100083/0120642100083000g01011.jpg","price":"3,25 €","price_unit":"(13 € / Kilo)","categories":["Supermercado","Desayunos Dulces y pan","Desayunos, dulces y pan","Cafés y cacaos","Café descafeinado molido","BRANIK CAFES LA BRASILEÑA café descafeinado molido paquete 250 g"],"general_information":["Denominación del alimento: Café molido natural descafeinado","Nombre del operador: Cafés La Brasileña, S.A.","Dirección del operador: C/Oñate nº 12 - 01013 - Vitoria - Gasteiz","Cantidad Neta: 250,0 g","Otras menciones obligatorias en la etiqueta: Envasado al vacío."],"ingredients":[],"ean":"8410029001339"},{"full_name":"CANDELAS café descafeinado molido paquete 250 g","name":"café descafeinado molido paquete 250 g","brand":"CANDELAS ","img":"https://sgfm.elcorteingles.es/SGFM/00/22/4/0120642100224/0120642100224000g01011.jpg","price":"2,45 €","price_unit":"(9,80 € / Kilo)","categories":["Supermercado","Desayunos Dulces y pan","Desayunos, dulces y pan","Cafés y cacaos","Café descafeinado molido","CANDELAS café descafeinado molido paquete 250 g"],"general_information":["Denominación del alimento: CAFÉ MOLIDO DESCAFEINADO. TUESTE NATURAL","Nombre del operador: CAFES CANDELAS S.L.","Dirección del operador: C/Transportes, 7 - Polígono CEAO. Lugo (Lugo) 27003","Cantidad Neta: 250,0 g"],"ingredients":[" Café"],"conservation":" Mantener en lugar fresco y seco.","ean":"8412866005037"},{"full_name":"JURADO café descafeinado molido paquete 250 g","name":"café descafeinado molido paquete 250 g","brand":"JURADO ","img":"https://sgfm.elcorteingles.es/SGFM/00/15/8/0120642100158/0120642100158000g01011.jpg","price":"2,38 €","price_unit":"(9,52 € / Kilo)","categories":["Supermercado","Desayunos Dulces y pan","Desayunos, dulces y pan","Cafés y cacaos","Café descafeinado molido","JURADO café descafeinado molido paquete 250 g"],"general_information":["Denominación del alimento: Café molido descafeinado tueste natural","Nombre del operador: Jurado Hermanos S.L.","Dirección del operador: Pol. Ind. Plà de la Vallonga,  C/Nieve 8, 03006 Alicante.","Cantidad Neta: 250 g"],"ingredients":[" Café descafeinado"],"conservation":" Conserve este envase en lugar fresco y seco. Una vez abierto, introduzca el café en un envase hermético y consérvelo en el frigorífico.","ean":"8410894000659"},{"full_name":"INTERMON OXFAM café descafeinado molido paquete 250 g","name":"café descafeinado molido paquete 250 g","brand":"INTERMON OXFAM ","img":"https://sgfm.elcorteingles.es/SGFM/00/68/7/0120642100687/0120642100687000g01011.jpg","price":"3,46 €","price_unit":"(13,84 € / Kilo)","categories":["Supermercado","Desayunos Dulces y pan","Desayunos, dulces y pan","Cafés y cacaos","Café descafeinado molido","INTERMON OXFAM café descafeinado molido paquete 250 g"],"general_information":["Denominación del alimento: Café molido de tueste natural descafeinado","País de origen: España","Nombre del operador: Oxfam Intermón.","Dirección del operador: C/ Louis Pasteur 1, Parque tecnológico 46980 Paterna (Valencia).","Cantidad Neta: 250,0 g"],"ingredients":[" Café* molido de\ntueste natural descafeinado. \n\n*Ingrediente\nprocedente de comercio justo."],"conservation":" Guarde el paquete en un recipiente hermético una vez abierto, y preferiblemente en el frigorífico.","ean":"8437001415038"},{"full_name":"SAULA Premium café descafeinado molido 100% arábica lata 250 g","name":"Premium café descafeinado molido 100% arábica lata 250 g","brand":"SAULA ","img":"https://sgfm.elcorteingles.es/SGFM/dctm/MEDIA03/201602/29/00120642100372____1__600x600.jpg","price":"6,15 €","price_unit":"(24,60 € / Kilo)","categories":["Supermercado","Desayunos Dulces y pan","Desayunos, dulces y pan","Cafés y cacaos","Café descafeinado molido","SAULA Premium café descafeinado molido 100% arábica lata 250 g"],"general_information":["Denominación del alimento: Café tueste natural molido","País de origen: España","Nombre del operador: Saula S.A","Dirección del operador: Laureà Miró,422-424, 08980 Sant Feliu de Llobregat(BARCELONA)","Lugar de procedencia del alimento: Brasil, Centro América, Caribe y Africa","Cantidad Neta: 250 g","Otras menciones obligatorias en la etiqueta: La meticulosa selección de 4 variedades de café arábica de pequeñas plantaciones montañosas de Brasil, Centro América, Caribe y Africa. Tostado a fuego lento. Sin prisas, el resultado es este café aromático, de sabor intenso, con cuerpo y fina acidez. Una taza dulce, achocolatada y con crema persistente. Envasado en atmosfera protectora."],"ingredients":[" CAFÉ"],"conservation":" Preservar de la humedad y el calor","ean":"8411577241109"},{"full_name":"CAFENASA café descafeinado natural molido Salvador Arrasate paquete 250 g","name":"café descafeinado natural molido Salvador Arrasate paquete 250 g","brand":"CAFENASA ","img":"https://sgfm.elcorteingles.es/SGFM/dctm/MEDIA02/CONTENIDOS/201407/21/00120642100364____1__600x600.jpg","price":"2,70 €","price_unit":"(10,80 € / Kilo)","categories":["Supermercado","Desayunos Dulces y pan","Desayunos, dulces y pan","Cafés y cacaos","Café descafeinado molido","CAFENASA café descafeinado natural molido Salvador Arrasate paquete 250 g"],"general_information":["Denominación del alimento: Café molido","País de origen: España","Nombre del operador: Cafes Navarra S.A.","Dirección del operador: C/Ermitapea, 12 - 31013 Ansoain-Pamplona","Lugar de procedencia del alimento: España","Cantidad Neta: 250,0 g","Otras menciones obligatorias en la etiqueta: Café molido de tueste natural. Descafeinado. CAFÉ MUNDI PROYECTOS DE SOSTENIBILIDAD SOCIAL EN PAÍSES PRODUCTORES DE CAFÉ."],"ingredients":[],"ean":"8413288701040"},{"full_name":"ALTERNATIVA 3 café molido natural descafeinado ecológico estuche 250 g","name":"café molido natural descafeinado ecológico estuche 250 g","brand":"ALTERNATIVA 3 ","img":"https://sgfm.elcorteingles.es/SGFM/02/21/2/0120603902212/0120603902212000g01011.jpg","price":"6,09 €","price_unit":"(24,36 € / Kilo)","categories":["Supermercado","Desayunos Dulces y pan","Desayunos, dulces y pan","Cafés y cacaos","Café descafeinado molido","ALTERNATIVA 3 café molido natural descafeinado ecológico estuche 250 g"],"general_information":["Denominación del alimento: Café descafeinado en grano","Nombre del operador: Alternativa 3, S.C.C.L.","Dirección del operador: Ctra. Castellar, 526, 08227 Terrassa, Barcelona","Cantidad Neta: 250 g","Otras menciones obligatorias en la etiqueta: Comercio justo. Ecológico. Libre de alérgenos. Las mejores cualidades de los grandes cafés se mantienen intactas en este café natural, suave y de agradable fragancia. Descafeinado sin utilizar productos químicos agresivos para el medio ambiente y las personas. 100% Arabica."],"ingredients":[" Café descafeinado Arábica Centroamericano. Tueste 100%"],"ean":"8435030572296"},{"full_name":"BARCO café descafeinado molido mezcla 50-50 paquete 250 g","name":"café descafeinado molido mezcla 50-50 paquete 250 g","brand":"BARCO ","img":"https://sgfm.elcorteingles.es/SGFM/dctm/MEDIA02/CONTENIDOS/201410/27/00120642100505____1__600x600.jpg","price":"2,39 €","price_unit":"(9,56 € / Kilo)","categories":["Supermercado","Desayunos Dulces y pan","Desayunos, dulces y pan","Cafés y cacaos","Café descafeinado molido","BARCO café descafeinado molido mezcla 50-50 paquete 250 g"],"general_information":["Denominación del alimento: Café molido torrefacto mezcla 50/50 descafeinado","Nombre del operador: Novadelta Comercio e Industria de Café S.A.","Dirección del operador: Herdade das Argamassas 7370-071 Campo Maior - Portugal.","Cantidad Neta: 250 g"],"ingredients":[" Café molido"],"conservation":" Conserve el envase en lugar fresco y seco.","ean":"5601307002060"},{"full_name":"OQUENDO café descafeinado molido bote 500 g","name":"café descafeinado molido bote 500 g","brand":"OQUENDO ","img":"https://sgfm.elcorteingles.es/SGFM/00/31/1/0200242100311/0200242100311000g01011.jpg","price":"7,08 €","price_unit":"(14,16 € / Kilo)","categories":["Supermercado","Desayunos Dulces y pan","Desayunos, dulces y pan","Cafés y cacaos","Café descafeinado molido","OQUENDO café descafeinado molido bote 500 g"],"general_information":["Denominación del alimento: Café molido de tueste natural descafeinado","Nombre del operador: Fast Eurocafe S.A.","Dirección del operador: 33192)","Cantidad Neta: 500 g","Otras menciones obligatorias en la etiqueta: Producto envasado en atmósfera protectora"],"ingredients":[" Café descafeinado"],"conservation":" Conservar en lugar fesco y seco","ean":"8412956205040"},{"full_name":"RICO café descafeinado molido paquete 250 g","name":"café descafeinado molido paquete 250 g","brand":"RICO ","img":"https://sgfm.elcorteingles.es/SGFM/00/04/2/0120642100042/0120642100042000g01011.jpg","price":"3,63 €            ","price_unit":"(12,76 € / Kilo)","categories":["Supermercado","Desayunos Dulces y pan","Desayunos, dulces y pan","Cafés y cacaos","Café descafeinado molido","RICO café descafeinado molido paquete 250 g"],"general_information":["Denominación del alimento: Café molido descafeinado","Nombre del operador: Café Rico, S.L.","Dirección del operador: Ctra. Vieja de Bunyola, 29, 07009 Palma, Illes Balears","Cantidad Neta: 250 g"],"ingredients":[],"ean":"8411334000321"},{"full_name":"RICO café expres descafeinado molido paquete 250 g","name":"café expres descafeinado molido paquete 250 g","brand":"RICO ","img":"https://sgfm.elcorteingles.es/SGFM/00/24/0/0120642100240/0120642100240000g01011.jpg","price":"3,30 €            ","price_unit":"(11,60 € / Kilo)","categories":["Supermercado","Desayunos Dulces y pan","Desayunos, dulces y pan","Cafés y cacaos","Café descafeinado molido","RICO café expres descafeinado molido paquete 250 g"],"general_information":["Denominación del alimento: Café molido de tueste natural descafeinado","Nombre del operador: Café Rico, S.L.","Dirección del operador: Ctra. Vieja de Bunyola, 29, 07009 Palma, Illes Balears","Cantidad Neta: 250 g"],"ingredients":[],"ean":"8411334000338"},{"full_name":"VALIENTE café molido descafeinado paquete 250 g","name":"café molido descafeinado paquete 250 g","brand":"VALIENTE ","img":"https://sgfm.elcorteingles.es/SGFM/dctm/MEDIA03/201711/22/00120642100836____1__600x600.jpg","price":"3,62 €","price_unit":"(14,48 € / Kilo)","categories":["Supermercado","Desayunos Dulces y pan","Desayunos, dulces y pan","Cafés y cacaos","Café descafeinado molido","VALIENTE café molido descafeinado paquete 250 g"],"general_information":["Denominación del alimento: Café molido de tueste natural descafeinado","País de origen: España","Nombre del operador: Cafento Coffee Factory, S.L.","Dirección del operador: Pol. La Curiscada, entrada sur, parcela 1 - 33877 Tineo (Asturias)","Cantidad Neta: 250,0 g"],"ingredients":[],"conservation":" Después de cada uso conserve el café en el propio envase, bien cerrado, y preferentemente en el frigorífico.","ean":"8410559060325"},{"full_name":"DELTA café descafeinado molido de tueste natural bolsa 250 g","name":"café descafeinado molido de tueste natural bolsa 250 g","brand":"DELTA ","img":"https://sgfm.elcorteingles.es/SGFM/00/79/4/0120642100794/0120642100794000g01011.jpg","price":"2,15 €","price_unit":"(8,60 € / Kilo)","categories":["Supermercado","Desayunos Dulces y pan","Desayunos, dulces y pan","Cafés y cacaos","Café descafeinado molido","DELTA café descafeinado molido de tueste natural bolsa 250 g"],"general_information":["Denominación del alimento: Café molido tueste natural y torrefacto descafeinado.","Nombre del operador: Novadelta Comercio e Industria de Café S.A.","Dirección del operador: Herdade das Argamassas 7370-071 Campo Maior - Portugal.","Cantidad Neta: 250 g"],"ingredients":[" Café molido de tueste natural 50% y café torrefacto 50% descafeinado."],"conservation":" Conserve el envase en lugar fresco y seco.","ean":"5601082035222"},{"full_name":"TOSCAF Selección café descafeinado molido paquete 250 g","name":"Selección café descafeinado molido paquete 250 g","brand":"TOSCAF ","img":"https://sgfm.elcorteingles.es/SGFM/dctm/MEDIA03/201707/17/00200242100212____6__600x600.jpg","price":"2,15 €","price_unit":"(8,60 € / Kilo)","categories":["Supermercado","Desayunos Dulces y pan","Desayunos, dulces y pan","Cafés y cacaos","Café descafeinado molido","TOSCAF Selección café descafeinado molido paquete 250 g"],"general_information":[],"ingredients":[],"ean":"8411377065165"},{"full_name":"BAHIA café descafeinado molido paquete 250 g","name":"café descafeinado molido paquete 250 g","brand":"BAHIA ","img":"https://sgfm.elcorteingles.es/SGFM/00/01/8/0120642100018/0120642100018000g01011.jpg","price":"2,35 €","price_unit":"(9,40 € / Kilo)","categories":["Supermercado","Desayunos Dulces y pan","Desayunos, dulces y pan","Cafés y cacaos","Café descafeinado molido","BAHIA café descafeinado molido paquete 250 g"],"general_information":["Denominación del alimento: CAFÉ MOLIDO DESCAFEINADO. TUESTE NATURAL","Nombre del operador: CAFES CANDELAS S.L.","Dirección del operador: C/Transportes, 7 - Polígono CEAO. Lugo (Lugo) 27003","Cantidad Neta: 250,0 g"],"ingredients":[" Café"],"conservation":" Mantener en lugar fresco y seco.","ean":"8412007130291"},{"full_name":"EL GALLEGO café descafeinado natural molido paquete 250 g","name":"café descafeinado natural molido paquete 250 g","brand":"EL GALLEGO ","img":"https://sgfm.elcorteingles.es/SGFM/dctm/MEDIA03/201710/17/00120642100653____1__600x600.jpg","price":"3,55 €","price_unit":"(14,20 € / Kilo)","categories":["Supermercado","Desayunos Dulces y pan","Desayunos, dulces y pan","Cafés y cacaos","Café descafeinado molido","EL GALLEGO café descafeinado natural molido paquete 250 g"],"general_information":["Denominación del alimento: Café descafeinado molido de tueste natural","País de origen: España","Nombre del operador: Cafento Coffee Factory, S.L.","Dirección del operador: Pol. La Curiscada, entrada sur, parcela 1 - 33877 Tineo (Asturias)","Cantidad Neta: 250 g"],"ingredients":[],"conservation":" Proteja el contenido del aire y de la humedad.","ean":"8410559015622"},{"full_name":"CAVALLE café molido ecológico descafeinado estuche 250 g","name":"café molido ecológico descafeinado estuche 250 g","brand":"CAVALLE ","img":"https://sgfm.elcorteingles.es/SGFM/dctm/MEDIA03/201611/29/00120642100927____1__600x600.jpg","price":"4,34 €","categories":["Supermercado","Desayunos Dulces y pan","Desayunos, dulces y pan","Cafés y cacaos","Café descafeinado molido","CAVALLE café molido ecológico descafeinado estuche 250 g"],"general_information":["Denominación del alimento: Café descafeinado molido","Nombre del operador: Paño Fruits S.L.","Dirección del operador: Av. Montblanc 28, 43460 Alcover (Tarragona)","Cantidad Neta: 250 g"],"ingredients":[" Café descafeinado"],"conservation":" Conservar en un lugar fresco y seco.","ean":"8430175950107"},{"full_name":"ALIADA café natural en grano bolsa 500 g","name":"café natural en grano bolsa 500 g","brand":"ALIADA ","img":"https://sgfm.elcorteingles.es/SGFM/dctm/MEDIA02/CONTENIDOS/201512/04/00120602000786____1__600x600.jpg","price":"3,20 €","price_unit":"(6,40 € / Kilo)","categories":["Supermercado","Desayunos Dulces y pan","Desayunos, dulces y pan","Cafés y cacaos","Café en grano","ALIADA café natural en grano bolsa 500 g"],"general_information":["Denominación del alimento: Café de tueste natural","Nombre del operador: Elaborado para el Grupo El Corte Inglés\nHermosilla, 112 28009 Madrid - España \npor NIF: B97848014","Cantidad Neta: 500 g"],"ingredients":[" Ingredientes: Café"],"conservation":" CONSEJOS DE CONSERVACIÓN.            Conservar en lugar fresco y seco.              \nUna vez abierto el paquete, métalo en un recipiente hermético y consérvelo en el frigorífico hasta que vuelva a utilizarlo.","ean":"8433329062077"},{"full_name":"ALIADA café mezcla 80/20 en grano bolsa 500 g","name":"café mezcla 80/20 en grano bolsa 500 g","brand":"ALIADA ","img":"https://sgfm.elcorteingles.es/SGFM/dctm/MEDIA02/CONTENIDOS/201512/04/00120602000794____1__600x600.jpg","price":"2,97 €","price_unit":"(5,94 € / Kilo)","categories":["Supermercado","Desayunos Dulces y pan","Desayunos, dulces y pan","Cafés y cacaos","Café en grano","ALIADA café mezcla 80/20 en grano bolsa 500 g"],"general_information":["Denominación del alimento: Café de tueste natural (80%) y tueste torrefacto (20%)","Nombre del operador: Elaborado para el Grupo El Corte Inglés\nHermosilla, 112 28009 Madrid - España \npor NIF: B97848014","Cantidad Neta: 500 g"],"ingredients":[" Ingreditentes: Café y azúcar (El café torrefacto ha sido tostado con azucares)"],"conservation":" CONSEJOS DE CONSERVACIÓN.            Conservar en lugar fresco y seco.\nUna vez abierto el paquete, métalo en un recipiente hermético y consérvelo en el frigorífico hasta que vuelva a utilizarlo.","ean":"8433329062084"},{"full_name":"ALIADA café natural descafeinado en grano bolsa 500 g","name":"café natural descafeinado en grano bolsa 500 g","brand":"ALIADA ","img":"https://sgfm.elcorteingles.es/SGFM/dctm/MEDIA02/CONTENIDOS/201512/04/00120602000802____1__600x600.jpg","price":"3,60 €","price_unit":"(7,20 € / Kilo)","categories":["Supermercado","Desayunos Dulces y pan","Desayunos, dulces y pan","Cafés y cacaos","Café en grano","ALIADA café natural descafeinado en grano bolsa 500 g"],"general_information":["Denominación del alimento: Café descafeinado de tueste natural","Nombre del operador: Elaborado para el Grupo El Corte Inglés\nHermosilla, 112 28009 Madrid - España \npor NIF: B97848014","Cantidad Neta: 500 g"],"ingredients":[" Ingredientes: Café descafeinado"],"conservation":" CONSEJOS DE CONSERVACIÓN.                   Conservar en lugar fresco y seco.\nUna vez abierto el paquete, métalo en un recipiente hermético y consérvelo en el frigorífico hasta que vuelva a utilizarlo.","ean":"8433329062091"},{"full_name":"EL CORTE INGLES café tostado en grano natural paquete 1 kg","name":"café tostado en grano natural paquete 1 kg","brand":"EL CORTE INGLES ","img":"https://sgfm.elcorteingles.es/SGFM/dctm/MEDIA03/201607/13/00200202000782____1__600x600.jpg","price":"9,03 €","price_unit":"(9,03 € / Kilo)","categories":["Supermercado","Desayunos Dulces y pan","Desayunos, dulces y pan","Cafés y cacaos","Café en grano","EL CORTE INGLES café tostado en grano natural paquete 1 kg"],"general_information":["Denominación del alimento: Café de tueste natural","Nombre del operador: Seleccionado y elaborado para  El Corte Inglés por \nCafés Camuy, S.A. C/ Roma Nº 7 Polígono Industrial Ciudad de Parla 28983 Parla (Madrid) España","Cantidad Neta: 1000 g"],"ingredients":[],"conservation":" CONSEJOS DE CONSERVACIÓN.\n? Una vez abierto el paquete, consérvelo en el frigorífico hasta que vuelva a utilizarlo.","ean":"8433329051125"},{"full_name":"EL CORTE INGLES café en grano mezcla 80-20 paquete 1 kg","name":"café en grano mezcla 80-20 paquete 1 kg","brand":"EL CORTE INGLES ","img":"https://sgfm.elcorteingles.es/SGFM/dctm/MEDIA03/201611/22/00120602000406____2__600x600.jpg","price":"8,53 €","price_unit":"(8,53 € / Kilo)","categories":["Supermercado","Desayunos Dulces y pan","Desayunos, dulces y pan","Cafés y cacaos","Café en grano","EL CORTE INGLES café en grano mezcla 80-20 paquete 1 kg"],"general_information":["Denominación del alimento: Café de tueste natural (80%) y café torrefacto (20%)","Nombre del operador: Seleccionado y elaborado para  El Corte Inglés por \nCafés Camuy, S.A. C/ Roma Nº 7 Polígono Industrial Ciudad de Parla 28983 Parla (Madrid) España","Cantidad Neta: 1000 g"],"ingredients":[" Ingredientes: Café y azúcar"],"conservation":" CONSEJOS DE CONSERVACIÓN.\n? Una vez abierto el paquete, consérvelo en el frigorífico hasta que vuelva a utilizarlo.","ean":"8433329051132"},{"full_name":"EL CORTE INGLES café descafeinado en grano paquete 1 kg","name":"café descafeinado en grano paquete 1 kg","brand":"EL CORTE INGLES ","img":"https://sgfm.elcorteingles.es/SGFM/00/43/0/0120602000430/0120602000430000g01011.jpg","price":"10,91 €","price_unit":"(10,91 € / Kilo)","categories":["Supermercado","Desayunos Dulces y pan","Desayunos, dulces y pan","Cafés y cacaos","Café en grano","EL CORTE INGLES café descafeinado en grano paquete 1 kg"],"general_information":["Denominación del alimento: Café de tueste natural descafeinado","Nombre del operador: Seleccionado y elaborado para  El Corte Inglés por \nCafés Camuy, S.A. C/ Roma Nº 7 Polígono Industrial Ciudad de Parla 28983 Parla (Madrid) España","Cantidad Neta: 1000 g"],"ingredients":[],"conservation":" CONSEJOS DE CONSERVACIÓN.\n? Una vez abierto el paquete, consérvelo en el frigorífico hasta que vuelva a utilizarlo.","ean":"8433329062428"},{"full_name":"EL CORTE INGLES café tostado en grano natural Arábica Colombia 100% paquete 250 g","name":"café tostado en grano natural Arábica Colombia 100% paquete 250 g","brand":"EL CORTE INGLES ","img":"https://sgfm.elcorteingles.es/SGFM/dctm/MEDIA03/201607/13/00120602000398____1__600x600.jpg","price":"2,99 €","price_unit":"(11,96 € / Kilo)","categories":["Supermercado","Desayunos Dulces y pan","Desayunos, dulces y pan","Cafés y cacaos","Café en grano","EL CORTE INGLES café tostado en grano natural Arábica Colombia 100% paquete 250 g"],"general_information":["Denominación del alimento: Café de tueste natural","Nombre del operador: Seleccionado y elaborado para  El Corte Inglés por \nCafés Camuy, S.A. C/ Roma Nº 7 Polígono Industrial Ciudad de Parla 28983 Parla (Madrid) España","Cantidad Neta: 250 g"],"ingredients":[],"conservation":" CONSEJOS DE CONSERVACIÓN.\n? Una vez abierto el paquete, consérvelo en el frigorífico hasta que vuelva a utilizarlo.","ean":"8433329051118"},{"full_name":"BONKA café natural en grano paquete 500 g","name":"café natural en grano paquete 500 g","brand":"BONKA ","img":"https://sgfm.elcorteingles.es/SGFM/dctm/MEDIA02/CONTENIDOS/201510/05/00120602000331____1__600x600.jpg","price":"6,25 €","price_unit":"(12,50 € / Kilo)","categories":["Supermercado","Desayunos Dulces y pan","Desayunos, dulces y pan","Cafés y cacaos","Café en grano","BONKA café natural en grano paquete 500 g"],"general_information":["Denominación del alimento: Café de tueste natural","Nombre del operador: Nestlé España, S.A.","Dirección del operador: Avinguda Països Catalans, 51 - 08950 Esplugues de Llobregat (Barcelona)","Cantidad Neta: 500 g"],"ingredients":[],"conservation":" Una vez abierto el paquete, guardar en un recipiente hermético. Conservar en el refrigerador.","ean":"8410100024011"},{"full_name":"MARCILLA Gran Aroma café natural en grano paquete 250 g","name":"Gran Aroma café natural en grano paquete 250 g","brand":"MARCILLA ","img":"https://sgfm.elcorteingles.es/SGFM//00/20/8/0120602000208/0120602000208000g01011.jpg","price":"3,84 €","price_unit":"(15,36 € / Kilo)","categories":["Supermercado","Desayunos Dulces y pan","Desayunos, dulces y pan","Cafés y cacaos","Café en grano","MARCILLA Gran Aroma café natural en grano paquete 250 g"],"general_information":["Denominación del alimento: Café en grano de tueste natural","Nombre del operador: JACOBS DOUWE EGBERTS B.V.","Dirección del operador: Oosterdoksstraat 80, 1011 DK Amsterdam The Netherlands","Cantidad Neta: 0.25 Kilogramos","Otras menciones obligatorias en la etiqueta: Envasado en atmósfera protectora"],"ingredients":[],"conservation":"Modo de empleo: Para disfrutar todo su aroma y sabor, Marcilla recomienda: Una vez abierto el paquete, después de su utilización, guárdalo en un recipiente hermético en un lugar fresco y seco. Muele sólo los granos de café que necesites para la cafetera que vayas a preparar. Para asegurar una extracción óptima del café, ajusta el grado de molido de tu molinillo según el tipo de cafetera que vayas a utilizar. Cafetera a fuego: molido intermedio. Cafetera express: molido fino. Utiliza siempre agua de máxima pureza. Servir el café recién hecho, nunca recalentado.","ean":"8410091101043"},{"full_name":"MARCILLA Gran Aroma café en grano mezcla paquete 500 g","name":"Gran Aroma café en grano mezcla paquete 500 g","brand":"MARCILLA ","img":"https://sgfm.elcorteingles.es/SGFM//00/58/8/0120602000588/0120602000588000g01011.jpg","price":"6,59 €","price_unit":"(13,18 € / Kilo)","categories":["Supermercado","Desayunos Dulces y pan","Desayunos, dulces y pan","Cafés y cacaos","Café en grano","MARCILLA Gran Aroma café en grano mezcla paquete 500 g"],"general_information":["Denominación del alimento: Café en grano de tueste natural (80%) y torrefacto (20%)","Nombre del operador: JACOBS DOUWE EGBERTS B.V.","Dirección del operador: Oosterdoksstraat 80, 1011 DK Amsterdam The Netherlands","Cantidad Neta: 0.5 Kilogramos","Otras menciones obligatorias en la etiqueta: Envasado en atmósfera protectora"],"ingredients":[" Ingredientes: Café y azúcar."],"conservation":"Modo de empleo: Para disfrutar todo su aroma y sabor, Marcilla recomienda: Una vez abierto el paquete, después de su utilización, guárdalo en un recipiente hermético en un lugar fresco y seco. Muele sólo los granos de café que necesites para la cafetera que vayas a preparar. Para asegurar una extracción óptima del café, ajusta el grado de molido de tu molinillo según el tipo de cafetera que vayas a utilizar. Cafetera a fuego: molido intermedio. Cafetera express: molido fino. Utiliza siempre agua de máxima pureza. Servir el café recién hecho, nunca recalentado.","ean":"8410091016439"},{"full_name":"SAULA Premium café natural ecológico en grano envase 500 g","name":"Premium café natural ecológico en grano envase 500 g","brand":"SAULA ","img":"https://sgfm.elcorteingles.es/SGFM/dctm/MEDIA03/201609/21/00120602000745____1__600x600.jpg","price":"12,65 €","price_unit":"(25,30 € / Kilo)","categories":["Supermercado","Desayunos Dulces y pan","Desayunos, dulces y pan","Cafés y cacaos","Café en grano","SAULA Premium café natural ecológico en grano envase 500 g"],"general_information":["Denominación del alimento: Café tueste natural en grano","País de origen: España","Nombre del operador: Saula S.A","Dirección del operador: Laureà Miró,422-424, 08980 Sant Feliu de Llobregat(BARCELONA)","Lugar de procedencia del alimento: Brasil y Centro América","Cantidad Neta: 500 g","Otras menciones obligatorias en la etiqueta: Café Ecológico Certificado CCPAE Y Sello Producción Ecológica UE.  100% arábica procedente de plantaciones seleccionadas que siguen cultivando el café de forma natural. Sin el uso de productos químicos. Sin abonos ni pesticidas. Tostado a fuego lento, sin prisas. El resultado es un café afrutado, untuoso y muy aromático. Una taza con cuerpo y acidez media."],"ingredients":[" CAFÉ"],"conservation":" Preservar de la humedad y el calor","ean":"8411577216237"},{"full_name":"CAVALLE café natural ecológico en grano paquete 500 g","name":"café natural ecológico en grano paquete 500 g","brand":"CAVALLE ","img":"https://sgfm.elcorteingles.es/SGFM/00/75/2/0120602000752/0120602000752000g01011.jpg","price":"8,90 €","price_unit":"(17,80 € / Kilo)","categories":["Supermercado","Desayunos Dulces y pan","Desayunos, dulces y pan","Cafés y cacaos","Café en grano","CAVALLE café natural ecológico en grano paquete 500 g"],"general_information":["Denominación del alimento: Café grano natural","Nombre del operador: Paño Fruits S.L.","Dirección del operador: Av. Montblanc 28, 43460 Alcover (Tarragona)","Cantidad Neta: 500 g"],"ingredients":[" Café tostado ecológico. Puede contener cacahuete y otros frutos de cáscara."],"conservation":" Mantener en lugar seco, fresco y protegido de la luz.","ean":"8430175809160"},{"full_name":"FORTALEZA café natural en grano paquete 500 g","name":"café natural en grano paquete 500 g","brand":"FORTALEZA ","img":"https://sgfm.elcorteingles.es/SGFM/dctm/MEDIA02/CONTENIDOS/201407/21/00120602000026____1__600x600.jpg","price":"6,25 €","price_unit":"(12,50 € / Kilo)","categories":["Supermercado","Desayunos Dulces y pan","Desayunos, dulces y pan","Cafés y cacaos","Café en grano","FORTALEZA café natural en grano paquete 500 g"],"general_information":["Denominación del alimento: Café en grano de tueste natural","Nombre del operador: INDUSTRIA DE CAFE DEL NORTE S.A.","Dirección del operador: Portal de Gamarra 41, 01013 Vitoria (Alava)","Cantidad Neta: 0.6 Kilogramos","Número de raciones por envase: 60"],"ingredients":[" Café"],"conservation":" Conserve el envase, una vez abierto, en el frigorífico o en un lugar fresco y seco","ean":"8410192103458"},{"full_name":"DROMEDARIO café natural en grano paquete 500 g","name":"café natural en grano paquete 500 g","brand":"DROMEDARIO ","img":"https://sgfm.elcorteingles.es/SGFM/dctm/MEDIA02/CONTENIDOS/201407/21/00200202000089____1__600x600.jpg","price":"5,35 €","price_unit":"(10,70 € / Kilo)","categories":["Supermercado","Desayunos Dulces y pan","Desayunos, dulces y pan","Cafés y cacaos","Café en grano","DROMEDARIO café natural en grano paquete 500 g"],"general_information":["Denominación del alimento: Café en grano de Tueste Natural","Nombre del operador: Café Dromedario","Dirección del operador: Recta de Heras s/n, 39/92 Heras (cantabria)","Cantidad Neta: 500,0 g"],"ingredients":[],"conservation":" Conservese en lugar fresco y seco","ean":"8410814006037"},{"full_name":"ARECES café natural extra de Colombia en grano paquete 500 g","name":"café natural extra de Colombia en grano paquete 500 g","brand":"ARECES ","img":"https://sgfm.elcorteingles.es/SGFM/dctm/MEDIA02/CONTENIDOS/201505/05/00200202000055____1__600x600.jpg","price":"5,99 €","price_unit":"(11,98 € / Kilo)","categories":["Supermercado","Desayunos Dulces y pan","Desayunos, dulces y pan","Cafés y cacaos","Café en grano","ARECES café natural extra de Colombia en grano paquete 500 g"],"general_information":["Denominación del alimento: Café en grano de tueste natural","País de origen: España","Nombre del operador: Cafento Coffee Factory, S.L.","Dirección del operador: Pol. La Curiscada, entrada sur, parcela 1 - 33877 Tineo (Asturias)","Cantidad Neta: 500,0 g"],"ingredients":[],"conservation":" Una vez abierto el paquete, proteja su contenido del aire y de la humedad. La nevera o, mejor, el congelador son los lugares ideales para conservarlo.","ean":"8412021001072"},{"full_name":"ARECES café torrefacto superior en grano paquete 250 g","name":"café torrefacto superior en grano paquete 250 g","brand":"ARECES ","img":"https://sgfm.elcorteingles.es/SGFM/dctm/MEDIA02/CONTENIDOS/201505/05/00200202000063____1__600x600.jpg","price":"2,98 €","price_unit":"(11,92 € / Kilo)","categories":["Supermercado","Desayunos Dulces y pan","Desayunos, dulces y pan","Cafés y cacaos","Café en grano","ARECES café torrefacto superior en grano paquete 250 g"],"general_information":["Denominación del alimento: Café en grano Torrefacto","País de origen: España","Nombre del operador: Cafento Coffee Factory, S.L.","Dirección del operador: Pol. La Curiscada, entrada sur, parcela 1 - 33877 Tineo (Asturias)","Cantidad Neta: 250,0 g"],"ingredients":[" Café y azúcar."],"ean":"8412021001119"},{"full_name":"BARCO café torrefacto en grano bolsa 500 g","name":"café torrefacto en grano bolsa 500 g","brand":"BARCO ","img":"https://sgfm.elcorteingles.es/SGFM/00/56/2/0120602000562/0120602000562000g01011.jpg","price":"3,29 €","price_unit":"(6,58 € / Kilo)","categories":["Supermercado","Desayunos Dulces y pan","Desayunos, dulces y pan","Cafés y cacaos","Café en grano","BARCO café torrefacto en grano bolsa 500 g"],"general_information":["Denominación del alimento: Café Torrefacto.","Nombre del operador: Novadelta Comercio e Industria de Café S.A.","Dirección del operador: Herdade das Argamassas 7370-071 Campo Maior - Portugal.","Cantidad Neta: 500 g"],"ingredients":[" Café Torrefacto Arabica, Robusta y azúcar."],"conservation":" Conserve el envase en lugar fresco y seco.","ean":"5601307002008"},{"full_name":"BARCO café torrefacto descafeinado en grano bolsa 500 g","name":"café torrefacto descafeinado en grano bolsa 500 g","brand":"BARCO ","img":"https://sgfm.elcorteingles.es/SGFM/00/55/4/0120602000554/0120602000554000g01011.jpg","price":"4,39 €","price_unit":"(8,78 € / Kilo)","categories":["Supermercado","Desayunos Dulces y pan","Desayunos, dulces y pan","Cafés y cacaos","Café en grano","BARCO café torrefacto descafeinado en grano bolsa 500 g"],"general_information":["Denominación del alimento: Café Torrefacto Descafeinado.","Nombre del operador: Novadelta Comercio e Industria de Café S.A.","Dirección del operador: Herdade das Argamassas 7370-071 Campo Maior - Portugal.","Cantidad Neta: 500 g"],"ingredients":[" Café Torrefacto descafeinado y azúcar."],"conservation":" Conserve el envase en lugar fresco y seco.","ean":"5601307002046"},{"full_name":"EL GALLEGO café natural en grano 100% de Brasil paquete 500 g","name":"café natural en grano 100% de Brasil paquete 500 g","brand":"EL GALLEGO ","img":"https://sgfm.elcorteingles.es/SGFM/dctm/MEDIA02/CONTENIDOS/201410/17/00120602000091____1__600x600.jpg","price":"5,85 €","price_unit":"(11,70 € / Kilo)","categories":["Supermercado","Desayunos Dulces y pan","Desayunos, dulces y pan","Cafés y cacaos","Café en grano","EL GALLEGO café natural en grano 100% de Brasil paquete 500 g"],"general_information":["Denominación del alimento: Café en grano de tueste natural","País de origen: España","Nombre del operador: Cafés El Gallego, S.L.","Dirección del operador: Eugenia Astur 42-44 - 33870 Tineo (Asturias)","Cantidad Neta: 500 g"],"ingredients":[],"conservation":" Conserve el café en la nevera o el congelador.","ean":"8410559008532"},{"full_name":"EL GALLEGO café natural en grano paquete 500 g","name":"café natural en grano paquete 500 g","brand":"EL GALLEGO ","img":"https://sgfm.elcorteingles.es/SGFM/dctm/MEDIA03/201711/22/00120602000067____1__600x600.jpg","price":"4,79 €","price_unit":"(9,58 € / Kilo)","categories":["Supermercado","Desayunos Dulces y pan","Desayunos, dulces y pan","Cafés y cacaos","Café en grano","EL GALLEGO café natural en grano paquete 500 g"],"general_information":["Denominación del alimento: Café en grano de tueste natural","País de origen: España","Nombre del operador: Cafento Coffee Factory, S.L.","Dirección del operador: Pol. La Curiscada, entrada sur, parcela 1 - 33877 Tineo (Asturias)","Cantidad Neta: 500 g"],"ingredients":[],"conservation":" Conserve el café en la nevera o el congelador.","ean":"8410559005531"},{"full_name":"CANDELAS café en grano mezcla paquete 500 g","name":"café en grano mezcla paquete 500 g","brand":"CANDELAS ","img":"https://sgfm.elcorteingles.es/SGFM/00/19/0/0120602000190/0120602000190000g01011.jpg","price":"4,30 €","price_unit":"(8,60 € / Kilo)","categories":["Supermercado","Desayunos Dulces y pan","Desayunos, dulces y pan","Cafés y cacaos","Café en grano","CANDELAS café en grano mezcla paquete 500 g"],"general_information":["Denominación del alimento: CAFÉ EN GRANO MEZCLA. CAFÉ TUESTE NATURAL: 60% , CAFÉ TORREFACTO: 40%","Nombre del operador: CAFES CANDELAS S.L.","Dirección del operador: C/Transportes, 7 - Polígono CEAO. Lugo (Lugo) 27003","Cantidad Neta: 500 g","Otras menciones obligatorias en la etiqueta: El café torrefacto ha sido tostado con azúcares"],"ingredients":[" Café y azúcar"],"conservation":" Mantener en lugar fresco y seco.","ean":"8412866007031"},{"full_name":"CATUNAMBU café natural en grano paquete 250 g","name":"café natural en grano paquete 250 g","brand":"CATUNAMBU ","img":"https://sgfm.elcorteingles.es/SGFM/00/01/8/0120602000018/0120602000018000g01011.jpg","price":"3,62 €","price_unit":"(14,48 € / Kilo)","categories":["Supermercado","Desayunos Dulces y pan","Desayunos, dulces y pan","Cafés y cacaos","Café en grano","CATUNAMBU café natural en grano paquete 250 g"],"general_information":[],"ingredients":[],"ean":"8411247123513"},{"full_name":"OQUENDO café natural en grano paquete 500 g","name":"café natural en grano paquete 500 g","brand":"OQUENDO ","img":"https://sgfm.elcorteingles.es/SGFM/dctm/MEDIA02/CONTENIDOS/201502/25/00200202000394____1__600x600.jpg","price":"5,20 €","price_unit":"(10,40 € / Kilo)","categories":["Supermercado","Desayunos Dulces y pan","Desayunos, dulces y pan","Cafés y cacaos","Café en grano","OQUENDO café natural en grano paquete 500 g"],"general_information":[],"ingredients":[],"ean":"8412956205026"},{"full_name":"TOSCAF café extra natural en grano paquete 500 g","name":"café extra natural en grano paquete 500 g","brand":"TOSCAF ","img":"https://sgfm.elcorteingles.es/SGFM/dctm/MEDIA03/201701/16/00200202000170____1__600x600.jpg","price":"5,67 €","price_unit":"(11,34 € / Kilo)","categories":["Supermercado","Desayunos Dulces y pan","Desayunos, dulces y pan","Cafés y cacaos","Café en grano","TOSCAF café extra natural en grano paquete 500 g"],"general_information":["Denominación del alimento: Café de tueste natural","Nombre del operador: Toscaf, S.A.","Dirección del operador: Carretera Antigua s/n 33127 Peñaullán-Pravia, Asturias. España","Cantidad Neta: 500 g"],"ingredients":[" Café"],"conservation":" Conservar en lugar fresco y seco","ean":"8411377060146"},{"full_name":"TOSCAF de Colombia 100% paquete 500 g","name":"de Colombia 100% paquete 500 g","brand":"TOSCAF ","img":"https://sgfm.elcorteingles.es/SGFM/00/26/1/0200202000261/0200202000261000g01011.jpg","price":"9,99 €","price_unit":"(19,98 € / Kilo)","categories":["Supermercado","Desayunos Dulces y pan","Desayunos, dulces y pan","Cafés y cacaos","Café en grano","TOSCAF de Colombia 100% paquete 500 g"],"general_information":["Denominación del alimento: Café de tueste natural descafeinado","Nombre del operador: Toscaf, S.A.","Dirección del operador: Carretera Antigua s/n 33127 Peñaullán-Pravia, Asturias. España","Cantidad Neta: 500 g"],"ingredients":[" Café descafeinado"],"conservation":" Conservar en lugar fresco y seco","ean":"8411377062669"},{"full_name":"CAFENASA SALVADOR ARRASATE café natural en grano 100% arábica paquete 500 g","name":"café natural en grano 100% arábica paquete 500 g","brand":"CAFENASA SALVADOR ARRASATE ","img":"https://sgfm.elcorteingles.es/SGFM/dctm/MEDIA02/CONTENIDOS/201407/21/00120602000471____1__600x600.jpg","price":"5,97 €","price_unit":"(11,94 € / Kilo)","categories":["Supermercado","Desayunos Dulces y pan","Desayunos, dulces y pan","Cafés y cacaos","Café en grano","CAFENASA SALVADOR ARRASATE café natural en grano 100% arábica paquete 500 g"],"general_information":["Denominación del alimento: Café en grano","País de origen: España","Nombre del operador: Cafes Navarra S.A.","Dirección del operador: C/Ermitapea, 12 - 31013 Ansoain-Pamplona","Lugar de procedencia del alimento: España","Cantidad Neta: 500,0 g","Otras menciones obligatorias en la etiqueta: ARÁBICA 100%"],"ingredients":[],"ean":"8413288101031"},{"full_name":"ARECES café natural en grano paquete 500 g","name":"café natural en grano paquete 500 g","brand":"ARECES ","img":"https://sgfm.elcorteingles.es/SGFM/00/12/5/0120602000125/0120602000125000g01011.jpg","price":"4,99 €","price_unit":"(9,98 € / Kilo)","categories":["Supermercado","Desayunos Dulces y pan","Desayunos, dulces y pan","Cafés y cacaos","Café en grano","ARECES café natural en grano paquete 500 g"],"general_information":["Denominación del alimento: Café en grano de tueste natural","País de origen: España","Nombre del operador: Cafento Coffee Factory, S.L.","Dirección del operador: Pol. La Curiscada, entrada sur, parcela 1 - 33877 Tineo (Asturias)","Cantidad Neta: 500,0 g"],"ingredients":[],"conservation":" Una vez abierto el paquete, proteja su contenido del aire y de la humedad. La nevera o, mejor, el congelador son los lugares ideales para conservarlo.","ean":"8412021001041"},{"full_name":"OQUENDO espresso café natural en grano aroma intenso bolsa 1 kg","name":"espresso café natural en grano aroma intenso bolsa 1 kg","brand":"OQUENDO ","img":"https://sgfm.elcorteingles.es/SGFM/00/49/3/0200202000493/0200202000493000g01011.jpg","price":"16,10 €","price_unit":"(16,10 € / Kilo)","categories":["Supermercado","Desayunos Dulces y pan","Desayunos, dulces y pan","Cafés y cacaos","Café en grano","OQUENDO espresso café natural en grano aroma intenso bolsa 1 kg"],"general_information":[],"ingredients":[],"ean":"8412956008450"},{"full_name":"EL CORTE INGLES café soluble tueste natural frasco 200 g","name":"café soluble tueste natural frasco 200 g","brand":"EL CORTE INGLES ","img":"https://sgfm.elcorteingles.es/SGFM/dctm/MEDIA03/201604/26/00120643501172____1__600x600.jpg","price":"2,15 €","price_unit":"(10,75 € / Kilo)","categories":["Supermercado","Desayunos Dulces y pan","Desayunos, dulces y pan","Cafés y cacaos","Café soluble","EL CORTE INGLES café soluble tueste natural frasco 200 g"],"general_information":["Denominación del alimento: Café soluble tueste natural","Nombre del operador: Elaborado para El Corte Inglés por                      Seda Outspan Iberia, S.L.                                          Paseo Padre Faustino Calvo, s/n                       34005 Palencia (España","Cantidad Neta: 200 g"],"ingredients":[],"conservation":" Conservar el frasco bien cerrado en lugar fresco y seco.\nUna vez abierto,consumir preferentemente antes de 6 semanas","ean":"8433329067171"},{"full_name":"EL CORTE INGLES café soluble tueste natural frasco 100 g","name":"café soluble tueste natural frasco 100 g","brand":"EL CORTE INGLES ","img":"https://sgfm.elcorteingles.es/SGFM/dctm/MEDIA03/201605/05/00120643501206____1__600x600.jpg","price":"1,49 €","price_unit":"(14,90 € / Kilo)","categories":["Supermercado","Desayunos Dulces y pan","Desayunos, dulces y pan","Cafés y cacaos","Café soluble","EL CORTE INGLES café soluble tueste natural frasco 100 g"],"general_information":["Denominación del alimento: Café soluble tueste natural","Nombre del operador: Elaborado para El Corte Inglés por                      Seda Outspan Iberia, S.L.                                          Paseo Padre Faustino Calvo, s/n                       34005 Palencia (España","Cantidad Neta: 100 g"],"ingredients":[],"conservation":" Conservar el frasco bien cerrado en lugar fresco y seco.\nUna vez abierto,consumir preferentemente antes de 6 semanas","ean":"8433329067188"},{"full_name":"EL CORTE INGLES café soluble liofilizado de Colombia frasco 100 g","name":"café soluble liofilizado de Colombia frasco 100 g","brand":"EL CORTE INGLES ","img":"https://sgfm.elcorteingles.es/SGFM/dctm/MEDIA03/201605/05/00120643501214____1__600x600.jpg","price":"3,05 €","price_unit":"(30,50 € / Kilo)","categories":["Supermercado","Desayunos Dulces y pan","Desayunos, dulces y pan","Cafés y cacaos","Café soluble","EL CORTE INGLES café soluble liofilizado de Colombia frasco 100 g"],"general_information":["Denominación del alimento: Café soluble liofilizado 100% Colombia","País de origen: Colombia","Nombre del operador: Envasado para El Corte Inglés por                      Seda Outspan Iberia, S.L.                                          Paseo Padre Faustino Calvo, s/n                       34005 Palencia (España)","Cantidad Neta: 100 g"],"ingredients":[],"conservation":" Conservar el frasco bien cerrado en lugar fresco y seco.\nUna vez abierto,consumir preferentemente antes de 6 semanas","ean":"8433329067218"},{"full_name":"NESCAFE Classic café soluble natural frasco 300 g formato ahorro","name":"Classic café soluble natural frasco 300 g","brand":"NESCAFE ","img":"https://sgfm.elcorteingles.es/SGFM/dctm/MEDIA03/201708/01/00120643501016____4__600x600.jpg","price":"8,05 €","price_unit":"(26,83 € / Kilo)","categories":["Supermercado","Desayunos Dulces y pan","Desayunos, dulces y pan","Cafés y cacaos","Café soluble","NESCAFE Classic café soluble natural frasco 300 g formato ahorro"],"general_information":["Denominación del alimento: Café soluble","Nombre del operador: Nestlé España, S.A.","Dirección del operador: NESTLÉ ESPAÑA, S.A. Av. Països Catalans, 25-51. 08950 Esplugues de Llobregat (Barcelona)","Cantidad Neta: 300 g","Otras menciones obligatorias en la etiqueta: Envasado en atmósfera protectora"],"ingredients":[" Café soluble"],"conservation":" Una vez abierto, se recomienda consumir antes de 6 semanas","ean":"7613031236480"},{"full_name":"NESCAFE Classic café soluble natural frasco 200 g","name":"Classic café soluble natural frasco 200 g","brand":"NESCAFE ","img":"https://sgfm.elcorteingles.es/SGFM/dctm/MEDIA03/201708/01/00120643500182____2__600x600.jpg","price":"5,35 €            ","price_unit":"(26,25 € / Kilo)","categories":["Supermercado","Desayunos Dulces y pan","Desayunos, dulces y pan","Cafés y cacaos","Café soluble","NESCAFE Classic café soluble natural frasco 200 g"],"general_information":["Denominación del alimento: Café soluble","Nombre del operador: Nestlé España, S.A.","Dirección del operador: NESTLÉ ESPAÑA, S.A. Av. Països Catalans, 25-51. 08950 Esplugues de Llobregat (Barcelona)","Cantidad Neta: 200 g","Otras menciones obligatorias en la etiqueta: Envasado en atmósfera protectora"],"ingredients":[" Café soluble."],"conservation":" Una vez abierto, se recomienda consumir antes de 6 semanas.","ean":"8410100020549"},{"full_name":"NESCAFE Classic café soluble natural frasco 100 g","name":"Classic café soluble natural frasco 100 g","brand":"NESCAFE ","img":"https://sgfm.elcorteingles.es/SGFM/dctm/MEDIA03/201709/06/00120643500190____2__600x600.jpg","price":"3,57 €            ","price_unit":"(34,20 € / Kilo)","categories":["Supermercado","Desayunos Dulces y pan","Desayunos, dulces y pan","Cafés y cacaos","Café soluble","NESCAFE Classic café soluble natural frasco 100 g"],"general_information":[],"ingredients":[],"ean":"7613035430112"},{"full_name":"NESCAFE Classic café soluble natural frasco 50 g","name":"Classic café soluble natural frasco 50 g","brand":"NESCAFE ","img":"https://sgfm.elcorteingles.es/SGFM/dctm/MEDIA03/201708/01/00120643500208____2__600x600.jpg","price":"2,79 €","price_unit":"(55,80 € / Kilo)","categories":["Supermercado","Desayunos Dulces y pan","Desayunos, dulces y pan","Cafés y cacaos","Café soluble","NESCAFE Classic café soluble natural frasco 50 g"],"general_information":["Denominación del alimento: Café soluble","Nombre del operador: Nestlé España, S.A.","Dirección del operador: NESTLÉ ESPAÑA, S.A. Av. Països Catalans, 25-51. 08950 Esplugues de Llobregat (Barcelona)","Cantidad Neta: 50 g","Otras menciones obligatorias en la etiqueta: Envasado en atmósfera protectora"],"ingredients":[" Café soluble"],"conservation":" Una vez abierto, se recomienda consumir antes de 6 semanas","ean":"8410100020563"},{"full_name":"NESCAFE Classic Crème café soluble natural con crema frasco 200 g","name":"Classic Crème café soluble natural con crema frasco 200 g","brand":"NESCAFE ","img":"https://sgfm.elcorteingles.es/SGFM/dctm/MEDIA03/201603/16/00200243500972____1__600x600.jpg","price":"5,41 €","price_unit":"(27,05 € / Kilo)","categories":["Supermercado","Desayunos Dulces y pan","Desayunos, dulces y pan","Cafés y cacaos","Café soluble","NESCAFE Classic Crème café soluble natural con crema frasco 200 g"],"general_information":["Denominación del alimento: Café soluble","Nombre del operador: Nestlé España, S.A.","Dirección del operador: Av. Països Catalans, 25-51 -08950 Esplugues de llobregat (Barcelona)","Cantidad Neta: 200 g"],"ingredients":[],"conservation":" Una vez abierto se recomienda consumir antes de 6 semanas","ean":"7613034025340"},{"full_name":"NESCAFE Classic café soluble 10 sobres estuche 20 g","name":"Classic café soluble 10 sobres estuche 20 g","brand":"NESCAFE ","img":"https://sgfm.elcorteingles.es/SGFM/dctm/MEDIA03/201708/01/00120643500240____2__600x600.jpg","price":"0,92 €","price_unit":"(46 € / Kilo)","categories":["Supermercado","Desayunos Dulces y pan","Desayunos, dulces y pan","Cafés y cacaos","Café soluble","NESCAFE Classic café soluble 10 sobres estuche 20 g"],"general_information":["Denominación del alimento: Café soluble","Nombre del operador: Nestlé España, S.A.","Dirección del operador: NESTLÉ ESPAÑA, S.A. Av. Països Catalans, 25-51. 08950 Esplugues de Llobregat (Barcelona)","Cantidad Neta: 20 g"],"ingredients":[" Café soluble"],"conservation":" Una vez abierto, se recomienda consumir antes de 6 semanas","ean":"8410100020570"},{"full_name":"NESCAFE 3 en 1 café soluble con leche y azúcar sabor suave 10 sobres estuche 180 g","name":"3 en 1 café soluble con leche y azúcar sabor suave 10 sobres estuche 180 g","brand":"NESCAFE ","img":"https://sgfm.elcorteingles.es/SGFM/dctm/MEDIA03/201603/16/00120643500794____2__600x600.jpg","price":"2,09 €            ","price_unit":"(11,06 € / Kilo)","categories":["Supermercado","Desayunos Dulces y pan","Desayunos, dulces y pan","Cafés y cacaos","Café soluble","NESCAFE 3 en 1 café soluble con leche y azúcar sabor suave 10 sobres estuche 180 g"],"general_information":["Denominación del alimento: Preparado alimenticio para bebida de café con leche","Nombre del operador: Nestlé España, S.A.","Dirección del operador: Nestlé España, S.A. Av. Països Catalans, 25-51 08950 Esplugues de Llobregat (Barcelona).","Cantidad Neta: 180 g"],"ingredients":[" Ingredientes: Azúcar (49,8%), jarabe de glucosa, grasa de coco, café soluble (11,8%), leche desnatada en polvo (6,5%), aroma natural, azúcar caramelizado, maltodextrina, proteínas de leche, sal, corrector de acidez (E340), estabilizantes (E452, E331), emulgentes (E472, E471), colorante (E101)"],"conservation":" Conservar en lugar fresco y seco","ean":"7613033735257"},{"full_name":"NESCAFE Mocha café soluble con chocolate estuche 8 sobres","name":"Mocha café soluble con chocolate estuche 8 sobres","brand":"NESCAFE ","img":"https://sgfm.elcorteingles.es/SGFM/dctm/MEDIA03/201703/15/00120643500273____1__600x600.jpg","price":"2,60 €","price_unit":"(325 € / Kilo)","categories":["Supermercado","Desayunos Dulces y pan","Desayunos, dulces y pan","Cafés y cacaos","Café soluble","NESCAFE Mocha café soluble con chocolate estuche 8 sobres"],"general_information":["Denominación del alimento: Preparado alimenticio para bebida de café, leche desnatada en polvo y chocolate.","Nombre del operador: Nestlé España, S.A.","Dirección del operador: Nestlé España, S.A. ? Av. Països Catalans, 25-51, 08950 Esplugues de Llobregat (Barcelona)","Cantidad Neta: 144 g"],"ingredients":[" Ingredientes: Azúcar, leche desnatada en polvo (18%), jarabe de glucosa, chocolate en polvo (11%) (azúcar, cacao), preparado de café soluble y café molido de tueste natural (8,5%), grasa vegetal (coco), lactosa , cacao en polvo, sal, corrector de acidez (E340), estabilizantes (E331, E452), aroma natural."],"conservation":" Conservar en lugar fresco y seco","ean":"8410100021942"},{"full_name":"NESCAFE Cappuccino café soluble 10 sobres estuche 140 g","name":"Cappuccino café soluble 10 sobres estuche 140 g","brand":"NESCAFE ","img":"https://sgfm.elcorteingles.es/SGFM/dctm/MEDIA03/201703/09/00120643500174____3__600x600.jpg","price":"2,60 €","price_unit":"(18,57 € / Kilo)","categories":["Supermercado","Desayunos Dulces y pan","Desayunos, dulces y pan","Cafés y cacaos","Café soluble","NESCAFE Cappuccino café soluble 10 sobres estuche 140 g"],"general_information":[],"ingredients":[],"ean":"8000550506504"},{"full_name":"NESCAFE Cappuccino café soluble bote 250 g","name":"Cappuccino café soluble bote 250 g","brand":"NESCAFE ","img":"https://sgfm.elcorteingles.es/SGFM/dctm/MEDIA03/201703/15/00120643500265____7__600x600.jpg","price":"3,62 €            ","price_unit":"(14,12 € / Kilo)","categories":["Supermercado","Desayunos Dulces y pan","Desayunos, dulces y pan","Cafés y cacaos","Café soluble","NESCAFE Cappuccino café soluble bote 250 g"],"general_information":["Denominación del alimento: Preparado alimenticio para bebida de café y leche desnatada en polvo.","Nombre del operador: Nestlé España, S.A.","Dirección del operador: Nestlé España, S.A. ? Av. Països Catalans, 25-51, 08950 Esplugues de Llobregat (Barcelona)","Cantidad Neta: 250 g"],"ingredients":[" Ingredientes: Azúcar, leche desnatada en polvo (20,7%), jarabe de glucosa, preparado de café soluble y café molido de tueste natural (13,8%), grasa vegetal (coco), lactosa , corrector de acidez (E340), sal, estabilizantes (E331, E452)."],"conservation":" Conservar en lugar fresco y seco","ean":"8410100022543"},{"full_name":"NESCAFE Gold café soluble natural intenso aroma y sabor frasco 100 g","name":"Gold café soluble natural intenso aroma y sabor frasco 100 g","brand":"NESCAFE ","img":"https://sgfm.elcorteingles.es/SGFM/dctm/MEDIA03/201603/16/00200243500337____1__600x600.jpg","price":"4,51 €","price_unit":"(45,10 € / Kilo)","categories":["Supermercado","Desayunos Dulces y pan","Desayunos, dulces y pan","Cafés y cacaos","Café soluble","NESCAFE Gold café soluble natural intenso aroma y sabor frasco 100 g"],"general_information":["Denominación del alimento: Café soluble","Nombre del operador: Nestlé España, S.A.","Dirección del operador: Avinguda Països Catalans, 51 - 08950 Esplugues de Llobregat (Barcelona)","Cantidad Neta: 100 g"],"ingredients":[],"conservation":" Una vez abierto consumir antes de 6 semanas","ean":"8410100020709"},{"full_name":"NESCAFE Puro Colombia café soluble aromático 100% puro arábica frasco 100 g","name":"Puro Colombia café soluble aromático 100% puro arábica frasco 100 g","brand":"NESCAFE ","img":"https://sgfm.elcorteingles.es/SGFM/dctm/MEDIA03/201603/16/00200243500303____1__600x600.jpg","price":"4,51 €","price_unit":"(45,10 € / Kilo)","categories":["Supermercado","Desayunos Dulces y pan","Desayunos, dulces y pan","Cafés y cacaos","Café soluble","NESCAFE Puro Colombia café soluble aromático 100% puro arábica frasco 100 g"],"general_information":["Denominación del alimento: Café soluble","Nombre del operador: Nestlé España, S.A.","Dirección del operador: Avinguda Països Catalans, 51 - 08950 Esplugues de Llobregat (Barcelona)","Cantidad Neta: 100 g"],"ingredients":[],"conservation":" Una vez abierto consumir antes de 6 semanas","ean":"8410100020907"},{"full_name":"NESCAFE Vitalissimo café soluble natural con magnesio frasco 200 g ayuda a reducir el cansancio y la fatiga","name":"Vitalissimo café soluble natural con magnesio frasco 200 g","brand":"NESCAFE ","img":"https://sgfm.elcorteingles.es/SGFM/dctm/MEDIA03/201603/16/00200243501145____2__600x600.jpg","price":"5,95 €            ","price_unit":"(28,75 € / Kilo)","categories":["Supermercado","Desayunos Dulces y pan","Desayunos, dulces y pan","Cafés y cacaos","Café soluble","NESCAFE Vitalissimo café soluble natural con magnesio frasco 200 g ayuda a reducir el cansancio y la fatiga"],"general_information":["Denominación del alimento: Café soluble con magnesio","Nombre del operador: Nestlé España, S.A.","Dirección del operador: Av. Països Catalans, 25-51 08950 Esplugues de Llobregat (Barcelona)","Cantidad Neta: 200 g","Otras menciones obligatorias en la etiqueta: Envasado en atmósfera protectora. Un consumo moderado de café unido a una dieta variada y equilibrada y ejercicio fisico son importantes para llevar un estilo de vida saludable."],"ingredients":[" Café, sulfato de magnesio."],"conservation":"Modo de empleo: Poner 2 cucharaditas en una taza y agregar leche semidesnatada o agua bien caliente.","ean":"7613035278721"},{"full_name":"NESCAFE Azera café soluble espresso intenso estilo barista lata 100 g","name":"Azera café soluble espresso intenso estilo barista lata 100 g","brand":"NESCAFE ","img":"https://sgfm.elcorteingles.es/SGFM/dctm/MEDIA03/201703/15/00120643501123____4__600x600.jpg","price":"4,55 €","price_unit":"(45,50 € / Kilo)","categories":["Supermercado","Desayunos Dulces y pan","Desayunos, dulces y pan","Cafés y cacaos","Café soluble","NESCAFE Azera café soluble espresso intenso estilo barista lata 100 g"],"general_information":["Denominación del alimento: Preparado para bebidas de café soluble con café molido de tueste natural","Nombre del operador: Nestlé España, S.A.","Dirección del operador: NESTLÉ ESPAÑA, S.A. ? Av. Països Catalans 25-51 -08950 Esplugues de Llobregat (Barcelona)","Cantidad Neta: 100 g","Otras menciones obligatorias en la etiqueta: Envasado en atmósfera protectora"],"ingredients":[" Café soluble, café molido de tueste natural (5%)"],"conservation":" Una vez abierto, se recomienda consumir antes de 6 semanas","ean":"7613035848269"},{"full_name":"MARCILLA Creme Express café soluble natural frasco 200 g","name":"Creme Express café soluble natural frasco 200 g","brand":"MARCILLA ","img":"https://sgfm.elcorteingles.es/SGFM/dctm/MEDIA03/201610/28/00120643500091____1__600x600.jpg","price":"6,85 €","price_unit":"(34,25 € / Kilo)","categories":["Supermercado","Desayunos Dulces y pan","Desayunos, dulces y pan","Cafés y cacaos","Café soluble","MARCILLA Creme Express café soluble natural frasco 200 g"],"general_information":["Denominación del alimento: CAFÉ SOLUBLE","Nombre del operador: JACOBS DOUWE EGBERTS B.V.","Dirección del operador: Oosterdoksstraat 80, 1011 DK Amsterdam The Netherlands","Cantidad Neta: 0.2 Kilogramos"],"ingredients":[],"conservation":"Modo de empleo: ES: PREPARACIÓN: Ponga en una taza una cucharadita de CAFÉ MARCILLA SOLUBLE. Añada agua o leche caliente, azúcar o Natreen a su gusto y remueva. Obtendrá una delicosa taza de café espresso. Café soluble no apto para cafeteras","ean":"8410091301405"},{"full_name":"MARCILLA café soluble clásico frasco 200 g","name":"café soluble clásico frasco 200 g","brand":"MARCILLA ","img":"https://sgfm.elcorteingles.es/SGFM/dctm/MEDIA03/201610/14/00120643501230____1__600x600.jpg","price":"4,77 €","price_unit":"(23,85 € / Kilo)","categories":["Supermercado","Desayunos Dulces y pan","Desayunos, dulces y pan","Cafés y cacaos","Café soluble","MARCILLA café soluble clásico frasco 200 g"],"general_information":["Denominación del alimento: CAFÉ SOLUBLE","Nombre del operador: JACOBS DOUWE EGBERTS B.V.","Dirección del operador: Oosterdoksstraat 80, 1011 DK Amsterdam The Netherlands","Cantidad Neta: 0.2 Kilogramos","Otras menciones obligatorias en la etiqueta: Envasado en atmósfera protectora. No apto para cafeteras."],"ingredients":[],"conservation":"Modo de empleo: ES: PREPARACIÓN: Ponga en la taza una cucharada pequeña de CAFÉ SOLUBLE. Añada leche caliente y azúcar o edulcorante a su gusto y remueva. Obtendrá una deliciosa taza de café.","ean":"8410091109186"},{"full_name":"MARCILLA café soluble clásico frasco 100 g","name":"café soluble clásico frasco 100 g","brand":"MARCILLA ","img":"https://sgfm.elcorteingles.es/SGFM/dctm/MEDIA03/201710/03/00120643501446____1__600x600.jpg","price":"2,75 €","price_unit":"(27,50 € / Kilo)","categories":["Supermercado","Desayunos Dulces y pan","Desayunos, dulces y pan","Cafés y cacaos","Café soluble","MARCILLA café soluble clásico frasco 100 g"],"general_information":["Denominación del alimento: CAFÉ SOLUBLE","Nombre del operador: JACOBS DOUWE EGBERTS B.V.","Dirección del operador: Oosterdoksstraat 80, 1011 DK Amsterdam The Netherlands","Cantidad Neta: 0.1 Kilogramos","Otras menciones obligatorias en la etiqueta: Envasado en atmósfera protectora. No apto para cafeteras."],"ingredients":[],"conservation":"Modo de empleo: ES: PREPARACIÓN: Ponga en la taza una cucharada pequeña de CAFÉ SOLUBLE. Añada leche caliente y azúcar o edulcorante a su gusto y remueva. Obtendrá una deliciosa taza de café.","ean":"8410091109261"},{"full_name":"ALTERNATIVA 3 café soluble liofilizado ecológico tarro 100 g","name":"café soluble liofilizado ecológico tarro 100 g","brand":"ALTERNATIVA 3 ","img":"https://sgfm.elcorteingles.es/SGFM/dctm/MEDIA03/201711/30/00120643500844____1__600x600.jpg","price":"6,79 €","price_unit":"(67,90 € / Kilo)","categories":["Supermercado","Desayunos Dulces y pan","Desayunos, dulces y pan","Cafés y cacaos","Café soluble","ALTERNATIVA 3 café soluble liofilizado ecológico tarro 100 g"],"general_information":["Denominación del alimento: Café liofilizado","Nombre del operador: Alternativa 3, S.C.C.L.","Dirección del operador: Ctra. Castellar, 526, 08227 Terrassa, Barcelona","Cantidad Neta: 100 g","Otras menciones obligatorias en la etiqueta: Cuidadosa selección de los mejores granos Arabica que aportan a este café sus características de aroma y sabor. De cuerpo equilibrado, aroma rico y gusto redondo y suave al paladar. Ecológico. Comercio Justo. Libre de alérgenos."],"ingredients":[" Café soluble liofilizado 100% Arábica."],"ean":"8435030571343"},{"full_name":"NESCAFE Mocha blanco café soluble con chocolate blanco estuche 8 sobres","name":"Mocha blanco café soluble con chocolate blanco estuche 8 sobres","brand":"NESCAFE ","img":"https://sgfm.elcorteingles.es/SGFM/dctm/MEDIA03/201703/21/00120643501271____1__600x600.jpg","price":"2,99 €","price_unit":"(24,92 € / Kilo)","categories":["Supermercado","Desayunos Dulces y pan","Desayunos, dulces y pan","Cafés y cacaos","Café soluble","NESCAFE Mocha blanco café soluble con chocolate blanco estuche 8 sobres"],"general_information":["Denominación del alimento: Preparado alimenticio para bebida de café, leche desnatada en polvo y chocolate blanco.","Nombre del operador: Nestlé España, S.A.","Dirección del operador: Nestlé España, S.A. ? Av. Països Catalans, 25-51, 08950 Esplugues de Llobregat (Barcelona)","Cantidad Neta: 120 g"],"ingredients":[" Ingredientes: Azúcar, leche desnatada en polvo (19%), jarabe de glucosa, chocolate blanco en polvo (9%) (azúcar, manteca de cacao, leche en polvo), grasa vegetal (coco), lactosa , preparado de café soluble y café molido de tueste natural (3%), aromas naturales, sal, espesante (E415), corrector de acidez (E340), estabilizantes (E331, E452)"],"conservation":" Conservar en lugar fresco y seco","ean":"7613035843509"},{"full_name":"EL CORTE INGLES café soluble descafeinado tueste natural frasco 200 g","name":"café soluble descafeinado tueste natural frasco 200 g","brand":"EL CORTE INGLES ","img":"https://sgfm.elcorteingles.es/SGFM/dctm/MEDIA03/201605/05/00120643501180____1__600x600.jpg","price":"2,69 €","price_unit":"(13,45 € / Kilo)","categories":["Supermercado","Desayunos Dulces y pan","Desayunos, dulces y pan","Cafés y cacaos","Café soluble descafeinado","EL CORTE INGLES café soluble descafeinado tueste natural frasco 200 g"],"general_information":["Denominación del alimento: Café soluble tueste natural descafeinado","Nombre del operador: Elaborado para El Corte Inglés por                      Seda Outspan Iberia, S.L.                                          Paseo Padre Faustino Calvo, s/n                       34005 Palencia (España","Cantidad Neta: 200 g"],"ingredients":[],"conservation":" Conservar el frasco bien cerrado en lugar fresco y seco.\nUna vez abierto,consumir preferentemente antes de 6 semanas","ean":"8433329067195"},{"full_name":"EL CORTE INGLES café soluble descafeinado tueste natural frasco 100 g","name":"café soluble descafeinado tueste natural frasco 100 g","brand":"EL CORTE INGLES ","img":"https://sgfm.elcorteingles.es/SGFM/dctm/MEDIA03/201605/05/00120643501198____1__600x600.jpg","price":"1,63 €","price_unit":"(16,30 € / Kilo)","categories":["Supermercado","Desayunos Dulces y pan","Desayunos, dulces y pan","Cafés y cacaos","Café soluble descafeinado","EL CORTE INGLES café soluble descafeinado tueste natural frasco 100 g"],"general_information":["Denominación del alimento: Café soluble tueste natural descafeinado","Nombre del operador: Elaborado para El Corte Inglés por                      Seda Outspan Iberia, S.L.                                          Paseo Padre Faustino Calvo, s/n                       34005 Palencia (España","Cantidad Neta: 100 g"],"ingredients":[],"conservation":" Conservar el frasco bien cerrado en lugar fresco y seco.\nUna vez abierto,consumir preferentemente antes de 6 semanas","ean":"8433329067201"},{"full_name":"NESCAFE Classic café descafeinado soluble frasco 300 g","name":"Classic café descafeinado soluble frasco 300 g","brand":"NESCAFE ","img":"https://sgfm.elcorteingles.es/SGFM/dctm/MEDIA03/201708/01/00120643501024____3__600x600.jpg","price":"9,19 €","price_unit":"(30,63 € / Kilo)","categories":["Supermercado","Desayunos Dulces y pan","Desayunos, dulces y pan","Cafés y cacaos","Café soluble descafeinado","NESCAFE Classic café descafeinado soluble frasco 300 g"],"general_information":["Denominación del alimento: Café soluble descafeinado","Nombre del operador: Nestlé España, S.A.","Dirección del operador: NESTLÉ ESPAÑA, S.A. Av. Països Catalans, 25-51. 08950 Esplugues de Llobregat (Barcelona)","Cantidad Neta: 300 g","Otras menciones obligatorias en la etiqueta: Envasado en atmósfera protectora"],"ingredients":[" Café soluble descafeinado"],"conservation":" Una vez abierto, se recomienda consumir antes de 6 semanas","ean":"7613031236503"},{"full_name":"NESCAFE Classic café soluble descafeinado 10 sobres estuche 20 g","name":"Classic café soluble descafeinado 10 sobres estuche 20 g","brand":"NESCAFE ","img":"https://sgfm.elcorteingles.es/SGFM/dctm/MEDIA03/201708/01/00120643500257____3__600x600.jpg","price":"0,95 €","price_unit":"(47,50 € / Kilo)","categories":["Supermercado","Desayunos Dulces y pan","Desayunos, dulces y pan","Cafés y cacaos","Café soluble descafeinado","NESCAFE Classic café soluble descafeinado 10 sobres estuche 20 g"],"general_information":["Denominación del alimento: Café soluble descafeinado","Nombre del operador: Nestlé España, S.A.","Dirección del operador: NESTLÉ ESPAÑA, S.A. Av. Països Catalans, 25-51. 08950 Esplugues de Llobregat (Barcelona)","Cantidad Neta: 20 g"],"ingredients":[" Café soluble descafeinado"],"conservation":" Una vez abierto, se recomienda consumir antes de 6 semanas","ean":"8410100021577"},{"full_name":"NESCAFE Classic café soluble descafeinado frasco 200 g","name":"Classic café soluble descafeinado frasco 200 g","brand":"NESCAFE ","img":"https://sgfm.elcorteingles.es/SGFM/dctm/MEDIA03/201709/06/00120643500216____2__600x600.jpg","price":"6,05 €            ","price_unit":"(29,95 € / Kilo)","categories":["Supermercado","Desayunos Dulces y pan","Desayunos, dulces y pan","Cafés y cacaos","Café soluble descafeinado","NESCAFE Classic café soluble descafeinado frasco 200 g"],"general_information":["Denominación del alimento: Café soluble descafeinado","Nombre del operador: Nestlé España, S.A.","Dirección del operador: NESTLÉ ESPAÑA, S.A. Av. Països Catalans, 25-51. 08950 Esplugues de Llobregat (Barcelona)","Cantidad Neta: 200 g"],"ingredients":[" Café soluble descafeinado"],"conservation":" Una vez abierto, se recomienda consumir antes de 6 semanas","ean":"8410100021546"},{"full_name":"NESCAFE Classic café soluble descafeinado frasco 100 g","name":"Classic café soluble descafeinado frasco 100 g","brand":"NESCAFE ","img":"https://sgfm.elcorteingles.es/SGFM/dctm/MEDIA03/201708/01/00200243500238____2__600x600.jpg","price":"3,95 €            ","price_unit":"(38,70 € / Kilo)","categories":["Supermercado","Desayunos Dulces y pan","Desayunos, dulces y pan","Cafés y cacaos","Café soluble descafeinado","NESCAFE Classic café soluble descafeinado frasco 100 g"],"general_information":[],"ingredients":[],"ean":"7613035430068"},{"full_name":"NESCAFE Classic soluble descafeinado frasco 50 g","name":"Classic soluble descafeinado frasco 50 g","brand":"NESCAFE ","img":"https://sgfm.elcorteingles.es/SGFM/dctm/MEDIA03/201708/01/00120643500232____2__600x600.jpg","price":"2,96 €","price_unit":"(59,20 € / Kilo)","categories":["Supermercado","Desayunos Dulces y pan","Desayunos, dulces y pan","Cafés y cacaos","Café soluble descafeinado","NESCAFE Classic soluble descafeinado frasco 50 g"],"general_information":["Denominación del alimento: Café soluble descafeinado","Nombre del operador: Nestlé España, S.A.","Dirección del operador: NESTLÉ ESPAÑA, S.A. Av. Països Catalans, 25-51. 08950 Esplugues de Llobregat (Barcelona)","Cantidad Neta: 50 g","Otras menciones obligatorias en la etiqueta: Envasado en atmósfera protectora"],"ingredients":[" Café soluble descafeinado"],"conservation":" Una vez abierto, se recomienda consumir antes de 6 semanas","ean":"8410100021560"},{"full_name":"NESCAFE Cappuccino café soluble descafeinado 10 sobres estuche 125 g","name":"Cappuccino café soluble descafeinado 10 sobres estuche 125 g","brand":"NESCAFE ","img":"https://sgfm.elcorteingles.es/SGFM/dctm/MEDIA03/201703/15/00120643500307____7__600x600.jpg","price":"2,76 €","price_unit":"(22,08 € / Kilo)","categories":["Supermercado","Desayunos Dulces y pan","Desayunos, dulces y pan","Cafés y cacaos","Café soluble descafeinado","NESCAFE Cappuccino café soluble descafeinado 10 sobres estuche 125 g"],"general_information":["Denominación del alimento: Preparado alimenticio para bebida de café descafeinado y leche desnatada en polvo.","Nombre del operador: Nestlé España, S.A.","Dirección del operador: Nestlé España, S.A. ? Av. Països Catalans, 25-51, 08950 Esplugues de Llobregat (Barcelona)","Cantidad Neta: 125 g"],"ingredients":[" Ingredientes: Azúcar, leche desnatada en polvo (20%), jarabe de glucosa, café soluble descafeinado (14%), grasa vegetal (coco), lactosa , sal, corrector de acidez (E340), estabilizantes (E331, E452)."],"conservation":" Conservar en lugar fresco y seco","ean":"8410100024950"},{"full_name":"NESCAFE Cappuccino café soluble descafeinado bote 250 g","name":"Cappuccino café soluble descafeinado bote 250 g","brand":"NESCAFE ","img":"https://sgfm.elcorteingles.es/SGFM/dctm/MEDIA03/201703/15/00120643500406____7__600x600.jpg","price":"3,53 €","price_unit":"(14,12 € / Kilo)","categories":["Supermercado","Desayunos Dulces y pan","Desayunos, dulces y pan","Cafés y cacaos","Café soluble descafeinado","NESCAFE Cappuccino café soluble descafeinado bote 250 g"],"general_information":["Denominación del alimento: Preparado alimenticio para bebida de café descafeinado y leche desnatada en polvo.","Nombre del operador: Nestlé España, S.A.","Dirección del operador: Nestlé España, S.A. ? Av. Països Catalans, 25-51, 08950 Esplugues de Llobregat (Barcelona)","Cantidad Neta: 250 g"],"ingredients":[" Ingredientes: Azúcar, leche desnatada en polvo (20%), jarabe de glucosa, café soluble descafeinado (14%), grasa vegetal (coco), lactosa , sal, corrector de acidez (E340), estabilizantes (E331, E452)."],"conservation":" Conservar en lugar fresco y seco","ean":"8410100024998"},{"full_name":"NESCAFE Vitalissimo café soluble descafeinado con magnesio frasco 200 g ayuda a reducir el cansancio y la fatiga","name":"Vitalissimo café soluble descafeinado con magnesio frasco 200 g","brand":"NESCAFE ","img":"https://sgfm.elcorteingles.es/SGFM/dctm/MEDIA03/201603/16/00200243501152____2__600x600.jpg","price":"6,49 €            ","price_unit":"(31,45 € / Kilo)","categories":["Supermercado","Desayunos Dulces y pan","Desayunos, dulces y pan","Cafés y cacaos","Café soluble descafeinado","NESCAFE Vitalissimo café soluble descafeinado con magnesio frasco 200 g ayuda a reducir el cansancio y la fatiga"],"general_information":["Denominación del alimento: Café soluble descafeinado con magnesio","Nombre del operador: Nestlé España, S.A.","Dirección del operador: Av. Països Catalans, 25-51 08950 Esplugues de Llobregat (Barcelona)","Cantidad Neta: 200 g","Otras menciones obligatorias en la etiqueta: Envasado en atmósfera protectora. Un consumo moderado de café unido a una dieta variada y equilibrada y ejercicio fisico son importantes para llevar un estilo de vida saludable."],"ingredients":[" Café, sulfato de magnesio."],"conservation":"Modo de empleo: Poner 2 cucharaditas en una taza y agregar leche semidesnatada o agua bien caliente.","ean":"7613035278691"},{"full_name":"NESCAFE Azera café soluble espresso descafeinado lata 100 g","name":"Azera café soluble espresso descafeinado lata 100 g","brand":"NESCAFE ","img":"https://sgfm.elcorteingles.es/SGFM/dctm/MEDIA03/201711/20/00120643501305____1__600x600.jpg","price":"4,49 €","price_unit":"(44,90 € / Kilo)","categories":["Supermercado","Desayunos Dulces y pan","Desayunos, dulces y pan","Cafés y cacaos","Café soluble descafeinado","NESCAFE Azera café soluble espresso descafeinado lata 100 g"],"general_information":["Denominación del alimento: Café soluble descafeinado.","Nombre del operador: Nestlé España, S.A.","Dirección del operador: NESTLÉ ESPAÑA, S.A. Av. Països Catalans, 25 ? 51, 08950 Esplugues de Llobregat (Barcelona)","Cantidad Neta: 100 g","Otras menciones obligatorias en la etiqueta: Envasado en atmósfera protectora"],"ingredients":[" Café soluble descafeinado."],"conservation":" Una vez abierto, se recomienda consumir antes de 6 semanas","ean":"7613036001717"},{"full_name":"MARCILLA Creme Express café soluble descafeinado frasco 200 g","name":"Creme Express café soluble descafeinado frasco 200 g","brand":"MARCILLA ","img":"https://sgfm.elcorteingles.es/SGFM/dctm/MEDIA03/201610/28/00120643500141____1__600x600.jpg","price":"6,99 €","price_unit":"(34,95 € / Kilo)","categories":["Supermercado","Desayunos Dulces y pan","Desayunos, dulces y pan","Cafés y cacaos","Café soluble descafeinado","MARCILLA Creme Express café soluble descafeinado frasco 200 g"],"general_information":["Denominación del alimento: CAFÉ SOLUBLE DESCAFEINADO","Nombre del operador: JACOBS DOUWE EGBERTS B.V.","Dirección del operador: Oosterdoksstraat 80, 1011 DK Amsterdam The Netherlands","Cantidad Neta: 0.2 Kilogramos"],"ingredients":[],"conservation":"Modo de empleo: ES: PREPARACIÓN: Ponga en una taza una cucharadita de CAFÉ MARCILLA SOLUBLE. Añada agua o leche caliente, azúcar o Natreen a su gusto y remueva. Obtendrá una delicosa taza de café espresso. Café soluble no apto para cafeteras","ean":"8410091301719"},{"full_name":"MARCILLA café soluble clásico descafeinado frasco 200 g","name":"café soluble clásico descafeinado frasco 200 g","brand":"MARCILLA ","img":"https://sgfm.elcorteingles.es/SGFM/dctm/MEDIA03/201610/14/00120643501248____1__600x600.jpg","price":"4,65 €","price_unit":"(23,25 € / Kilo)","categories":["Supermercado","Desayunos Dulces y pan","Desayunos, dulces y pan","Cafés y cacaos","Café soluble descafeinado","MARCILLA café soluble clásico descafeinado frasco 200 g"],"general_information":["Denominación del alimento: CAFÉ SOLUBLE DESCAFEINADO","Nombre del operador: JACOBS DOUWE EGBERTS B.V.","Dirección del operador: Oosterdoksstraat 80, 1011 DK Amsterdam The Netherlands","Cantidad Neta: 0.2 Kilogramos","Otras menciones obligatorias en la etiqueta: Envasado en atmósfera protectora. No apto para cafeteras."],"ingredients":[],"conservation":"Modo de empleo: ES: PREPARACIÓN: Ponga en la taza una cucharada pequeña de CAFÉ SOLUBLE DESCAFEINADO. Añada leche caliente y azúcar o edulcorante a su gusto y remueva. Obtendrá una deliciosa taza de café.","ean":"8410091109223"},{"full_name":"MARCILLA café soluble clásico descafeinado bote 100 g","name":"café soluble clásico descafeinado bote 100 g","brand":"MARCILLA ","img":"https://sgfm.elcorteingles.es/SGFM/dctm/MEDIA03/201710/03/00120643501438____1__600x600.jpg","price":"2,75 €","price_unit":"(27,50 € / Kilo)","categories":["Supermercado","Desayunos Dulces y pan","Desayunos, dulces y pan","Cafés y cacaos","Café soluble descafeinado","MARCILLA café soluble clásico descafeinado bote 100 g"],"general_information":["Denominación del alimento: CAFÉ SOLUBLE DESCAFEINADO","Nombre del operador: JACOBS DOUWE EGBERTS B.V.","Dirección del operador: Oosterdoksstraat 80, 1011 DK Amsterdam The Netherlands","Cantidad Neta: 0.1 Kilogramos","Otras menciones obligatorias en la etiqueta: Envasado en atmósfera protectora. No apto para cafeteras."],"ingredients":[],"conservation":"Modo de empleo: ES: PREPARACIÓN: Ponga en la taza una cucharada pequeña de CAFÉ SOLUBLE DESCAFEINADO. Añada leche caliente y azúcar o edulcorante a su gusto y remueva. Obtendrá una deliciosa taza de café.","ean":"8410091109308"},{"full_name":"CAVALLE café soluble ecológico descafeinado estuche 100 g","name":"café soluble ecológico descafeinado estuche 100 g","brand":"CAVALLE ","img":"https://sgfm.elcorteingles.es/SGFM/dctm/MEDIA03/201611/29/00120643501263____1__600x600.jpg","price":"5,46 €","categories":["Supermercado","Desayunos Dulces y pan","Desayunos, dulces y pan","Cafés y cacaos","Café soluble descafeinado","CAVALLE café soluble ecológico descafeinado estuche 100 g"],"general_information":["Denominación del alimento: Café descafeinado liofilizado","Nombre del operador: Paño Fruits S.L.","Dirección del operador: Av. Montblanc 28, 43460 Alcover (Tarragona)","Cantidad Neta: 100 g"],"ingredients":[" Café descafeinado"],"conservation":" Conservar en un lugar fresco y seco.","ean":"8430175809320"},{"full_name":"VALOR cacao puro en polvo desgrasado 0% azúcares añadidos 100% natural sin gluten bote 250 g","name":"cacao puro en polvo desgrasado 0% azúcares añadidos 100% natural sin gluten bote 250 g","brand":"VALOR ","img":"https://sgfm.elcorteingles.es/SGFM/dctm/MEDIA03/201609/02/00120646400042____2__600x600.jpg","price":"4,19 €","price_unit":"(16,76 € / Kilo)","categories":["Supermercado","Desayunos Dulces y pan","Desayunos, dulces y pan","Cafés y cacaos","Cacao en polvo","VALOR cacao puro en polvo desgrasado 0% azúcares añadidos 100% natural sin gluten bote 250 g"],"general_information":["Denominación del alimento: Cacao desgrasado en polvo","Nombre del operador: Chocolates Valor,S.A.","Dirección del operador: Av. Pianista Gonzalo Soriano, 13 - 03570 - Villajoyosa (Alicante)","Cantidad Neta: 250 g","Otras menciones obligatorias en la etiqueta: Manteca de cacao 16%. Apto para una dieta sin gluten. Producto apto para diabéticos."],"ingredients":[" Cacao desgrasado en polvo."],"conservation":" Conservar en lugar fresco y seco, alejado de olores.","ean":"8410109000658"},{"full_name":"EL CORTE INGLES café natural molido en monodosis 32 unidades aptas para cafeteras Senseo bolsa 224 g","name":"café natural molido en monodosis 32 unidades aptas para cafeteras Senseo bolsa 224 g","brand":"EL CORTE INGLES ","img":"https://sgfm.elcorteingles.es/SGFM/dctm/MEDIA03/201607/20/00120604602779____1__600x600.jpg","price":"2,70 €","price_unit":"(12,05 € / Kilo)","categories":["Supermercado","Desayunos Dulces y pan","Desayunos, dulces y pan","Cafés y cacaos","Cafés y cacaos en monodosis","EL CORTE INGLES café natural molido en monodosis 32 unidades aptas para cafeteras Senseo bolsa 224 g"],"general_information":["Denominación del alimento: Café molido de tueste natural","Nombre del operador: Elaborado para El Corte Inglés por                          Toscaf, S.A.  Ctra. Antigua, s/n                             33127 Peñaullán - Pravia                                     Principado de Ast","Cantidad Neta: 224 g"],"ingredients":[" Ingredientes: Café"],"conservation":" Conservar en lugar fresco y seco.","ean":"8433329066419"},{"full_name":"EL CORTE INGLES café mezcla molido en monodosis 32 unidades aptas para cafeteras Senseo bolsa 224 g","name":"café mezcla molido en monodosis 32 unidades aptas para cafeteras Senseo bolsa 224 g","brand":"EL CORTE INGLES ","img":"https://sgfm.elcorteingles.es/SGFM/dctm/MEDIA03/201607/20/00120604602761____1__600x600.jpg","price":"2,70 €","price_unit":"(12,05 € / Kilo)","categories":["Supermercado","Desayunos Dulces y pan","Desayunos, dulces y pan","Cafés y cacaos","Cafés y cacaos en monodosis","EL CORTE INGLES café mezcla molido en monodosis 32 unidades aptas para cafeteras Senseo bolsa 224 g"],"general_information":["Denominación del alimento: Café molido de tueste natural (50%) y torrefacto (50%)","Nombre del operador: Elaborado para El Corte Inglés por                          Toscaf, S.A.  Ctra. Antigua, s/n                             33127 Peñaullán - Pravia                                     Principado de Ast","Cantidad Neta: 224 g"],"ingredients":[" Ingredientes: Café y azúcar"],"conservation":" Conservar en lugar fresco y seco.","ean":"8433329066426"},{"full_name":"EL CORTE INGLES café descafeinado molido en monodosis 32 unidades aptas para cafeteras Senseo bolsa 224 g","name":"café descafeinado molido en monodosis 32 unidades aptas para cafeteras Senseo bolsa 224 g","brand":"EL CORTE INGLES ","img":"https://sgfm.elcorteingles.es/SGFM/dctm/MEDIA03/201607/20/00120604602787____1__600x600.jpg","price":"2,81 €","price_unit":"(12,54 € / Kilo)","categories":["Supermercado","Desayunos Dulces y pan","Desayunos, dulces y pan","Cafés y cacaos","Cafés y cacaos en monodosis","EL CORTE INGLES café descafeinado molido en monodosis 32 unidades aptas para cafeteras Senseo bolsa 224 g"],"general_information":["Denominación del alimento: Café molido de tueste natural descafeinado","Nombre del operador: Elaborado para El Corte Inglés por                          Toscaf, S.A.  Ctra. Antigua, s/n                             33127 Peñaullán - Pravia                                     Principado de Ast","Cantidad Neta: 224 g"],"ingredients":[" Ingredientes: Café descafeinado"],"conservation":" Conservar en lugar fresco y seco.","ean":"8433329066433"},{"full_name":"DIGRATO Adagio café fuerte intensidad 6 estuche 10 cápsulas","name":"Adagio café fuerte intensidad 6 estuche 10 cápsulas","brand":"DIGRATO ","img":"https://sgfm.elcorteingles.es/SGFM/dctm/MEDIA03/201707/08/00120605100021____1__600x600.jpg","price":"2,50 €","price_unit":"(41,67 € / Kilo)","categories":["Supermercado","Desayunos Dulces y pan","Desayunos, dulces y pan","Cafés y cacaos","Cafés y cacaos en monodosis","DIGRATO Adagio café fuerte intensidad 6 estuche 10 cápsulas"],"general_information":[],"ingredients":[],"ean":"8033650404586"},{"full_name":"DIGRATO Allegro café fuerte intensidad 9 estuche 10 cápsulas","name":"Allegro café fuerte intensidad 9 estuche 10 cápsulas","brand":"DIGRATO ","img":"https://sgfm.elcorteingles.es/SGFM/dctm/MEDIA03/201707/08/00120605100062____1__600x600.jpg","price":"2,50 €","price_unit":"(41,67 € / Kilo)","categories":["Supermercado","Desayunos Dulces y pan","Desayunos, dulces y pan","Cafés y cacaos","Cafés y cacaos en monodosis","DIGRATO Allegro café fuerte intensidad 9 estuche 10 cápsulas"],"general_information":[],"ingredients":[],"ean":"8033650404593"},{"full_name":"DIGRATO Brasil café fuerte intensidad 7 100% arabica estuche 10 cápsulas","name":"Brasil café fuerte intensidad 7 100% arabica estuche 10 cápsulas","brand":"DIGRATO ","img":"https://sgfm.elcorteingles.es/SGFM/dctm/MEDIA03/201707/08/00120605100070____1__600x600.jpg","price":"2,50 €","price_unit":"(41,67 € / Kilo)","categories":["Supermercado","Desayunos Dulces y pan","Desayunos, dulces y pan","Cafés y cacaos","Cafés y cacaos en monodosis","DIGRATO Brasil café fuerte intensidad 7 100% arabica estuche 10 cápsulas"],"general_information":[],"ingredients":[],"ean":"8033650404609"},{"full_name":"DIGRATO Colombia café fuerte intensidad 6 100% arabica estuche 10 cápsulas","name":"Colombia café fuerte intensidad 6 100% arabica estuche 10 cápsulas","brand":"DIGRATO ","img":"https://sgfm.elcorteingles.es/SGFM/dctm/MEDIA03/201707/08/00120605100088____1__600x600.jpg","price":"2,50 €","price_unit":"(41,67 € / Kilo)","categories":["Supermercado","Desayunos Dulces y pan","Desayunos, dulces y pan","Cafés y cacaos","Cafés y cacaos en monodosis","DIGRATO Colombia café fuerte intensidad 6 100% arabica estuche 10 cápsulas"],"general_information":[],"ingredients":[],"ean":"8033650404616"},{"full_name":"DIGRATO Kenia café fuerte intensidad 6 100% arabica estuche 10 cápsulas","name":"Kenia café fuerte intensidad 6 100% arabica estuche 10 cápsulas","brand":"DIGRATO ","img":"https://sgfm.elcorteingles.es/SGFM/dctm/MEDIA03/201707/08/00120605100039____1__600x600.jpg","price":"2,50 €","price_unit":"(41,67 € / Kilo)","categories":["Supermercado","Desayunos Dulces y pan","Desayunos, dulces y pan","Cafés y cacaos","Cafés y cacaos en monodosis","DIGRATO Kenia café fuerte intensidad 6 100% arabica estuche 10 cápsulas"],"general_information":[],"ingredients":[],"ean":"8033650404623"},{"full_name":"DIGRATO Rondo café fuerte intensidad 7 estuche 10 cápsulas","name":"Rondo café fuerte intensidad 7 estuche 10 cápsulas","brand":"DIGRATO ","img":"https://sgfm.elcorteingles.es/SGFM/dctm/MEDIA03/201707/08/00120605100047____1__600x600.jpg","price":"2,50 €","price_unit":"(41,67 € / Kilo)","categories":["Supermercado","Desayunos Dulces y pan","Desayunos, dulces y pan","Cafés y cacaos","Cafés y cacaos en monodosis","DIGRATO Rondo café fuerte intensidad 7 estuche 10 cápsulas"],"general_information":[],"ingredients":[],"ean":"8033650404661"},{"full_name":"DIGRATO Presto café fuerte intensidad 9 10 cápsulas","name":"Presto café fuerte intensidad 9  10 cápsulas","brand":"DIGRATO ","img":"https://sgfm.elcorteingles.es/SGFM/dctm/MEDIA03/201707/08/00120605100104____1__600x600.jpg","price":"2,50 €","price_unit":"(41,67 € / Kilo)","categories":["Supermercado","Desayunos Dulces y pan","Desayunos, dulces y pan","Cafés y cacaos","Cafés y cacaos en monodosis","DIGRATO Presto café fuerte intensidad 9 10 cápsulas"],"general_information":[],"ingredients":[],"ean":"8033650404654"},{"full_name":"DIGRATO Vivace café fuerte intensidad 6 100% arabica estuche 10 cápsulas","name":"Vivace café fuerte intensidad 6 100% arabica estuche 10 cápsulas","brand":"DIGRATO ","img":"https://sgfm.elcorteingles.es/SGFM/dctm/MEDIA03/201707/08/00120605100054____1__600x600.jpg","price":"2,50 €","price_unit":"(41,67 € / Kilo)","categories":["Supermercado","Desayunos Dulces y pan","Desayunos, dulces y pan","Cafés y cacaos","Cafés y cacaos en monodosis","DIGRATO Vivace café fuerte intensidad 6 100% arabica estuche 10 cápsulas"],"general_information":[],"ingredients":[],"ean":"8033650404678"},{"full_name":"DIGRATO Minueto café descafeinado fuerte intensidad 6 estuche 10 cápsulas","name":"Minueto café descafeinado fuerte intensidad 6 estuche 10 cápsulas","brand":"DIGRATO ","img":"https://sgfm.elcorteingles.es/SGFM/dctm/MEDIA03/201707/08/00120605100096____1__600x600.jpg","price":"2,50 €","price_unit":"(41,67 € / Kilo)","categories":["Supermercado","Desayunos Dulces y pan","Desayunos, dulces y pan","Cafés y cacaos","Cafés y cacaos en monodosis","DIGRATO Minueto café descafeinado fuerte intensidad 6 estuche 10 cápsulas"],"general_information":[],"ingredients":[],"ean":"8033650404630"},{"full_name":"DIGRATO Moderato café descafeinado fuerte intensidad 6 100% arabica estuche 10 cápsulas","name":"Moderato café descafeinado fuerte intensidad 6 100% arabica estuche 10 cápsulas","brand":"DIGRATO ","img":"https://sgfm.elcorteingles.es/SGFM/dctm/MEDIA03/201707/08/00120605100013____1__600x600.jpg","price":"2,50 €","price_unit":"(41,67 € / Kilo)","categories":["Supermercado","Desayunos Dulces y pan","Desayunos, dulces y pan","Cafés y cacaos","Cafés y cacaos en monodosis","DIGRATO Moderato café descafeinado fuerte intensidad 6 100% arabica estuche 10 cápsulas"],"general_information":[],"ingredients":[],"ean":"8033650404647"},{"full_name":"NESCAFE DOLCE GUSTO Black Pack café espresso surtido de variedades paquete 50 cápsulas","name":"Black Pack café espresso surtido de variedades paquete 50 cápsulas","brand":"NESCAFE DOLCE GUSTO ","img":"https://sgfm.elcorteingles.es/SGFM/dctm/MEDIA03/201709/08/00120605100138____1__600x600.jpg","price":"10,00 €","price_unit":"(27,03 € / Kilo)","categories":["Supermercado","Desayunos Dulces y pan","Desayunos, dulces y pan","Cafés y cacaos","Cafés y cacaos en monodosis","NESCAFE DOLCE GUSTO Black Pack café espresso surtido de variedades paquete 50 cápsulas"],"general_information":["Denominación del alimento: Ristretto Ardenza: Café molido de tueste natural. / Espresso Intenso: Café molido de tueste natural. / Espresso Intenso decaffeinato: Café molido de tueste natural descafeinado. / Lungo: Café molido de tueste natural.","País de origen: España","Nombre del operador: Nestlé España, S.A.","Dirección del operador: Nestlé España, S.A., Edificio Nestle, 08950 Esplugues de Llobregat, ESPAÑA","Cantidad Neta: 370 g","Otras menciones obligatorias en la etiqueta: Envasado en atmósfera protectora."],"ingredients":[" Ristretto Ardenza: Café molido de tueste natural. / Espresso Intenso: Café molido de tueste natural. / Espresso Intenso decaffeinato: Café molido de tueste natural descafeinado. / Lungo: Café molido de tueste natural."],"conservation":" Conservar en lugar limpio, fresco y seco","ean":"7613036291699"},{"full_name":"NESCAFE DOLCE GUSTO café espresso intenso pack 2 envases 16 cápsulas + lata 10 años de regalo","name":"café espresso intenso pack 2 envases 16 cápsulas","brand":"NESCAFE DOLCE GUSTO ","img":"https://sgfm.elcorteingles.es/SGFM/dctm/MEDIA03/201709/20/00120605100146____1__600x600.jpg","price":"8,49 €","price_unit":"(33,16 € / Kilo)","categories":["Supermercado","Desayunos Dulces y pan","Desayunos, dulces y pan","Cafés y cacaos","Cafés y cacaos en monodosis","NESCAFE DOLCE GUSTO café espresso intenso pack 2 envases 16 cápsulas + lata 10 años de regalo"],"general_information":[],"ingredients":[],"ean":"7613036321495"},{"full_name":"NESCAFE DOLCE GUSTO café Grande Intenso 100% arabica 16 cápsulas intensidad 9 estuche 160 g","name":"café Grande Intenso 100% arabica 16 cápsulas intensidad 9 estuche 160 g","brand":"NESCAFE DOLCE GUSTO ","img":"https://sgfm.elcorteingles.es/SGFM/dctm/MEDIA03/201711/08/00120605100203____1__600x600.jpg","price":"4,85 €","price_unit":"(30,31 € / Kilo)","categories":["Supermercado","Desayunos Dulces y pan","Desayunos, dulces y pan","Cafés y cacaos","Cafés y cacaos en monodosis","NESCAFE DOLCE GUSTO café Grande Intenso 100% arabica 16 cápsulas intensidad 9 estuche 160 g"],"general_information":["Denominación del alimento: Café molido de tueste natural","Nombre del operador: Nestlé España, S.A.","Dirección del operador: Avinguda Països Catalans, 51 - 08950 Esplugues de Llobregat (Barcelona)","Cantidad Neta: 160 g","Otras menciones obligatorias en la etiqueta: Envasado en atmósfera protectora."],"ingredients":[],"conservation":" Conservar en lugar limpio, fresco y seco.","ean":"7613032913250"},{"full_name":"NESCAFE DOLCE GUSTO Bonka café espresso 16 cápsulas intensidad 8 estuche 112 g","name":"Bonka café espresso 16 cápsulas intensidad 8 estuche 112 g","brand":"NESCAFE DOLCE GUSTO ","img":"https://sgfm.elcorteingles.es/SGFM/dctm/MEDIA03/201603/16/00120604601946____3__600x600.jpg","price":"4,85 €","price_unit":"(43,30 € / Kilo)","categories":["Supermercado","Desayunos Dulces y pan","Desayunos, dulces y pan","Cafés y cacaos","Cafés y cacaos en monodosis","NESCAFE DOLCE GUSTO Bonka café espresso 16 cápsulas intensidad 8 estuche 112 g"],"general_information":["Denominación del alimento: Café molido de tueste natural","Nombre del operador: Nestlé España, S.A.","Dirección del operador: Avinguda Països Catalans, 51 - 08950 Esplugues de Llobregat (Barcelona)","Cantidad Neta: 112 g","Otras menciones obligatorias en la etiqueta: Envasado en atmósfera protectora."],"ingredients":[],"conservation":" Conservar en lugar limpio, fresco y seco.","ean":"7613033113758"},{"full_name":"NESCAFE DOLCE GUSTO café espresso intenso 30 cápsulas estuche 240 g","name":"café espresso intenso 30 cápsulas estuche 240 g","brand":"NESCAFE DOLCE GUSTO ","img":"https://sgfm.elcorteingles.es/SGFM/dctm/MEDIA02/CONTENIDOS/201508/18/00120604602324____1__600x600.jpg","price":"7,89 €","price_unit":"(32,88 € / Kilo)","categories":["Supermercado","Desayunos Dulces y pan","Desayunos, dulces y pan","Cafés y cacaos","Cafés y cacaos en monodosis","NESCAFE DOLCE GUSTO café espresso intenso 30 cápsulas estuche 240 g"],"general_information":["Denominación del alimento: Café molido de tueste natural","Nombre del operador: Nestlé España, S.A.","Dirección del operador: Avinguda Països Catalans, 51 - 08950 Esplugues de Llobregat (Barcelona)","Cantidad Neta: 240 g","Otras menciones obligatorias en la etiqueta: Envasado en atmósfera protectora."],"ingredients":[],"conservation":" Conservar en lugar limpio, fresco y seco.","ean":"7613033393044"},{"full_name":"NESCAFE DOLCE GUSTO café espresso intenso 16 cápsulas estuche 128 g","name":"café espresso intenso 16 cápsulas estuche 128 g","brand":"NESCAFE DOLCE GUSTO ","img":"https://sgfm.elcorteingles.es/SGFM/dctm/MEDIA03/201603/16/00120604600203____6__600x600.jpg","price":"4,25 €","price_unit":"(33,20 € / Kilo)","categories":["Supermercado","Desayunos Dulces y pan","Desayunos, dulces y pan","Cafés y cacaos","Cafés y cacaos en monodosis","NESCAFE DOLCE GUSTO café espresso intenso 16 cápsulas estuche 128 g"],"general_information":["Denominación del alimento: Café molido de tueste natural","Nombre del operador: Nestlé España, S.A.","Dirección del operador: Avinguda Països Catalans, 51 - 08950 Esplugues de Llobregat (Barcelona)","Cantidad Neta: 128 g","Otras menciones obligatorias en la etiqueta: Envasado en atmósfera protectora."],"ingredients":[" Café."],"conservation":" Conservar en lugar limpio, fresco y seco.","ean":"7613031526406"},{"full_name":"NESCAFE DOLCE GUSTO café cortado espresso Macchiatto 16 cápsulas estuche 100,8 g","name":"café cortado espresso Macchiatto 16 cápsulas estuche 100,8 g","brand":"NESCAFE DOLCE GUSTO ","img":"https://sgfm.elcorteingles.es/SGFM/dctm/MEDIA03/201603/16/00120604600195____2__600x600.jpg","price":"4,25 €","price_unit":"(42,50 € / Kilo)","categories":["Supermercado","Desayunos Dulces y pan","Desayunos, dulces y pan","Cafés y cacaos","Cafés y cacaos en monodosis","NESCAFE DOLCE GUSTO café cortado espresso Macchiatto 16 cápsulas estuche 100,8 g"],"general_information":["Denominación del alimento: Preparado a base de leche en polvo y café soluble","Nombre del operador: Nestlé España, S.A.","Dirección del operador: Avinguda Països Catalans, 51 - 08950 Esplugues de Llobregat (Barcelona)","Cantidad Neta: 100.8 g","Otras menciones obligatorias en la etiqueta: Envasado en atmósfera protectora."],"ingredients":[" Leche en polvo (61.8%), café soluble (36.5%), estabilizantes (fosfato dipotásico, citrato trisódico), emulgente (lecitina de soja)."],"conservation":" Conservar en lugar limpio, fresco y seco.","ean":"7613032396350"},{"full_name":"NESCAFE DOLCE GUSTO café espresso Ristretto 16 cápsulas estuche 104 g","name":"café espresso Ristretto 16 cápsulas estuche 104 g","brand":"NESCAFE DOLCE GUSTO ","img":"https://sgfm.elcorteingles.es/SGFM/dctm/MEDIA03/201603/16/00120604600179____5__600x600.jpg","price":"4,85 €","price_unit":"(46,63 € / Kilo)","categories":["Supermercado","Desayunos Dulces y pan","Desayunos, dulces y pan","Cafés y cacaos","Cafés y cacaos en monodosis","NESCAFE DOLCE GUSTO café espresso Ristretto 16 cápsulas estuche 104 g"],"general_information":["Denominación del alimento: Café molido de tueste natural","Nombre del operador: Nestlé España, S.A.","Dirección del operador: Avinguda Països Catalans, 51 - 08950 Esplugues de Llobregat (Barcelona)","Cantidad Neta: 104 g","Otras menciones obligatorias en la etiqueta: Envasado en atmósfera protectora."],"ingredients":[],"conservation":" Conservar en lugar limpio, fresco y seco.","ean":"7613032341640"},{"full_name":"NESCAFE DOLCE GUSTO café Ristretto Ardenza 16 cápsulas intensidad 11 estuche 112 g","name":"café Ristretto Ardenza 16 cápsulas intensidad 11 estuche 112 g","brand":"NESCAFE DOLCE GUSTO ","img":"https://sgfm.elcorteingles.es/SGFM/dctm/MEDIA02/CONTENIDOS/201411/28/00120604601938____1__600x600.jpg","price":"4,85 €","price_unit":"(43,30 € / Kilo)","categories":["Supermercado","Desayunos Dulces y pan","Desayunos, dulces y pan","Cafés y cacaos","Cafés y cacaos en monodosis","NESCAFE DOLCE GUSTO café Ristretto Ardenza 16 cápsulas intensidad 11 estuche 112 g"],"general_information":["Denominación del alimento: Café molido de tueste natural","Nombre del operador: Nestlé España, S.A","Dirección del operador: Avinguda Països Catalans, 51 - 08950 Esplugues de Llobregat (Barcelona)","Cantidad Neta: 112 g"],"ingredients":[],"conservation":" Conservar en un lugar limpio, fresco y seco","ean":"7613034704436"},{"full_name":"NESCAFE DOLCE GUSTO café espresso Barista arábica y robusta 16 cápsulas intensidad 9 estuche 120 g","name":"café espresso Barista arábica y robusta 16 cápsulas intensidad 9 estuche 120 g","brand":"NESCAFE DOLCE GUSTO ","img":"https://sgfm.elcorteingles.es/SGFM/dctm/MEDIA03/201603/16/00120604600641____4__600x600.jpg","price":"4,25 €","price_unit":"(35,42 € / Kilo)","categories":["Supermercado","Desayunos Dulces y pan","Desayunos, dulces y pan","Cafés y cacaos","Cafés y cacaos en monodosis","NESCAFE DOLCE GUSTO café espresso Barista arábica y robusta 16 cápsulas intensidad 9 estuche 120 g"],"general_information":["Denominación del alimento: Café molido de tueste natural","Nombre del operador: Nestlé España, S.A.","Dirección del operador: Avinguda Països Catalans, 51 - 08950 Esplugues de Llobregat (Barcelona)","Cantidad Neta: 120 g","Otras menciones obligatorias en la etiqueta: Envasado en atmósfera protectora."],"ingredients":[],"conservation":" Conservar en lugar limpio, fresco y seco.","ean":"7613033091414"},{"full_name":"NESCAFE DOLCE GUSTO café espresso intenso descafeinado 100% arabica 16 cápsulas intensidad 5 estuche 112 g","name":"café espresso intenso descafeinado 100% arabica 16 cápsulas intensidad 5 estuche 112 g","brand":"NESCAFE DOLCE GUSTO ","img":"https://sgfm.elcorteingles.es/SGFM/dctm/MEDIA03/201704/04/00120604600211____6__600x600.jpg","price":"4,25 €","price_unit":"(37,95 € / Kilo)","categories":["Supermercado","Desayunos Dulces y pan","Desayunos, dulces y pan","Cafés y cacaos","Cafés y cacaos en monodosis","NESCAFE DOLCE GUSTO café espresso intenso descafeinado 100% arabica 16 cápsulas intensidad 5 estuche 112 g"],"general_information":["Denominación del alimento: Café molido de tueste natural descafeinado","Nombre del operador: Nestlé España, S.A.","Dirección del operador: Avinguda Països Catalans, 51 - 08950 Esplugues de Llobregat (Barcelona)","Cantidad Neta: 112 g","Otras menciones obligatorias en la etiqueta: Envasado en atmósfera protectora."],"ingredients":[" Café descafeinado."],"conservation":" Conservar en lugar limpio, fresco y seco.","ean":"7613031525546"},{"full_name":"NESCAFE DOLCE GUSTO café Lungo 16 cápsulas estuche 112 g","name":"café Lungo 16 cápsulas estuche 112 g","brand":"NESCAFE DOLCE GUSTO ","img":"https://sgfm.elcorteingles.es/SGFM/dctm/MEDIA03/201603/16/00120604600187____4__600x600.jpg","price":"4,85 €","price_unit":"(43,30 € / Kilo)","categories":["Supermercado","Desayunos Dulces y pan","Desayunos, dulces y pan","Cafés y cacaos","Cafés y cacaos en monodosis","NESCAFE DOLCE GUSTO café Lungo 16 cápsulas estuche 112 g"],"general_information":["Denominación del alimento: Café molido de tueste natural","Nombre del operador: Nestlé España, S.A.","Dirección del operador: Avinguda Països Catalans, 51 - 08950 Esplugues de Llobregat (Barcelona)","Cantidad Neta: 112 g","Otras menciones obligatorias en la etiqueta: Envasado en atmósfera protectora."],"ingredients":[],"conservation":" Conservar en lugar limpio, fresco y seco.","ean":"5011546498423"},{"full_name":"NESCAFE DOLCE GUSTO Cappuccino cápsulas café 8 unidades + cápsulas de leche 8 unidades estuche 200 g","name":"Cappuccino cápsulas café 8 unidades + cápsulas de leche 8 unidades estuche 200 g","brand":"NESCAFE DOLCE GUSTO ","img":"https://sgfm.elcorteingles.es/SGFM/dctm/MEDIA03/201603/16/00120604600229____3__600x600.jpg","price":"4,25 €","price_unit":"(21,25 € / Kilo)","categories":["Supermercado","Desayunos Dulces y pan","Desayunos, dulces y pan","Cafés y cacaos","Cafés y cacaos en monodosis","NESCAFE DOLCE GUSTO Cappuccino cápsulas café 8 unidades + cápsulas de leche 8 unidades estuche 200 g"],"general_information":["Denominación del alimento: Café molido de tueste natural y leche en polvo con azúcar.","Nombre del operador: Nestlé España, S.A.","Dirección del operador: Avinguda Països Catalans, 51 - 08950 Esplugues de Llobregat (Barcelona)","Cantidad Neta: 200 g","Otras menciones obligatorias en la etiqueta: Envasado en atmósfera protectora."],"ingredients":[" Leche en polvo, azúcar (17%), emulgente (lecitina de soja) y Café molido de tueste natural."],"conservation":" Conservar en lugar limpio, fresco y seco.","ean":"5011546498492"},{"full_name":"NESCAFE DOLCE GUSTO café Cappuccino Ice cápsulas de café 8 unidades + cápsulas de leche 8 unidades estuche 216 g","name":"café Cappuccino Ice cápsulas de café 8 unidades + cápsulas de leche 8 unidades estuche 216 g","brand":"NESCAFE DOLCE GUSTO ","img":"https://sgfm.elcorteingles.es/SGFM/dctm/MEDIA03/201603/16/00200204600258____1__600x600.jpg","price":"4,85 €","price_unit":"(22,45 € / Kilo)","categories":["Supermercado","Desayunos Dulces y pan","Desayunos, dulces y pan","Cafés y cacaos","Cafés y cacaos en monodosis","NESCAFE DOLCE GUSTO café Cappuccino Ice cápsulas de café 8 unidades + cápsulas de leche 8 unidades estuche 216 g"],"general_information":["Denominación del alimento: Preparado para bebida de café con leche","Nombre del operador: Nestlé España, S.A.","Dirección del operador: Avinguda Països Catalans, 51 - 08950 Esplugues de Llobregat (Barcelona)","Cantidad Neta: 216 g","Otras menciones obligatorias en la etiqueta: Envasado en atmósfera protectora."],"ingredients":[" Leche en polvo (46.7%), azúcar (41.5%), café soluble (10.2%), aroma, aceite vegetal (coco, palma), emulgente (lecitina de soja). Leche desnatada en polvo (39%), azúcar (37.2%), leche en polvo (12.6%), jarabe de glucosa, aceite vegetal (coco, palma), emulgente (lecitina de soja), estabilizador (fosfato sódico)."],"conservation":" Conservar en lugar limpio, fresco y seco.","ean":"7613031467969"},{"full_name":"NESCAFE DOLCE GUSTO café Latte Macchiato cápsulas café 8 unidades + cápsulas leche 8 unidades estuche 194 g","name":"café Latte Macchiato cápsulas café 8 unidades + cápsulas leche 8 unidades estuche 194 g","brand":"NESCAFE DOLCE GUSTO ","img":"https://sgfm.elcorteingles.es/SGFM/dctm/MEDIA03/201603/16/00120604600237____3__600x600.jpg","price":"4,85 €","price_unit":"(25 € / Kilo)","categories":["Supermercado","Desayunos Dulces y pan","Desayunos, dulces y pan","Cafés y cacaos","Cafés y cacaos en monodosis","NESCAFE DOLCE GUSTO café Latte Macchiato cápsulas café 8 unidades + cápsulas leche 8 unidades estuche 194 g"],"general_information":["Denominación del alimento: Café molido de tueste natural y leche en polvo. Contiene azúcares naturalmente presentes.","Nombre del operador: Nestlé España, S.A.","Dirección del operador: Avinguda Països Catalans, 51 - 08950 Esplugues de Llobregat (Barcelona)","Cantidad Neta: 168 g","Otras menciones obligatorias en la etiqueta: Envasado en atmósfera protectora."],"ingredients":[" Leche en polvo, emulgente (lecitina de soja) y Café molido de tueste natural."],"conservation":" Conservar en lugar limpio, fresco y seco.","ean":"5011546498386"},{"full_name":"NESCAFE DOLCE GUSTO café con leche 30 cápsulas estuche 300 g","name":"café con leche 30 cápsulas estuche 300 g","brand":"NESCAFE DOLCE GUSTO ","img":"https://sgfm.elcorteingles.es/SGFM/dctm/MEDIA02/CONTENIDOS/201508/18/00120604602332____1__600x600.jpg","price":"7,89 €","price_unit":"(26,30 € / Kilo)","categories":["Supermercado","Desayunos Dulces y pan","Desayunos, dulces y pan","Cafés y cacaos","Cafés y cacaos en monodosis","NESCAFE DOLCE GUSTO café con leche 30 cápsulas estuche 300 g"],"general_information":["Denominación del alimento: Preparado a base de leche en polvo y café soluble","Nombre del operador: Nestlé España, S.A.","Dirección del operador: Avinguda Països Catalans, 51 - 08950 Esplugues de Llobregat (Barcelona)","Cantidad Neta: 300 g","Otras menciones obligatorias en la etiqueta: Envasado en atmósfera protectora."],"ingredients":[" Leche en polvo (73.7%), café soluble (24%), estabilizantes (fosfato de potasio, citrato de sodio), emulgente (lecitina de soja)."],"conservation":" Conservar en lugar limpio, fresco y seco.","ean":"7613034365774"},{"full_name":"NESCAFE DOLCE GUSTO café con leche 16 cápsulas estuche 160 g","name":"café con leche 16 cápsulas estuche 160 g","brand":"NESCAFE DOLCE GUSTO ","img":"https://sgfm.elcorteingles.es/SGFM/dctm/MEDIA03/201603/16/00120604600344____5__600x600.jpg","price":"4,25 €","price_unit":"(26,56 € / Kilo)","categories":["Supermercado","Desayunos Dulces y pan","Desayunos, dulces y pan","Cafés y cacaos","Cafés y cacaos en monodosis","NESCAFE DOLCE GUSTO café con leche 16 cápsulas estuche 160 g"],"general_information":["Denominación del alimento: Preparado a base de leche en polvo y café soluble","Nombre del operador: Nestlé España, S.A.","Dirección del operador: Avinguda Països Catalans, 51 - 08950 Esplugues de Llobregat (Barcelona)","Cantidad Neta: 160 g","Otras menciones obligatorias en la etiqueta: Envasado en atmósfera protectora."],"ingredients":[" Leche en polvo (73.7%), café soluble (24%), estabilizantes (fosfato dipotásico, citrato trisódico), emulgente (lecitina de soja)."],"conservation":" Conservar en lugar limpio, fresco y seco.","ean":"7613033174667"},{"full_name":"NESCAFE DOLCE GUSTO café cortado espresso Macchiatto 30 cápsulas estuche 189 g","name":"café cortado espresso Macchiatto 30 cápsulas estuche 189 g","brand":"NESCAFE DOLCE GUSTO ","img":"https://sgfm.elcorteingles.es/SGFM/dctm/MEDIA03/201704/06/00120604603017____1__600x600.jpg","price":"7,89 €","price_unit":"(41,75 € / Kilo)","categories":["Supermercado","Desayunos Dulces y pan","Desayunos, dulces y pan","Cafés y cacaos","Cafés y cacaos en monodosis","NESCAFE DOLCE GUSTO café cortado espresso Macchiatto 30 cápsulas estuche 189 g"],"general_information":["Denominación del alimento: Preparado a base de leche en polvo y café soluble","Nombre del operador: Nestlé España, S.A.","Dirección del operador: Avinguda Països Catalans, 51 - 08950 Esplugues de Llobregat (Barcelona)","Cantidad Neta: 189 g","Otras menciones obligatorias en la etiqueta: Envasado en atmósfera protectora."],"ingredients":[" Leche en polvo (61.8%), café soluble (36.5%), estabilizantes (fosfato de potasio, citrato de sodio), emulgente (lecitina de soja)."],"conservation":" Conservar en lugar limpio, fresco y seco.","ean":"7613034374264"},{"full_name":"NESCAFE DOLCE GUSTO café espresso Caramelo 16 cápsulas estuche 83,2 g","name":"café espresso Caramelo 16 cápsulas estuche 83,2 g","brand":"NESCAFE DOLCE GUSTO ","img":"https://sgfm.elcorteingles.es/SGFM/dctm/MEDIA03/201705/31/00120604603058____1__600x600.jpg","price":"4,99 €            ","price_unit":"(58,29 € / Kilo)","categories":["Supermercado","Desayunos Dulces y pan","Desayunos, dulces y pan","Cafés y cacaos","Cafés y cacaos en monodosis","NESCAFE DOLCE GUSTO café espresso Caramelo 16 cápsulas estuche 83,2 g"],"general_information":["Denominación del alimento: Preparado para bebida de café con sabor a caramelo","Nombre del operador: Nestlé España, S.A.","Dirección del operador: Avinguda Països Catalans, 51 - 08950 Esplugues de Llobregat (Barcelona)","Cantidad Neta: 83.2 g","Otras menciones obligatorias en la etiqueta: Envasado en atmósfera protectora."],"ingredients":[" Café molido de tueste natural, aroma natural."],"conservation":" Conservar en lugar limpio, fresco y seco.","ean":"7613032910914"},{"full_name":"NESCAFE DOLCE GUSTO café descaffeinato cortado 16 cápsulas estuche 99,2 g","name":"café descaffeinato cortado 16 cápsulas estuche 99,2 g","brand":"NESCAFE DOLCE GUSTO ","img":"https://sgfm.elcorteingles.es/SGFM/dctm/MEDIA03/201603/16/00120604600997____4__600x600.jpg","price":"4,25 €","price_unit":"(42,50 € / Kilo)","categories":["Supermercado","Desayunos Dulces y pan","Desayunos, dulces y pan","Cafés y cacaos","Cafés y cacaos en monodosis","NESCAFE DOLCE GUSTO café descaffeinato cortado 16 cápsulas estuche 99,2 g"],"general_information":["Denominación del alimento: Preparado a base de leche en polvo y café soluble descafeinado","Nombre del operador: Nestlé España, S.A.","Dirección del operador: Avinguda Països Catalans, 51 - 08950 Esplugues de Llobregat (Barcelona)","Cantidad Neta: 99.2 g","Otras menciones obligatorias en la etiqueta: Envasado en atmósfera protectora."],"ingredients":[" Leche en polvo (62.7%), café soluble descafeinado (35.5%), estabilizantes (fosfato dipotásico, citrato trisódico), emulgente (lecitina de soja)."],"conservation":" Conservar en lugar limpio, fresco y seco.","ean":"7613033494314"},{"full_name":"NESCAFE DOLCE GUSTO café espresso descaffeinato 100% arabica 16 cápsulas estuche 96 g","name":"café espresso descaffeinato 100% arabica 16 cápsulas estuche 96 g","brand":"NESCAFE DOLCE GUSTO ","img":"https://sgfm.elcorteingles.es/SGFM/dctm/MEDIA02/CONTENIDOS/201512/01/00120604602407____1__600x600.jpg","price":"4,85 €","price_unit":"(50,52 € / Kilo)","categories":["Supermercado","Desayunos Dulces y pan","Desayunos, dulces y pan","Cafés y cacaos","Cafés y cacaos en monodosis","NESCAFE DOLCE GUSTO café espresso descaffeinato 100% arabica 16 cápsulas estuche 96 g"],"general_information":["Denominación del alimento: Café molido de tueste natural descafeinado","Nombre del operador: NESTLÉ ESPAÑA, S.A.","Dirección del operador: Edificio Nestlé 08950 Esplugues de Llobregat (Barcelona) España","Cantidad Neta: 96 g","Número de raciones por envase: 16","Otras menciones obligatorias en la etiqueta: Envasado en atmósfera protectora"],"ingredients":[" Café molido de tueste natural descafeinado"],"conservation":" Conservar en lugar limpio, fresco y seco","ean":"7613035260658"},{"full_name":"NESCAFE DOLCE GUSTO café con leche decaffeinato 16 cápsulas estuche 160 g","name":"café con leche decaffeinato 16 cápsulas estuche 160 g","brand":"NESCAFE DOLCE GUSTO ","img":"https://sgfm.elcorteingles.es/SGFM/dctm/MEDIA03/201603/14/00120604602738____1__600x600.jpg","price":"4,25 €","price_unit":"(26,56 € / Kilo)","categories":["Supermercado","Desayunos Dulces y pan","Desayunos, dulces y pan","Cafés y cacaos","Cafés y cacaos en monodosis","NESCAFE DOLCE GUSTO café con leche decaffeinato 16 cápsulas estuche 160 g"],"general_information":["Denominación del alimento: Preparado a base de leche en polvo y café soluble descafeinado","Nombre del operador: Nestlé España, S.A.","Dirección del operador: Nestlé España, S.A. Edificio Nestlé 08950 Esplugues de Llobregat (Barcelona) España","Cantidad Neta: 160 g","Otras menciones obligatorias en la etiqueta: Envasado en atmósfera protectora"],"ingredients":[" Ingredientes: Leche en polvo (73,3%), café soluble (26%), estabilizantes (fosfatos de potasio, citratos de sodio), emulgente (lecitina de soja)."],"conservation":" Conservar en lugar limpio, fresco y seco","ean":"7613035397934"},{"full_name":"NESCAFE DOLCE GUSTO Chococino chocolate a la taza en cápsulas estuche 8 unidades + 8","name":"Chococino chocolate a la taza en cápsulas estuche 8 unidades","brand":"NESCAFE DOLCE GUSTO ","img":"https://sgfm.elcorteingles.es/SGFM/dctm/MEDIA03/201603/16/00120604600245____2__600x600.jpg","price":"4,25 €","price_unit":"(16,60 € / Kilo)","categories":["Supermercado","Desayunos Dulces y pan","Desayunos, dulces y pan","Cafés y cacaos","Cafés y cacaos en monodosis","NESCAFE DOLCE GUSTO Chococino chocolate a la taza en cápsulas estuche 8 unidades + 8"],"general_information":["Denominación del alimento: Chocolate en polvo y leche en polvo con azúcar.","País de origen: Reino Unido","Nombre del operador: Nestlé España, S.A.","Dirección del operador: Nestlé España, S.A., Edificio Nestle, 08950 Esplugues de Llobregat (Barcelona)","Cantidad Neta: 256 g"],"ingredients":[" Cápsula de leche: Leche en polvo (89,7%), azúcar (10,1%), emulgente (lecticina de soja).  Cápsula de chocolate: Chocolate en polvo (98,7%) (azúcar, cacao), emulgente (lecticina de soja), aroma natural, canela. Puede contener leche. Cacao: 32% mínimo en el chocolate en polvo."],"conservation":" Conservar en lugar limpio, fresco y seco. Envasado en atmósfera protectora.","ean":"7613035690639"},{"full_name":"NESCAFE DOLCE GUSTO Nesquik cacao en cápsulas estuche 16 unidades","name":"Nesquik cacao en cápsulas estuche 16 unidades","brand":"NESCAFE DOLCE GUSTO ","img":"https://sgfm.elcorteingles.es/SGFM/00/37/7/0120604600377/0120604600377000g01011.jpg","price":"4,85 €","price_unit":"(18,95 € / Kilo)","categories":["Supermercado","Desayunos Dulces y pan","Desayunos, dulces y pan","Cafés y cacaos","Cafés y cacaos en monodosis","NESCAFE DOLCE GUSTO Nesquik cacao en cápsulas estuche 16 unidades"],"general_information":["Denominación del alimento: Preparado alimenticio para bebida de leche y cacao con vitaminas y minerales.","Nombre del operador: Nestlé España, S.A.","Dirección del operador: Avinguda Països Catalans, 51 - 08950 Esplugues de Llobregat (Barcelona)","Cantidad Neta: 256 g"],"ingredients":[" Leche en polvo (46,1%), azúcar, cacao desgrasado (10,5%), leche desnatada en polvo, aromas, minerales (carbonato cálcico y carbonato magnésico), lactosa, grasa vegetal totalmente hidrogenada (coco), emulgente (lecitina de soja), sal, extracto de levadura, vitaminas (C, B1, ácido pantoténico, B6 ácido fólico), canela."],"conservation":" Conservar en lugar limpio, fresco y seco","ean":"7613033162183"},{"full_name":"L'OR ESPRESSO café Decaffeinato Intenso intensidad 9 compatible con Nespresso estuche 20 cápsulas","name":"café Decaffeinato Intenso intensidad 9 compatible con Nespresso estuche 20 cápsulas","brand":"L'OR ESPRESSO ","img":"https://sgfm.elcorteingles.es/SGFM/dctm/MEDIA03/201704/25/00120604602670____8__600x600.jpg","price":"6,60 €            ","price_unit":"(60,10 € / Kilo)","categories":["Supermercado","Desayunos Dulces y pan","Desayunos, dulces y pan","Cafés y cacaos","Cafés y cacaos en monodosis","L'OR ESPRESSO café Decaffeinato Intenso intensidad 9 compatible con Nespresso estuche 20 cápsulas"],"general_information":["Denominación del alimento: Café molido de tueste natural descafeinado en cápsulas","Nombre del operador: JACOBS DOUWE EGBERTS B.V","Dirección del operador: Oosterdoksstraat 80, 1011 DK Amsterdam The Netherlands","Cantidad Neta: 104 g"],"ingredients":[" Café molido de tueste natural descafeinado"],"conservation":" En lugar fresco y seco","ean":"8711000357453"},{"full_name":"L'OR ESPRESSO café Ristretto intensidad 10 compatible con Nesspreso estuche 20 cápsulas","name":"café Ristretto intensidad 10 compatible con Nesspreso estuche 20 cápsulas","brand":"L'OR ESPRESSO ","img":"https://sgfm.elcorteingles.es/SGFM/dctm/MEDIA03/201704/25/00120604602316____8__600x600.jpg","price":"6,60 €            ","price_unit":"(60,10 € / Kilo)","categories":["Supermercado","Desayunos Dulces y pan","Desayunos, dulces y pan","Cafés y cacaos","Cafés y cacaos en monodosis","L'OR ESPRESSO café Ristretto intensidad 10 compatible con Nesspreso estuche 20 cápsulas"],"general_information":["Denominación del alimento: Café molido de tueste natural en cápsulas","Nombre del operador: JACOBS DOUWE EGBERTS B.V","Dirección del operador: Oosterdoksstraat 80, 1011 DK Amsterdam The Netherlands","Cantidad Neta: 104 g"],"ingredients":[" Café molido de tueste natural"],"conservation":" En lugar fresco y seco","ean":"8711000357842"},{"full_name":"L'OR ESPRESSO café Onyx intensidad 12 compatible con Nesspreso estuche 20 cápsulas","name":"café Onyx intensidad 12 compatible con Nesspreso estuche 20 cápsulas","brand":"L'OR ESPRESSO ","img":"https://sgfm.elcorteingles.es/SGFM/dctm/MEDIA03/201704/25/00120604602688____8__600x600.jpg","price":"6,60 €            ","price_unit":"(60,10 € / Kilo)","categories":["Supermercado","Desayunos Dulces y pan","Desayunos, dulces y pan","Cafés y cacaos","Cafés y cacaos en monodosis","L'OR ESPRESSO café Onyx intensidad 12 compatible con Nesspreso estuche 20 cápsulas"],"general_information":[],"ingredients":[],"ean":"8711000366035"},{"full_name":"L'OR ESPRESSO café Delizioso intensidad 5 compatible con máquinas Nespresso estuche 10 cápsulas","name":"café Delizioso intensidad 5 compatible con máquinas Nespresso estuche 10 cápsulas","brand":"L'OR ESPRESSO ","img":"https://sgfm.elcorteingles.es/SGFM/dctm/MEDIA03/201704/25/00120604600468____9__600x600.jpg","price":"3,49 €            ","price_unit":"(64,62 € / Kilo)","categories":["Supermercado","Desayunos Dulces y pan","Desayunos, dulces y pan","Cafés y cacaos","Cafés y cacaos en monodosis","L'OR ESPRESSO café Delizioso intensidad 5 compatible con máquinas Nespresso estuche 10 cápsulas"],"general_information":["Denominación del alimento: Café molido de tueste natural en cápsulas","Nombre del operador: JACOBS DOUWE EGBERTS B.V","Dirección del operador: Oosterdoksstraat 80, 1011 DK Amsterdam The Netherlands","Cantidad Neta: 52 g"],"ingredients":[" Café molido de tueste natural"],"conservation":" En lugar fresco y seco","ean":"8711000357446"},{"full_name":"L'OR ESPRESSO Decaffeinato intensidad 6 compatible con máquinas Nespresso estuche 10 cápsulas","name":"Decaffeinato intensidad 6 compatible con máquinas Nespresso estuche 10 cápsulas","brand":"L'OR ESPRESSO ","img":"https://sgfm.elcorteingles.es/SGFM/dctm/MEDIA03/201704/25/00120604600476____10__600x600.jpg","price":"3,49 €            ","price_unit":"(67,20 € / Kilo)","categories":["Supermercado","Desayunos Dulces y pan","Desayunos, dulces y pan","Cafés y cacaos","Cafés y cacaos en monodosis","L'OR ESPRESSO Decaffeinato intensidad 6 compatible con máquinas Nespresso estuche 10 cápsulas"],"general_information":["Denominación del alimento: Café molido de tueste natural descafeinado en cápsulas","Nombre del operador: JACOBS DOUWE EGBERTS B.V","Dirección del operador: Oosterdoksstraat 80, 1011 DK Amsterdam The Netherlands","Cantidad Neta: 52 g"],"ingredients":[" Café molido de tueste natural descafeinado"],"conservation":" En lugar fresco y seco","ean":"8711000357514"},{"full_name":"L'OR ESPRESSO Sontuoso intensidad 8 compatible con máquinas Nespresso estuche 10 cápsulas","name":"Sontuoso intensidad 8 compatible con máquinas Nespresso estuche 10 cápsulas","brand":"L'OR ESPRESSO ","img":"https://sgfm.elcorteingles.es/SGFM/dctm/MEDIA03/201704/25/00120604600492____11__600x600.jpg","price":"3,49 €            ","price_unit":"(64,62 € / Kilo)","categories":["Supermercado","Desayunos Dulces y pan","Desayunos, dulces y pan","Cafés y cacaos","Cafés y cacaos en monodosis","L'OR ESPRESSO Sontuoso intensidad 8 compatible con máquinas Nespresso estuche 10 cápsulas"],"general_information":["Denominación del alimento: Café molido de tueste natural en cápsulas","Nombre del operador: JACOBS DOUWE EGBERTS B.V","Dirección del operador: Oosterdoksstraat 80, 1011 DK Amsterdam The Netherlands","Cantidad Neta: 52 g"],"ingredients":[" Café molido de tueste natural"],"conservation":" En lugar fresco y seco","ean":"8711000357477"},{"full_name":"L'OR ESPRESSO Splendente intensidad 7 compatible con máquinas Nespresso estuche 10 cápsulas","name":"Splendente intensidad 7 compatible con máquinas Nespresso estuche 10 cápsulas","brand":"L'OR ESPRESSO ","img":"https://sgfm.elcorteingles.es/SGFM/dctm/MEDIA03/201704/25/00120604600484____10__600x600.jpg","price":"3,49 €            ","price_unit":"(64,62 € / Kilo)","categories":["Supermercado","Desayunos Dulces y pan","Desayunos, dulces y pan","Cafés y cacaos","Cafés y cacaos en monodosis","L'OR ESPRESSO Splendente intensidad 7 compatible con máquinas Nespresso estuche 10 cápsulas"],"general_information":["Denominación del alimento: Café molido de tueste natural en cápsulas","Nombre del operador: JACOBS DOUWE EGBERTS B.V","Dirección del operador: Oosterdoksstraat 80, 1011 DK Amsterdam The Netherlands","Cantidad Neta: 52 g"],"ingredients":[" Café molido de tueste natural"],"conservation":" En lugar fresco y seco","ean":"8711000357460"},{"full_name":"L'OR ESPRESSO Lungo Profondo intensidad 8 compatible con máquinas Nespresso estuche 10 cápsulas","name":"Lungo Profondo intensidad 8 compatible con máquinas Nespresso estuche 10 cápsulas","brand":"L'OR ESPRESSO ","img":"https://sgfm.elcorteingles.es/SGFM/dctm/MEDIA03/201704/25/00120604600591____9__600x600.jpg","price":"3,49 €            ","price_unit":"(64,62 € / Kilo)","categories":["Supermercado","Desayunos Dulces y pan","Desayunos, dulces y pan","Cafés y cacaos","Cafés y cacaos en monodosis","L'OR ESPRESSO Lungo Profondo intensidad 8 compatible con máquinas Nespresso estuche 10 cápsulas"],"general_information":["Denominación del alimento: Café molido de tueste natural en cápsulas","Nombre del operador: JACOBS DOUWE EGBERTS B.V","Dirección del operador: Oosterdoksstraat 80, 1011 DK Amsterdam The Netherlands","Cantidad Neta: 52 g"],"ingredients":[" Café molido de tueste natural"],"conservation":" En lugar fresco y seco","ean":"8711000357552"},{"full_name":"L'OR ESPRESSO Decaffeinato Ristretto intensidad 9 compatible con máquinas Nespresso estuche 10 cápsulas","name":"Decaffeinato Ristretto intensidad 9 compatible con máquinas Nespresso estuche 10 cápsulas","brand":"L'OR ESPRESSO ","img":"https://sgfm.elcorteingles.es/SGFM/dctm/MEDIA03/201704/25/00120604600583____8__600x600.jpg","price":"3,39 €            ","price_unit":"(63,27 € / Kilo)","categories":["Supermercado","Desayunos Dulces y pan","Desayunos, dulces y pan","Cafés y cacaos","Cafés y cacaos en monodosis","L'OR ESPRESSO Decaffeinato Ristretto intensidad 9 compatible con máquinas Nespresso estuche 10 cápsulas"],"general_information":[],"ingredients":[],"ean":"8711000357521"},{"full_name":"L'OR ESPRESSO Forza intensidad 9 compatible con máquinas Nespresso estuche 10 cápsulas","name":"Forza intensidad 9 compatible con máquinas Nespresso estuche 10 cápsulas","brand":"L'OR ESPRESSO ","img":"https://sgfm.elcorteingles.es/SGFM/dctm/MEDIA03/201704/25/00120604600443____9__600x600.jpg","price":"3,49 €            ","price_unit":"(64,62 € / Kilo)","categories":["Supermercado","Desayunos Dulces y pan","Desayunos, dulces y pan","Cafés y cacaos","Cafés y cacaos en monodosis","L'OR ESPRESSO Forza intensidad 9 compatible con máquinas Nespresso estuche 10 cápsulas"],"general_information":["Denominación del alimento: Café molido de tueste natural en cápsulas","Nombre del operador: JACOBS DOUWE EGBERTS B.V","Dirección del operador: Oosterdoksstraat 80, 1011 DK Amsterdam The Netherlands","Cantidad Neta: 52 g"],"ingredients":[" Café molido de tueste natural"],"conservation":" En lugar fresco y seco","ean":"8711000357484"},{"full_name":"L'OR ESPRESSO Fortíssimo intensidad 10 compatible con máquinas Nespresso estuche 10 cápsulas","name":"Fortíssimo intensidad 10 compatible con máquinas Nespresso estuche 10 cápsulas","brand":"L'OR ESPRESSO ","img":"https://sgfm.elcorteingles.es/SGFM/dctm/MEDIA03/201704/25/00120604600575____10__600x600.jpg","price":"3,49 €            ","price_unit":"(64,62 € / Kilo)","categories":["Supermercado","Desayunos Dulces y pan","Desayunos, dulces y pan","Cafés y cacaos","Cafés y cacaos en monodosis","L'OR ESPRESSO Fortíssimo intensidad 10 compatible con máquinas Nespresso estuche 10 cápsulas"],"general_information":[],"ingredients":[],"ean":"8711000357507"},{"full_name":"L'OR ESPRESSO Ristretto intensidad 11 compatible con máquinas Nespresso estuche 10 cápsulas","name":"Ristretto intensidad 11 compatible con máquinas Nespresso estuche 10 cápsulas","brand":"L'OR ESPRESSO ","img":"https://sgfm.elcorteingles.es/SGFM/dctm/MEDIA03/201704/25/00120604601516____8__600x600.jpg","price":"3,39 €            ","price_unit":"(63,27 € / Kilo)","categories":["Supermercado","Desayunos Dulces y pan","Desayunos, dulces y pan","Cafés y cacaos","Cafés y cacaos en monodosis","L'OR ESPRESSO Ristretto intensidad 11 compatible con máquinas Nespresso estuche 10 cápsulas"],"general_information":["Denominación del alimento: Café molido de tueste natural en cápsulas","Nombre del operador: JACOBS DOUWE EGBERTS B.V","Dirección del operador: Oosterdoksstraat 80, 1011 DK Amsterdam The Netherlands","Cantidad Neta: 52 g"],"ingredients":[" Café molido de tueste natural"],"conservation":" En lugar fresco y seco","ean":"8711000357576"},{"full_name":"L'OR ESPRESSO café Colombia compatible con máquinas Nespresso estuche 10 cápsulas","name":"café Colombia compatible con máquinas Nespresso estuche 10 cápsulas","brand":"L'OR ESPRESSO ","img":"https://sgfm.elcorteingles.es/SGFM/dctm/MEDIA03/201704/25/00120604602662____8__600x600.jpg","price":"3,56 €            ","price_unit":"(64,62 € / Kilo)","categories":["Supermercado","Desayunos Dulces y pan","Desayunos, dulces y pan","Cafés y cacaos","Cafés y cacaos en monodosis","L'OR ESPRESSO café Colombia compatible con máquinas Nespresso estuche 10 cápsulas"],"general_information":["Denominación del alimento: Café molido de tueste natural en cápsulas","Nombre del operador: JACOBS DOUWE EGBERTS B.V","Dirección del operador: Oosterdoksstraat 80, 1011 DK Amsterdam The Netherlands","Cantidad Neta: 52 g"],"ingredients":[" Café molido de tueste natural. Café de Colombia: Indicación geográfica protegida (IGP)"],"conservation":" En lugar fresco y seco","ean":"8711000357613"},{"full_name":"L'OR ESPRESSO Onyx intensidad 12 compatible con máquinas Nespresso estuche 10 cápsulas","name":"Onyx intensidad 12 compatible con máquinas Nespresso estuche 10 cápsulas","brand":"L'OR ESPRESSO ","img":"https://sgfm.elcorteingles.es/SGFM/dctm/MEDIA03/201704/25/00120604601185____10__600x600.jpg","price":"3,49 €            ","price_unit":"(64,62 € / Kilo)","categories":["Supermercado","Desayunos Dulces y pan","Desayunos, dulces y pan","Cafés y cacaos","Cafés y cacaos en monodosis","L'OR ESPRESSO Onyx intensidad 12 compatible con máquinas Nespresso estuche 10 cápsulas"],"general_information":[],"ingredients":[],"ean":"8711000357583"},{"full_name":"MARCILLA café Espresso 12 Ristretto 20 cápsulas de aluminio compatibles con cafeteras Nespresso estuche 104 g","name":"café Espresso 12 Ristretto 20 cápsulas de aluminio compatibles con cafeteras Nespresso estuche 104 g","brand":"MARCILLA ","img":"https://sgfm.elcorteingles.es/SGFM/dctm/MEDIA03/201706/27/00120604602308____2__600x600.jpg","price":"5,09 €","price_unit":"(48,94 € / Kilo)","categories":["Supermercado","Desayunos Dulces y pan","Desayunos, dulces y pan","Cafés y cacaos","Cafés y cacaos en monodosis","MARCILLA café Espresso 12 Ristretto 20 cápsulas de aluminio compatibles con cafeteras Nespresso estuche 104 g"],"general_information":["Denominación del alimento: Café molido de tueste natural en cápsulas","Nombre del operador: JACOBS DOUWE EGBERTS B.V","Dirección del operador: Oosterdoksstraat 80, 1011 DK Amsterdam The Netherlands","Cantidad Neta: 104 g","Número de raciones por envase: 20"],"ingredients":[],"conservation":" En lugar fresco y seco","ean":"8711000371046"},{"full_name":"MARCILLA Espresso 10 Intenso 20 cápsulas de aluminio compatibles con cafeteras Nespresso estuche 104 g","name":"Espresso 10 Intenso 20 cápsulas de aluminio compatibles con cafeteras Nespresso estuche 104 g","brand":"MARCILLA ","img":"https://sgfm.elcorteingles.es/SGFM/dctm/MEDIA03/201706/27/00120604602290____2__600x600.jpg","price":"5,09 €","price_unit":"(48,94 € / Kilo)","categories":["Supermercado","Desayunos Dulces y pan","Desayunos, dulces y pan","Cafés y cacaos","Cafés y cacaos en monodosis","MARCILLA Espresso 10 Intenso 20 cápsulas de aluminio compatibles con cafeteras Nespresso estuche 104 g"],"general_information":[],"ingredients":[],"ean":"8711000371022"},{"full_name":"MARCILLA café Espresso 10 Intenso 10 cápsulas de aluminio compatibles con cafeteras Nespresso estuche 52 g","name":"café Espresso 10 Intenso 10 cápsulas de aluminio compatibles con cafeteras Nespresso estuche 52 g","brand":"MARCILLA ","img":"https://sgfm.elcorteingles.es/SGFM/dctm/MEDIA03/201706/27/00120604601730____1__600x600.jpg","price":"2,69 €","price_unit":"(51,73 € / Kilo)","categories":["Supermercado","Desayunos Dulces y pan","Desayunos, dulces y pan","Cafés y cacaos","Cafés y cacaos en monodosis","MARCILLA café Espresso 10 Intenso 10 cápsulas de aluminio compatibles con cafeteras Nespresso estuche 52 g"],"general_information":[],"ingredients":[],"ean":"8711000371015"},{"full_name":"MARCILLA café Espresso 6 descafeinado 10 cápsulas de aluminio compatibles con cafeteras Nesspreso estuche 52 g","name":"café Espresso 6 descafeinado 10 cápsulas de aluminio compatibles con cafeteras Nesspreso estuche 52 g","brand":"MARCILLA ","img":"https://sgfm.elcorteingles.es/SGFM/dctm/MEDIA03/201706/27/00120604601722____6__600x600.jpg","price":"2,69 €","price_unit":"(51,73 € / Kilo)","categories":["Supermercado","Desayunos Dulces y pan","Desayunos, dulces y pan","Cafés y cacaos","Cafés y cacaos en monodosis","MARCILLA café Espresso 6 descafeinado 10 cápsulas de aluminio compatibles con cafeteras Nesspreso estuche 52 g"],"general_information":["Denominación del alimento: Café molido de tueste natural descafeinado en cápsulas","Nombre del operador: JACOBS DOUWE EGBERTS B.V","Dirección del operador: Oosterdoksstraat 80, 1011 DK Amsterdam The Netherlands","Cantidad Neta: 52 g","Número de raciones por envase: 10"],"ingredients":[],"conservation":" En lugar fresco y seco","ean":"8711000371053"},{"full_name":"MARCILLA café Espresso 7 clásico 10 cápsulas de aluminio compatibles con cafeteras Nespresso estuche 52 g","name":"café Espresso 7 clásico 10 cápsulas de aluminio compatibles con cafeteras Nespresso estuche 52 g","brand":"MARCILLA ","img":"https://sgfm.elcorteingles.es/SGFM/dctm/MEDIA03/201706/27/00120604601748____1__600x600.jpg","price":"2,69 €","price_unit":"(51,73 € / Kilo)","categories":["Supermercado","Desayunos Dulces y pan","Desayunos, dulces y pan","Cafés y cacaos","Cafés y cacaos en monodosis","MARCILLA café Espresso 7 clásico 10 cápsulas de aluminio compatibles con cafeteras Nespresso estuche 52 g"],"general_information":[],"ingredients":[],"ean":"8711000371008"},{"full_name":"MARCILLA café Espresso 12 Ristretto 10 cápsulas de aluminio compatibles con cafeteras Nespresso estuche 52 g","name":"café Espresso 12 Ristretto 10 cápsulas de aluminio compatibles con cafeteras Nespresso estuche 52 g","brand":"MARCILLA ","img":"https://sgfm.elcorteingles.es/SGFM/dctm/MEDIA03/201706/27/00120604602027____8__600x600.jpg","price":"2,69 €","price_unit":"(51,73 € / Kilo)","categories":["Supermercado","Desayunos Dulces y pan","Desayunos, dulces y pan","Cafés y cacaos","Cafés y cacaos en monodosis","MARCILLA café Espresso 12 Ristretto 10 cápsulas de aluminio compatibles con cafeteras Nespresso estuche 52 g"],"general_information":["Denominación del alimento: Café molido de tueste natural en cápsulas","Nombre del operador: JACOBS DOUWE EGBERTS B.V","Dirección del operador: Oosterdoksstraat 80, 1011 DK Amsterdam The Netherlands","Cantidad Neta: 52 g","Número de raciones por envase: 10"],"ingredients":[],"conservation":" En lugar fresco y seco","ean":"8711000371039"},{"full_name":"TASSIMO L'OR ESPRESSO café Forza 16 cápsulas intensidad 9 estuche 96 g","name":"café Forza 16 cápsulas intensidad 9 estuche 96 g","brand":"TASSIMO L'OR ESPRESSO ","img":"https://sgfm.elcorteingles.es/SGFM/dctm/MEDIA03/201610/21/00120604601201____1__600x600.jpg","price":"5,29 €","price_unit":"(55,10 € / Kilo)","categories":["Supermercado","Desayunos Dulces y pan","Desayunos, dulces y pan","Cafés y cacaos","Cafés y cacaos en monodosis","TASSIMO L'OR ESPRESSO café Forza 16 cápsulas intensidad 9 estuche 96 g"],"general_information":["Denominación del alimento: Café molido de tueste natural.","Nombre del operador: JACOBS DOUWE EGBERTS B.V.","Dirección del operador: Oosterdoksstraat 80, 1011 DK Amsterdam The Netherlands","Cantidad Neta: 0.096 Kilogramos","Número de raciones por envase: 16","Otras menciones obligatorias en la etiqueta: Envasado en atmósfera protectora."],"ingredients":[],"conservation":" Conservar en un lugar fresco y seco.","ean":"8711000351611"},{"full_name":"TASSIMO L'OR ESPRESSO café Lungo Profondo 16 cápsulas intensidad 8 estuche 128 g","name":"café Lungo Profondo 16 cápsulas intensidad 8 estuche 128 g","brand":"TASSIMO L'OR ESPRESSO ","img":"https://sgfm.elcorteingles.es/SGFM/dctm/MEDIA03/201610/14/00120604602845____1__600x600.jpg","price":"5,29 €","price_unit":"(41,33 € / Kilo)","categories":["Supermercado","Desayunos Dulces y pan","Desayunos, dulces y pan","Cafés y cacaos","Cafés y cacaos en monodosis","TASSIMO L'OR ESPRESSO café Lungo Profondo 16 cápsulas intensidad 8 estuche 128 g"],"general_information":["Denominación del alimento: Café molido de tueste natural.","Nombre del operador: JACOBS DOUWE EGBERTS B.V.","Dirección del operador: Oosterdoksstraat 80, 1011 DK Amsterdam The Netherlands","Cantidad Neta: 0.128 Kilogramos","Número de raciones por envase: 16","Otras menciones obligatorias en la etiqueta: Envasado en atmósfera protectora."],"ingredients":[],"conservation":" Conservar en un lugar fresco y seco.","ean":"8711000363737"},{"full_name":"TASSIMO L'OR ESPRESSO café splendente 16 cápsulas intensidad 7 estuche 112 g","name":"café splendente 16 cápsulas intensidad 7 estuche 112 g","brand":"TASSIMO L'OR ESPRESSO ","img":"https://sgfm.elcorteingles.es/SGFM/dctm/MEDIA03/201610/14/00120604602811____1__600x600.jpg","price":"5,29 €","price_unit":"(47,23 € / Kilo)","categories":["Supermercado","Desayunos Dulces y pan","Desayunos, dulces y pan","Cafés y cacaos","Cafés y cacaos en monodosis","TASSIMO L'OR ESPRESSO café splendente 16 cápsulas intensidad 7 estuche 112 g"],"general_information":["Denominación del alimento: Café molido de tueste natural.","Nombre del operador: JACOBS DOUWE EGBERTS B.V.","Dirección del operador: Oosterdoksstraat 80, 1011 DK Amsterdam The Netherlands","Cantidad Neta: 0.112 Kilogramos","Número de raciones por envase: 16","Otras menciones obligatorias en la etiqueta: Envasado en atmósfera protectora."],"ingredients":[],"conservation":" Conservar en un lugar fresco y seco.","ean":"8711000520031"},{"full_name":"TASSIMO L'OR ESPRESSO café espresso fortíssimo 16 cápsulas intensidad 10 estuche 125 g","name":"café espresso fortíssimo 16 cápsulas intensidad 10 estuche 125 g","brand":"TASSIMO L'OR ESPRESSO ","img":"https://sgfm.elcorteingles.es/SGFM/dctm/MEDIA03/201610/28/00120604600013____11__600x600.jpg","price":"5,29 €","price_unit":"(42,32 € / Kilo)","categories":["Supermercado","Desayunos Dulces y pan","Desayunos, dulces y pan","Cafés y cacaos","Cafés y cacaos en monodosis","TASSIMO L'OR ESPRESSO café espresso fortíssimo 16 cápsulas intensidad 10 estuche 125 g"],"general_information":["Denominación del alimento: Café molido de tueste natural.","Nombre del operador: JACOBS DOUWE EGBERTS B.V.","Dirección del operador: Oosterdoksstraat 80, 1011 DK Amsterdam The Netherlands","Cantidad Neta: 124.8 g","Número de raciones por envase: 16","Otras menciones obligatorias en la etiqueta: Envasado en atmósfera protectora."],"ingredients":[],"conservation":" Conservar en un lugar fresco y seco.","ean":"8711000351642"},{"full_name":"TASSIMO L'OR ESPRESSO café Cappuccino 8 cápsulas estuche 267 g","name":"café Cappuccino 8 cápsulas estuche 267 g","brand":"TASSIMO L'OR ESPRESSO ","img":"https://sgfm.elcorteingles.es/SGFM/dctm/MEDIA03/201610/21/00120604600039____3__600x600.jpg","price":"5,29 €","price_unit":"(19,81 € / Kilo)","categories":["Supermercado","Desayunos Dulces y pan","Desayunos, dulces y pan","Cafés y cacaos","Cafés y cacaos en monodosis","TASSIMO L'OR ESPRESSO café Cappuccino 8 cápsulas estuche 267 g"],"general_information":["Denominación del alimento: 8 T DISC Café molido de tueste natural y 8 T DISC producto lácteo concentrado y azucarado.","País de origen: Alemania","Nombre del operador: Mondelez España Commercial, S.L.","Dirección del operador: C/Eucalipto, 25  - 28016 Madrid,  España","Cantidad Neta: 267.2 g"],"ingredients":[" Ingredientes: Café molido de tueste natural. Especialidad LÁCTEA: Producto LÁCTEO procedente de LECHE entera ultrafiltrada (84 %), agua, azúcar (7.5%), sal, corrector de acidez (E339).Envasado en atmósfera protectora."],"ean":"7622300477677"},{"full_name":"TASSIMO Marcilla café espresso 16 cápsulas estuche 118,4 g","name":"Marcilla café espresso 16 cápsulas estuche 118,4 g","brand":"TASSIMO ","img":"https://sgfm.elcorteingles.es/SGFM/dctm/MEDIA03/201610/14/00120604602829____1__600x600.jpg","price":"4,39 €","price_unit":"(37,08 € / Kilo)","categories":["Supermercado","Desayunos Dulces y pan","Desayunos, dulces y pan","Cafés y cacaos","Cafés y cacaos en monodosis","TASSIMO Marcilla café espresso 16 cápsulas estuche 118,4 g"],"general_information":["Denominación del alimento: Café molido de tueste natural.","Nombre del operador: JACOBS DOUWE EGBERTS B.V.","Dirección del operador: Oosterdoksstraat 80, 1011 DK Amsterdam The Netherlands","Cantidad Neta: 118.4 g","Número de raciones por envase: 16","Otras menciones obligatorias en la etiqueta: Envasado en atmósfera protectora."],"ingredients":[],"conservation":" Conservar en un lugar fresco y seco.","ean":"8711000501009"},{"full_name":"TASSIMO Marcilla café largo 16 cápsulas estuche 132,8 g","name":"Marcilla café largo 16 cápsulas estuche 132,8 g","brand":"TASSIMO ","img":"https://sgfm.elcorteingles.es/SGFM/dctm/MEDIA03/201610/14/00120604602837____1__600x600.jpg","price":"4,39 €","price_unit":"(33,06 € / Kilo)","categories":["Supermercado","Desayunos Dulces y pan","Desayunos, dulces y pan","Cafés y cacaos","Cafés y cacaos en monodosis","TASSIMO Marcilla café largo 16 cápsulas estuche 132,8 g"],"general_information":["Denominación del alimento: Café molido de tueste natural.","Nombre del operador: JACOBS DOUWE EGBERTS B.V.","Dirección del operador: Oosterdoksstraat 80, 1011 DK Amsterdam The Netherlands","Cantidad Neta: 132.8 g","Número de raciones por envase: 16","Otras menciones obligatorias en la etiqueta: Envasado en atmósfera protectora."],"ingredients":[],"conservation":" Conservar en un lugar fresco y seco.","ean":"8711000500613"},{"full_name":"TASSIMO Marcilla café con leche 16 cápsulas estuche 184 g","name":"Marcilla café con leche 16 cápsulas estuche 184 g","brand":"TASSIMO ","img":"https://sgfm.elcorteingles.es/SGFM/dctm/MEDIA03/201610/21/00120604602282____2__600x600.jpg","price":"4,51 €","price_unit":"(24,51 € / Kilo)","categories":["Supermercado","Desayunos Dulces y pan","Desayunos, dulces y pan","Cafés y cacaos","Cafés y cacaos en monodosis","TASSIMO Marcilla café con leche 16 cápsulas estuche 184 g"],"general_information":[],"ingredients":[],"ean":"8711000502518"},{"full_name":"TASSIMO Marcilla café descafeinado 16 cápsulas estuche 118 g","name":"Marcilla café descafeinado 16 cápsulas estuche 118 g","brand":"TASSIMO ","img":"https://sgfm.elcorteingles.es/SGFM/dctm/MEDIA03/201610/21/00120604600021____5__600x600.jpg","price":"4,39 €","price_unit":"(37,20 € / Kilo)","categories":["Supermercado","Desayunos Dulces y pan","Desayunos, dulces y pan","Cafés y cacaos","Cafés y cacaos en monodosis","TASSIMO Marcilla café descafeinado 16 cápsulas estuche 118 g"],"general_information":["Denominación del alimento: Café molido de tueste natural descafeinado.","País de origen: Alemania","Nombre del operador: Mondelez España Commercial, S.L.","Dirección del operador: C/Eucalipto, 25  - 28016 Madrid,  España","Cantidad Neta: 118 g"],"ingredients":[" Envasado en atmósfera protectora."],"ean":"7622300322151"},{"full_name":"TASSIMO L'OR ESPRESSO café Latte Macchiato 8 cápsulas estuche 267 g","name":"café Latte Macchiato 8 cápsulas estuche 267 g","brand":"TASSIMO L'OR ESPRESSO ","img":"https://sgfm.elcorteingles.es/SGFM/dctm/MEDIA03/201610/21/00120604600054____3__600x600.jpg","price":"5,29 €","price_unit":"(19,81 € / Kilo)","categories":["Supermercado","Desayunos Dulces y pan","Desayunos, dulces y pan","Cafés y cacaos","Cafés y cacaos en monodosis","TASSIMO L'OR ESPRESSO café Latte Macchiato 8 cápsulas estuche 267 g"],"general_information":["Denominación del alimento: 8 T-DISCs café molido de tueste natural y 8 T-DISCs nata concentrada ultrafiltrada con azúcar para bebida a base de café","Nombre del operador: JACOBS DOUWE EGBERTS B.V.","Dirección del operador: Oosterdoksstraat 80, 1011 DK Amsterdam The Netherlands","Cantidad Neta: 267.2 g","Número de raciones por envase: 8","Otras menciones obligatorias en la etiqueta: Envasado en atmósfera protectora."],"ingredients":[" Ingredientes: Nata (de leche) (45%), café molido de tueste natural (22%), azúcar (20%), proteínas de leche, agua, sal, minerales de leche, espesante (E414), corrector de acidez (E331)."],"conservation":" Conservar en un lugar fresco y seco. Proteger de la luz.","ean":"8711000363676"},{"full_name":"TASSIMO chocolate Milka 8 cápsulas + 8 cápsulas de leche estuche 240 g","name":"chocolate Milka 8 cápsulas + 8 cápsulas de leche estuche 240 g","brand":"TASSIMO ","img":"https://sgfm.elcorteingles.es/SGFM/dctm/MEDIA03/201702/21/00120604600047____3__600x600.jpg","price":"5,29 €","price_unit":"(22,04 € / Kilo)","categories":["Supermercado","Desayunos Dulces y pan","Desayunos, dulces y pan","Cafés y cacaos","Cafés y cacaos en monodosis","TASSIMO chocolate Milka 8 cápsulas + 8 cápsulas de leche estuche 240 g"],"general_information":["Denominación del alimento: Producto en polvo para bebida con cacao, leche desnatada y azúcar","Nombre del operador: JACOBS DOUWE EGBERTS B.V.","Dirección del operador: Oosterdoksstraat 80, 1011 DK Amsterdam The Netherlands","Cantidad Neta: 0.24 Kilogramos","Número de raciones por envase: 8","Otras menciones obligatorias en la etiqueta: Envasado en atmósfera protectora."],"ingredients":[" Ingredientes: Azúcar, leche desnatada en polvo (22%), leche en polvo, cacao desgrasado en polvo (9%), jarabe de glucosa, suero de leche en polvo, manteca de coco totalmente hidrogenada, sal, aromas, proteínas de leche, estabilizador (E340), antiaglomerante (E551), emulgentes (E471, E433, lecitina de soja)"],"conservation":" Conservar en un lugar fresco y seco. Proteger de la luz.","ean":"8711000500583"},{"full_name":"TASSIMO L'OR ESPRESSO café decafeinatto 16 cápsulas intensidad 4 estuche 105,6 g","name":"café decafeinatto 16 cápsulas intensidad 4 estuche 105,6 g","brand":"TASSIMO L'OR ESPRESSO ","img":"https://sgfm.elcorteingles.es/SGFM/dctm/MEDIA03/201610/18/00200204602551____6__600x600.jpg","price":"5,29 €","price_unit":"(50,09 € / Kilo)","categories":["Supermercado","Desayunos Dulces y pan","Desayunos, dulces y pan","Cafés y cacaos","Cafés y cacaos en monodosis","TASSIMO L'OR ESPRESSO café decafeinatto 16 cápsulas intensidad 4 estuche 105,6 g"],"general_information":["Denominación del alimento: Café molido de tueste natural descafeinado.","Nombre del operador: JACOBS DOUWE EGBERTS B.V.","Dirección del operador: Oosterdoksstraat 80, 1011 DK Amsterdam The Netherlands","Cantidad Neta: 105.6 g","Número de raciones por envase: 16","Otras menciones obligatorias en la etiqueta: Envasado en atmósfera protectora."],"ingredients":[],"conservation":" Conservar en un lugar fresco y seco.","ean":"8711000520093"},{"full_name":"OQUENDO Furore café tueste natural 10 cápsulas compatibles con máquinas Nespresso estuche 50 g","name":"Furore café tueste natural 10 cápsulas compatibles con máquinas Nespresso estuche 50 g","brand":"OQUENDO ","img":"https://sgfm.elcorteingles.es/SGFM/dctm/MEDIA02/CONTENIDOS/201410/17/00120604600757____1__600x600.jpg","price":"2,89 €","price_unit":"(57,80 € / Kilo)","categories":["Supermercado","Desayunos Dulces y pan","Desayunos, dulces y pan","Cafés y cacaos","Cafés y cacaos en monodosis","OQUENDO Furore café tueste natural 10 cápsulas compatibles con máquinas Nespresso estuche 50 g"],"general_information":["Denominación del alimento: Café molido de tueste natural","Nombre del operador: Fast Eurocafe S.A.","Dirección del operador: 33192)","Cantidad Neta: 50 g","Número de raciones por envase: 10","Otras menciones obligatorias en la etiqueta: Producto envasado en atmósfera protectora"],"ingredients":[" Café"],"conservation":" Conservar en lugar fesco y seco","ean":"8412956010101"},{"full_name":"YAUCO café natural 10 cápsulas compatible con máquinas Nespresso estuche 50 g","name":"café natural 10 cápsulas compatible con máquinas Nespresso estuche 50 g","brand":"YAUCO ","img":"https://sgfm.elcorteingles.es/SGFM/dctm/MEDIA03/201612/28/00120604601755____9__600x600.jpg","price":"1,99 €","price_unit":"(39,80 € / Kilo)","categories":["Supermercado","Desayunos Dulces y pan","Desayunos, dulces y pan","Cafés y cacaos","Cafés y cacaos en monodosis","YAUCO café natural 10 cápsulas compatible con máquinas Nespresso estuche 50 g"],"general_information":["Denominación del alimento: Café molido de tueste natural","Nombre del operador: INDUSTRIA DE CAFE DEL NORTE S.A.","Dirección del operador: Portal de Gamarra 41, 01013 Vitoria (Alava)","Cantidad Neta: 0.05 Kilogramos","Número de raciones por envase: 10"],"ingredients":[" Café"],"conservation":"Modo de empleo: Uso en cafeteras Nespresso. Preparar el café siguiendo las instrucciones de su cafetera","ean":"8437013346108"},{"full_name":"YAUCO café natural intenso 10 cápsulas compatible con máquinas Nespresso estuche 50 g","name":"café natural intenso 10 cápsulas compatible con máquinas Nespresso estuche 50 g","brand":"YAUCO ","img":"https://sgfm.elcorteingles.es/SGFM/dctm/MEDIA03/201612/28/00120604601763____9__600x600.jpg","price":"1,99 €","price_unit":"(39,80 € / Kilo)","categories":["Supermercado","Desayunos Dulces y pan","Desayunos, dulces y pan","Cafés y cacaos","Cafés y cacaos en monodosis","YAUCO café natural intenso 10 cápsulas compatible con máquinas Nespresso estuche 50 g"],"general_information":["Denominación del alimento: Café molido de tueste natural","Nombre del operador: INDUSTRIA DE CAFE DEL NORTE S.A.","Dirección del operador: Portal de Gamarra 41, 01013 Vitoria (Alava)","Cantidad Neta: 0.05 Kilogramos","Número de raciones por envase: 10"],"ingredients":[" Café"],"conservation":"Modo de empleo: Uso en cafeteras Nespresso. Preparar el café siguiendo las instrucciones de su cafetera","ean":"8437013346115"},{"full_name":"OQUENDO Placidezza café tueste natural descafeinado 10 cápsulas compatibles con máquinas Nespresso estuche 50 g","name":"Placidezza café tueste natural descafeinado 10 cápsulas compatibles con máquinas Nespresso estuche 50 g","brand":"OQUENDO ","img":"https://sgfm.elcorteingles.es/SGFM/00/77/3/0120604600773/0120604600773000g01011.jpg","price":"2,89 €","price_unit":"(57,80 € / Kilo)","categories":["Supermercado","Desayunos Dulces y pan","Desayunos, dulces y pan","Cafés y cacaos","Cafés y cacaos en monodosis","OQUENDO Placidezza café tueste natural descafeinado 10 cápsulas compatibles con máquinas Nespresso estuche 50 g"],"general_information":["Denominación del alimento: Café molido de tueste natural descafeinado","Nombre del operador: Fast Eurocafe S.A.","Dirección del operador: 33192)","Cantidad Neta: 50 g","Número de raciones por envase: 10","Otras menciones obligatorias en la etiqueta: Producto envasado en atmósfera protectora"],"ingredients":[" Café descafeinado"],"conservation":" Conservar en lugar fesco y seco","ean":"8412956010118"},{"full_name":"OQUENDO Grandes Orígenes Brasil café 10 cápsulas compatible con máquinas Nespresso estuche 85 g","name":"Grandes Orígenes Brasil café 10 cápsulas compatible con máquinas Nespresso estuche 85 g","brand":"OQUENDO ","img":"https://sgfm.elcorteingles.es/SGFM/01/55/7/0120604601557/0120604601557000g01011.jpg","price":"3,30 €","price_unit":"(38,82 € / Kilo)","categories":["Supermercado","Desayunos Dulces y pan","Desayunos, dulces y pan","Cafés y cacaos","Cafés y cacaos en monodosis","OQUENDO Grandes Orígenes Brasil café 10 cápsulas compatible con máquinas Nespresso estuche 85 g"],"general_information":["Denominación del alimento: Café molido de tueste natural","Nombre del operador: Fast Eurocafe S.A.","Dirección del operador: 33192)","Cantidad Neta: 50 g","Número de raciones por envase: 10","Otras menciones obligatorias en la etiqueta: Producto envasado en atmósfera protectora"],"ingredients":[" Café de Brasil"],"conservation":" Conservar en lugar fesco y seco","ean":"8412956011481"},{"full_name":"YAUCO café mezcla 10 cápsulas compatible con máquinas Nespresso estuche 50 g","name":"café mezcla 10 cápsulas compatible con máquinas Nespresso estuche 50 g","brand":"YAUCO ","img":"https://sgfm.elcorteingles.es/SGFM/dctm/MEDIA03/201612/28/00120604601771____10__600x600.jpg","price":"1,99 €","price_unit":"(39,80 € / Kilo)","categories":["Supermercado","Desayunos Dulces y pan","Desayunos, dulces y pan","Cafés y cacaos","Cafés y cacaos en monodosis","YAUCO café mezcla 10 cápsulas compatible con máquinas Nespresso estuche 50 g"],"general_information":["Denominación del alimento: Café molido mezcla. Tueste natural 50% y torrefacto 50%","Nombre del operador: INDUSTRIAS DE CAFE DEL NORTE S.A.","Dirección del operador: Portal de Gamarra 41, 01013 Vitoria (Alava)","Cantidad Neta: 0.05 Kilogramos","Número de raciones por envase: 10"],"ingredients":[" Café, azúcar"],"conservation":"Modo de empleo: Uso en cafeteras Nespresso. Preparar el café siguiendo las instrucciones de su cafetera","ean":"8437013346122"},{"full_name":"YAUCO café Brazil 10 cápsulas compatible con máquinas Nespresso estuche 50 g","name":"café Brazil 10 cápsulas compatible con máquinas Nespresso estuche 50 g","brand":"YAUCO ","img":"https://sgfm.elcorteingles.es/SGFM/dctm/MEDIA03/201612/28/00120604602654____9__600x600.jpg","price":"2,19 €","price_unit":"(43,80 € / Kilo)","categories":["Supermercado","Desayunos Dulces y pan","Desayunos, dulces y pan","Cafés y cacaos","Cafés y cacaos en monodosis","YAUCO café Brazil 10 cápsulas compatible con máquinas Nespresso estuche 50 g"],"general_information":[],"ingredients":[],"ean":"8437013107105"},{"full_name":"YAUCO café Colombia 10 cápsulas compatible con máquinas Nespresso estuche 50 g","name":"café Colombia 10 cápsulas compatible con máquinas Nespresso estuche 50 g","brand":"YAUCO ","img":"https://sgfm.elcorteingles.es/SGFM/dctm/MEDIA03/201612/28/00120604601797____9__600x600.jpg","price":"1,99 €","price_unit":"(39,80 € / Kilo)","categories":["Supermercado","Desayunos Dulces y pan","Desayunos, dulces y pan","Cafés y cacaos","Cafés y cacaos en monodosis","YAUCO café Colombia 10 cápsulas compatible con máquinas Nespresso estuche 50 g"],"general_information":["Denominación del alimento: Café molido de tueste natural","País de origen: Colombia","Nombre del operador: INDUSTRIA DE CAFE DEL NORTE S.A.","Dirección del operador: Portal de Gamarra 41, 01013 Vitoria (Alava)","Lugar de procedencia del alimento: Colombia","Cantidad Neta: 0.05 Kilogramos","Número de raciones por envase: 10"],"ingredients":[" Café"],"conservation":"Modo de empleo: Uso en cafeteras Nespresso. Preparar el café siguiendo las instrucciones de su cafetera","ean":"8437013346146"},{"full_name":"YAUCO café descafeinado 10 cápsulas compatible con máquinas Nespresso estuche 50 g","name":"café descafeinado 10 cápsulas compatible con máquinas Nespresso estuche 50 g","brand":"YAUCO ","img":"https://sgfm.elcorteingles.es/SGFM/dctm/MEDIA03/201612/28/00120604601789____9__600x600.jpg","price":"1,99 €","price_unit":"(39,80 € / Kilo)","categories":["Supermercado","Desayunos Dulces y pan","Desayunos, dulces y pan","Cafés y cacaos","Cafés y cacaos en monodosis","YAUCO café descafeinado 10 cápsulas compatible con máquinas Nespresso estuche 50 g"],"general_information":["Denominación del alimento: Café molido de tueste natural descafeinado","Nombre del operador: INDUSTRIA DE CAFE DEL NORTE S.A.","Dirección del operador: Portal de Gamarra 41, 01013 Vitoria (Alava)","Cantidad Neta: 0.05 Kilogramos","Número de raciones por envase: 10"],"ingredients":[" Café descafeinado"],"conservation":"Modo de empleo: Uso en cafeteras Nespresso. Preparar el café siguiendo las instrucciones de su cafetera","ean":"8437013346139"},{"full_name":"VIAGGIO Espresso Ristreto 01 café italiano intensidad 11 compatible con máquinas Nespresso caja 10 cápsulas","name":"Espresso Ristreto 01 café italiano intensidad 11 compatible con máquinas Nespresso caja 10 cápsulas","brand":"VIAGGIO ","img":"https://sgfm.elcorteingles.es/SGFM/dctm/MEDIA03/201705/12/00120604601961____2__600x600.jpg","price":"3,07 €","price_unit":"(55,82 € / Kilo)","categories":["Supermercado","Desayunos Dulces y pan","Desayunos, dulces y pan","Cafés y cacaos","Cafés y cacaos en monodosis","VIAGGIO Espresso Ristreto 01 café italiano intensidad 11 compatible con máquinas Nespresso caja 10 cápsulas"],"general_information":["Denominación del alimento: Café molido.","Nombre del operador: Balnes Europe, SL","Dirección del operador: Carrer Can Pobla Nº 6 - Poligono Industrial Can Roqueta - 08202 Sabadell - Barcelona","Cantidad Neta: 55 g","Otras menciones obligatorias en la etiqueta: Café molido, envasado en cápsulas reciclables, compatibles con maquinas de cafe nespresso® modelo essenza, pixie, citiz, latissima, u®, inicia y modelos anteriores ya descatalogados (le cube delonghi, krups titanium, entre otros). No contiene Gluten. Sin conservantes, sin azúcares ni aromatizantes añadidos."],"ingredients":[" 100% Café Molido de Tueste Natural."],"conservation":" Conservar en lugar fresco y seco.","ean":"8437013660006"},{"full_name":"VIAGGIO Espresso Intenso 02 café italiano intensidad 12 compatible con máquinas Nespresso caja 10 cápsulas","name":"Espresso Intenso 02 café italiano intensidad 12 compatible con máquinas Nespresso caja 10 cápsulas","brand":"VIAGGIO ","img":"https://sgfm.elcorteingles.es/SGFM/dctm/MEDIA03/201705/12/00120604601979____2__600x600.jpg","price":"3,21 €            ","price_unit":"(55,82 € / Kilo)","categories":["Supermercado","Desayunos Dulces y pan","Desayunos, dulces y pan","Cafés y cacaos","Cafés y cacaos en monodosis","VIAGGIO Espresso Intenso 02 café italiano intensidad 12 compatible con máquinas Nespresso caja 10 cápsulas"],"general_information":["Denominación del alimento: Café molido.","Nombre del operador: Balnes Europe, SL","Dirección del operador: Carrer Can Pobla Nº 6 - Poligono Industrial Can Roqueta - 08202 Sabadell - Barcelona","Cantidad Neta: 55 g","Otras menciones obligatorias en la etiqueta: Café molido, envasado en cápsulas reciclables, compatibles con maquinas de cafe nespresso® modelo essenza, pixie, citiz, latissima, u®, inicia y modelos anteriores ya descatalogados (le cube delonghi, krups titanium, entre otros). No contiene Gluten. Sin conservantes, sin azúcares ni aromatizantes añadidos."],"ingredients":[" 100% Café Molido de Tueste Natural."],"conservation":" Conservar en lugar fresco y seco.","ean":"8437013660013"},{"full_name":"VIAGGIO Espresso 04 café espresso italiano intensidad 8 compatible con máquinas Nespresso caja 10 cápsulas","name":"Espresso 04 café espresso italiano intensidad 8 compatible con máquinas Nespresso caja 10 cápsulas","brand":"VIAGGIO ","img":"https://sgfm.elcorteingles.es/SGFM/dctm/MEDIA03/201705/12/00120604601995____2__600x600.jpg","price":"3,24 €            ","price_unit":"(56,85 € / Kilo)","categories":["Supermercado","Desayunos Dulces y pan","Desayunos, dulces y pan","Cafés y cacaos","Cafés y cacaos en monodosis","VIAGGIO Espresso 04 café espresso italiano intensidad 8 compatible con máquinas Nespresso caja 10 cápsulas"],"general_information":["Denominación del alimento: Café molido.","Nombre del operador: Balnes Europe, SL","Dirección del operador: Carrer Can Pobla Nº 6 - Poligono Industrial Can Roqueta - 08202 Sabadell - Barcelona","Cantidad Neta: 54 g","Otras menciones obligatorias en la etiqueta: Café molido, envasado en cápsulas reciclables, compatibles con maquinas de cafe nespresso® modelo essenza, pixie, citiz, latissima, u®, inicia y modelos anteriores ya descatalogados (le cube delonghi, krups titanium, entre otros). No contiene Gluten. Sin conservantes, sin azúcares ni aromatizantes añadidos."],"ingredients":[" 100% Café Molido de Tueste Natural."],"conservation":" Conservar en lugar fresco y seco.","ean":"8437013660037"},{"full_name":"VIAGGIO Espresso Vainilla café italiano intensidad 8 compatible con máquinas Nespresso caja 10 cápsulas","name":"Espresso Vainilla café italiano intensidad 8 compatible con máquinas Nespresso caja 10 cápsulas","brand":"VIAGGIO ","img":"https://sgfm.elcorteingles.es/SGFM/dctm/MEDIA03/201708/18/00200204602858____1__600x600.jpg","price":"3,13 €","price_unit":"(56,91 € / Kilo)","categories":["Supermercado","Desayunos Dulces y pan","Desayunos, dulces y pan","Cafés y cacaos","Cafés y cacaos en monodosis","VIAGGIO Espresso Vainilla café italiano intensidad 8 compatible con máquinas Nespresso caja 10 cápsulas"],"general_information":["Denominación del alimento: Café molido.","Nombre del operador: Balnes Europe, SL","Dirección del operador: Carrer Can Pobla Nº 6 - Poligono Industrial Can Roqueta - 08202 Sabadell - Barcelona","Cantidad Neta: 55 g","Otras menciones obligatorias en la etiqueta: Café molido, envasado en cápsulas reciclables, compatibles con maquinas de cafe nespresso® modelo essenza, pixie, citiz, latissima, u®, inicia y modelos anteriores ya descatalogados (le cube delonghi, krups titanium, entre otros). No contiene Gluten. Sin conservantes, sin azúcares ni aromatizantes añadidos."],"ingredients":[" 100% Café Molido de Tueste Natural."],"conservation":" Conservar en lugar fresco y seco.","ean":"8437013660105"},{"full_name":"VIAGGIO Espresso Lungo 06 café italiano intensidad 9 compatible con máquinas Nespresso caja 10 cápsulas","name":"Espresso Lungo 06 café italiano intensidad 9 compatible con máquinas Nespresso caja 10 cápsulas","brand":"VIAGGIO ","img":"https://sgfm.elcorteingles.es/SGFM/dctm/MEDIA03/201705/12/00120604602019____2__600x600.jpg","price":"3,25 €            ","price_unit":"(56,07 € / Kilo)","categories":["Supermercado","Desayunos Dulces y pan","Desayunos, dulces y pan","Cafés y cacaos","Cafés y cacaos en monodosis","VIAGGIO Espresso Lungo 06 café italiano intensidad 9 compatible con máquinas Nespresso caja 10 cápsulas"],"general_information":["Denominación del alimento: Café molido.","Nombre del operador: Balnes Europe, SL","Dirección del operador: Carrer Can Pobla Nº 6 - Poligono Industrial Can Roqueta - 08202 Sabadell - Barcelona","Cantidad Neta: 56 g","Otras menciones obligatorias en la etiqueta: Café molido, envasado en cápsulas reciclables, compatibles con maquinas de cafe nespresso® modelo essenza, pixie, citiz, latissima, u®, inicia y modelos anteriores ya descatalogados (le cube delonghi, krups titanium, entre otros). No contiene Gluten. Sin conservantes, sin azúcares ni aromatizantes añadidos."],"ingredients":[" 100% Café Molido de Tueste Natural."],"conservation":" Conservar en lugar fresco y seco.","ean":"8437013660051"},{"full_name":"VIAGGIO Espresso Decaffeinato 05 café espresso intensidad 7 compatible con máquinas Nespresso caja 10 cápsulas","name":"Espresso Decaffeinato 05 café espresso intensidad 7 compatible con máquinas Nespresso caja 10 cápsulas","brand":"VIAGGIO ","img":"https://sgfm.elcorteingles.es/SGFM/dctm/MEDIA03/201705/12/00120604602001____2__600x600.jpg","price":"3,14 €            ","price_unit":"(58,49 € / Kilo)","categories":["Supermercado","Desayunos Dulces y pan","Desayunos, dulces y pan","Cafés y cacaos","Cafés y cacaos en monodosis","VIAGGIO Espresso Decaffeinato 05 café espresso intensidad 7 compatible con máquinas Nespresso caja 10 cápsulas"],"general_information":["Denominación del alimento: Café molido.","Nombre del operador: Balnes Europe, SL","Dirección del operador: Carrer Can Pobla Nº 6 - Poligono Industrial Can Roqueta - 08202 Sabadell - Barcelona","Cantidad Neta: 53 g","Otras menciones obligatorias en la etiqueta: Café molido, envasado en cápsulas reciclables, compatibles con maquinas de cafe nespresso® modelo essenza, pixie, citiz, latissima, u®, inicia y modelos anteriores ya descatalogados (le cube delonghi, krups titanium, entre otros). No contiene Gluten. Sin conservantes, sin azúcares ni aromatizantes añadidos."],"ingredients":[" 100% Café Molido de Tueste Natural."],"conservation":" Conservar en lugar fresco y seco.","ean":"8437013660402"},{"full_name":"VIAGGIO Espresso Verona 07 café italiano intensidad 7 compatible con máquinas Nespresso caja 10 cápsulas","name":"Espresso Verona 07 café italiano intensidad 7 compatible con máquinas Nespresso caja 10 cápsulas","brand":"VIAGGIO ","img":"https://sgfm.elcorteingles.es/SGFM/dctm/MEDIA03/201705/12/00120604602795____6__600x600.jpg","price":"3,14 €","price_unit":"(57,09 € / Kilo)","categories":["Supermercado","Desayunos Dulces y pan","Desayunos, dulces y pan","Cafés y cacaos","Cafés y cacaos en monodosis","VIAGGIO Espresso Verona 07 café italiano intensidad 7 compatible con máquinas Nespresso caja 10 cápsulas"],"general_information":["Denominación del alimento: Café molido.","Nombre del operador: Balnes Europe, SL","Dirección del operador: Carrer Can Pobla Nº 6 - Poligono Industrial Can Roqueta - 08202 Sabadell - Barcelona","Cantidad Neta: 55 g","Otras menciones obligatorias en la etiqueta: Café molido, envasado en cápsulas reciclables, compatibles con maquinas de cafe nespresso® modelo essenza, pixie, citiz, latissima, u®, inicia y modelos anteriores ya descatalogados (le cube delonghi, krups titanium, entre otros). No contiene Gluten. Sin conservantes, sin azúcares ni aromatizantes añadidos."],"ingredients":[" 100% Café Molido de Tueste Natural."],"conservation":" Conservar en lugar fresco y seco.","ean":"8437013660075"},{"full_name":"FORTALEZA café natural 100% arábica para cafeteras monoosis y espresso 16 unidades paquete 125 g","name":"café natural 100% arábica para cafeteras monoosis y espresso 16 unidades paquete 125 g","brand":"FORTALEZA ","img":"https://sgfm.elcorteingles.es/SGFM/dctm/MEDIA03/201607/04/00120604600419____1__600x600.jpg","price":"2,59 €","price_unit":"(20,72 € / Kilo)","categories":["Supermercado","Desayunos Dulces y pan","Desayunos, dulces y pan","Cafés y cacaos","Cafés y cacaos en monodosis","FORTALEZA café natural 100% arábica para cafeteras monoosis y espresso 16 unidades paquete 125 g"],"general_information":["Denominación del alimento: Café molido de tueste natural","Nombre del operador: INDUSTRIA DE CAFE DEL NORTE S.A.","Dirección del operador: Portal de Gamarra 41, 01013 Vitoria (Alava)","Cantidad Neta: 0.112 Kilogramos","Número de raciones por envase: 16"],"ingredients":[" Café"],"conservation":"Modo de empleo: Monodosis compatibles con sistema Senseo-Philips o en cafetera espresso.","ean":"8410192104721"},{"full_name":"FORTALEZA Despertar Especial Desayuno 10 cápsulas compatibles con Nespresso intensidad 10 caja 50 g","name":"Despertar Especial Desayuno 10 cápsulas compatibles con Nespresso intensidad 10 caja 50 g","brand":"FORTALEZA ","img":"https://sgfm.elcorteingles.es/SGFM/dctm/MEDIA03/201606/08/00120604601284____2__600x600.jpg","price":"3,19 €","price_unit":"(63,80 € / Kilo)","categories":["Supermercado","Desayunos Dulces y pan","Desayunos, dulces y pan","Cafés y cacaos","Cafés y cacaos en monodosis","FORTALEZA Despertar Especial Desayuno 10 cápsulas compatibles con Nespresso intensidad 10 caja 50 g"],"general_information":["Denominación del alimento: Café molido de tueste natural","Nombre del operador: INDUSTRIA DE CAFE DEL NORTE S.A.","Dirección del operador: Portal de Gamarra 41, 01013 Vitoria (Alava)","Cantidad Neta: 0.05 Kilogramos","Número de raciones por envase: 10"],"ingredients":[" Café"],"conservation":"Modo de empleo: Uso en cafeteras Nespresso. Preparar el café siguiendo las instrucciones de su cafetera","ean":"8410192105865"},{"full_name":"FORTALEZA café natural intensidad 7 caja 50 g 10 cápsulas compatibles con cafeteras Nesspreso","name":"café natural intensidad 7 caja 50 g","brand":"FORTALEZA ","img":"https://sgfm.elcorteingles.es/SGFM/dctm/MEDIA03/201711/13/00120604600880____2__600x600.jpg","price":"3,19 €","price_unit":"(63,80 € / Kilo)","categories":["Supermercado","Desayunos Dulces y pan","Desayunos, dulces y pan","Cafés y cacaos","Cafés y cacaos en monodosis","FORTALEZA café natural intensidad 7 caja 50 g 10 cápsulas compatibles con cafeteras Nesspreso"],"general_information":["Denominación del alimento: Café molido de tueste natural","Nombre del operador: INDUSTRIA DE CAFE DEL NORTE S.A.","Dirección del operador: Portal de Gamarra 41, 01013 Vitoria (Alava)","Cantidad Neta: 0.05 Kilogramos","Número de raciones por envase: 10"],"ingredients":[" Café"],"conservation":"Modo de empleo: Uso en cafeteras Nespresso. Preparar el café siguiendo las instrucciones de su cafetera","ean":"8410192105391"},{"full_name":"FORTALEZA café natural descafeinado 100% arábica para cafeteras monodosis y espresso 16 unidades paquete 125 g","name":"café natural descafeinado 100% arábica para cafeteras monodosis y espresso 16 unidades paquete 125 g","brand":"FORTALEZA ","img":"https://sgfm.elcorteingles.es/SGFM/dctm/MEDIA03/201607/04/00120604600427____1__600x600.jpg","price":"2,39 €","price_unit":"(19,12 € / Kilo)","categories":["Supermercado","Desayunos Dulces y pan","Desayunos, dulces y pan","Cafés y cacaos","Cafés y cacaos en monodosis","FORTALEZA café natural descafeinado 100% arábica para cafeteras monodosis y espresso 16 unidades paquete 125 g"],"general_information":["Denominación del alimento: Café molido de tueste natural descafeinado","Nombre del operador: INDUSTRIA DE CAFE DEL NORTE S.A.","Dirección del operador: Portal de Gamarra 41, 01013 Vitoria (Alava)","Cantidad Neta: 0.112 Kilogramos","Número de raciones por envase: 16"],"ingredients":[" Café descafeinado"],"conservation":"Modo de empleo: Uso en cafeteras compatibles con sistema Senseo-Philips o en cafetera espresso","ean":"8410192104738"},{"full_name":"FORTALEZA café descafeinado con tila y melisa 10 cápsulas intensidad 6 caja 50 g compatibles con máquinas de café Nespresso","name":"café descafeinado con tila y melisa 10 cápsulas intensidad 6 caja 50 g","brand":"FORTALEZA ","img":"https://sgfm.elcorteingles.es/SGFM/dctm/MEDIA03/201606/08/00120604600922____1__600x600.jpg","price":"2,00 €","price_unit":"(40 € / Kilo)","categories":["Supermercado","Desayunos Dulces y pan","Desayunos, dulces y pan","Cafés y cacaos","Cafés y cacaos en monodosis","FORTALEZA café descafeinado con tila y melisa 10 cápsulas intensidad 6 caja 50 g compatibles con máquinas de café Nespresso"],"general_information":["Denominación del alimento: Preparado para bebida de café descafeinado con tila y melisa","Nombre del operador: INDUSTRIA DE CAFE DEL NORTE S.A.","Dirección del operador: Portal de Gamarra 41, 01013 Vitoria (Alava)","Cantidad Neta: 0.05 Kilogramos","Número de raciones por envase: 12"],"ingredients":[" Café descafeinado, extracto de melisa, extracto de tila"],"conservation":"Modo de empleo: Uso en cafeteras Nespresso. Preparar el café siguiendo las instrucciones de su cafetera","ean":"8410192105421"},{"full_name":"FORTALEZA café puro Colombia 10 cápsulas intensidad 7 caja 50 g compatibles con máquinas de café Nespresso","name":"café puro Colombia 10 cápsulas intensidad 7 caja 50 g","brand":"FORTALEZA ","img":"https://sgfm.elcorteingles.es/SGFM/dctm/MEDIA03/201711/13/00120604600914____4__600x600.jpg","price":"3,19 €","price_unit":"(63,80 € / Kilo)","categories":["Supermercado","Desayunos Dulces y pan","Desayunos, dulces y pan","Cafés y cacaos","Cafés y cacaos en monodosis","FORTALEZA café puro Colombia 10 cápsulas intensidad 7 caja 50 g compatibles con máquinas de café Nespresso"],"general_information":["Denominación del alimento: Café molido de tueste natural","País de origen: Colombia","Nombre del operador: INDUSTRIA DE CAFE DEL NORTE S.A.","Dirección del operador: Portal de Gamarra 41, 01013 Vitoria (Alava)","Lugar de procedencia del alimento: Colombia","Cantidad Neta: 0.05 Kilogramos","Número de raciones por envase: 10"],"ingredients":[" Café"],"conservation":"Modo de empleo: Uso en cafeteras Nespresso. Preparar el café siguiendo las instrucciones de su cafetera","ean":"8410192105438"},{"full_name":"FORTALEZA café Etiopía African Essentials 10 cápsulas intensidad 8 caja 50 g compatibles con máquinas de café Nespresso","name":"café Etiopía African Essentials 10 cápsulas intensidad 8 caja 50 g","brand":"FORTALEZA ","img":"https://sgfm.elcorteingles.es/SGFM/dctm/MEDIA03/201710/19/00120604601292____2__600x600.jpg","price":"3,19 €","price_unit":"(63,80 € / Kilo)","categories":["Supermercado","Desayunos Dulces y pan","Desayunos, dulces y pan","Cafés y cacaos","Cafés y cacaos en monodosis","FORTALEZA café Etiopía African Essentials 10 cápsulas intensidad 8 caja 50 g compatibles con máquinas de café Nespresso"],"general_information":["Denominación del alimento: Café molido de tueste natural","País de origen: Etiopía","Nombre del operador: INDUSTRIA DE CAFE DEL NORTE S.A.","Dirección del operador: Portal de Gamarra 41, 01013 Vitoria (Alava)","Lugar de procedencia del alimento: Etiopia","Cantidad Neta: 0.05 Kilogramos","Número de raciones por envase: 10"],"ingredients":[" Café"],"conservation":"Modo de empleo: Uso en cafeteras Nespresso. Preparar el café siguiendo las instrucciones de su cafetera","ean":"8410192105872"},{"full_name":"FORTALEZA café Intenssisimo 10 cápsulas intensidad 13 caja 50 g compatible con cafeteras Nespresso","name":"café Intenssisimo 10 cápsulas intensidad 13 caja 50 g","brand":"FORTALEZA ","img":"https://sgfm.elcorteingles.es/SGFM/dctm/MEDIA03/201711/13/00120604602381____2__600x600.jpg","price":"3,32 €","price_unit":"(66,40 € / Kilo)","categories":["Supermercado","Desayunos Dulces y pan","Desayunos, dulces y pan","Cafés y cacaos","Cafés y cacaos en monodosis","FORTALEZA café Intenssisimo 10 cápsulas intensidad 13 caja 50 g compatible con cafeteras Nespresso"],"general_information":["Denominación del alimento: Café molido de tueste natural","Nombre del operador: INDUSTRIA DE CAFE DEL NORTE S.A.","Dirección del operador: Portal de Gamarra 41, 01013 Vitoria (Alava)","Cantidad Neta: 0.05 Kilogramos","Número de raciones por envase: 10"],"ingredients":[" Café"],"conservation":"Modo de empleo: Uso en cafeteras Nespresso. Preparar el café siguiendo las instrucciones de su cafetera","ean":"8410192106848"},{"full_name":"FORTALEZA Brasil café intensidad 9 compatible con máquinas Nespresso caja 10 cápsulas","name":"Brasil café intensidad 9 compatible con máquinas Nespresso caja 10 cápsulas","brand":"FORTALEZA ","img":"https://sgfm.elcorteingles.es/SGFM/dctm/MEDIA03/201709/20/00120604603132____1__600x600.jpg","price":"3,49 €","price_unit":"(69,80 € / Kilo)","categories":["Supermercado","Desayunos Dulces y pan","Desayunos, dulces y pan","Cafés y cacaos","Cafés y cacaos en monodosis","FORTALEZA Brasil café intensidad 9 compatible con máquinas Nespresso caja 10 cápsulas"],"general_information":["Denominación del alimento: Café molido de tueste natural","País de origen: Brasil","Nombre del operador: INDUSTRIA DE CAFE DEL NORTE S.A.","Dirección del operador: Portal de Gamarra 41, 01013 Vitoria (Alava)","Lugar de procedencia del alimento: Brasil","Cantidad Neta: 0.05 Kilogramos","Número de raciones por envase: 10"],"ingredients":[" Café"],"conservation":"Modo de empleo: Uso en cafeteras Nespresso. Preparar el café siguiendo las instrucciones de su cafetera","ean":"8410192107647"},{"full_name":"FORTALEZA Kenia café intensidad 9 compatible con máquinas Nespresso caja 10 cápsulas","name":"Kenia café intensidad 9 compatible con máquinas Nespresso caja 10 cápsulas","brand":"FORTALEZA ","img":"https://sgfm.elcorteingles.es/SGFM/dctm/MEDIA03/201709/20/00120604603140____1__600x600.jpg","price":"3,45 €","price_unit":"(69 € / Kilo)","categories":["Supermercado","Desayunos Dulces y pan","Desayunos, dulces y pan","Cafés y cacaos","Cafés y cacaos en monodosis","FORTALEZA Kenia café intensidad 9 compatible con máquinas Nespresso caja 10 cápsulas"],"general_information":["Denominación del alimento: Café molido de tueste natural","País de origen: Kenia","Nombre del operador: INDUSTRIA DE CAFE DEL NORTE S.A.","Dirección del operador: Portal de Gamarra 41, 01013 Vitoria (Alava)","Lugar de procedencia del alimento: Kenya","Cantidad Neta: 0.05 Kilogramos","Número de raciones por envase: 10"],"ingredients":[" Café"],"conservation":"Modo de empleo: Uso en cafeteras Nespresso. Preparar el café siguiendo las instrucciones de su cafetera","ean":"8410192107654"},{"full_name":"FORTALEZA café con aroma natural vainilla intensidad 7 compatibles con cafeteras Nespresso caja 10 cápsulas","name":"café con aroma natural vainilla intensidad 7 compatibles con cafeteras Nespresso caja 10 cápsulas","brand":"FORTALEZA ","img":"https://sgfm.elcorteingles.es/SGFM/dctm/MEDIA03/201711/13/00120604603124____6__600x600.jpg","price":"3,35 €","price_unit":"(67 € / Kilo)","categories":["Supermercado","Desayunos Dulces y pan","Desayunos, dulces y pan","Cafés y cacaos","Cafés y cacaos en monodosis","FORTALEZA café con aroma natural vainilla intensidad 7 compatibles con cafeteras Nespresso caja 10 cápsulas"],"general_information":["Denominación del alimento: Preparado para bebida de café molido de tueste natural con aromas naturales","Nombre del operador: INDUSTRIA DE CAFE DEL NORTE S.A.","Dirección del operador: Portal de Gamarra 41, 01013 Vitoria (Alava)","Cantidad Neta: 0.05 Kilogramos","Número de raciones por envase: 10"],"ingredients":[" Café, aromas naturales"],"conservation":"Modo de empleo: Uso en cafeteras Nespresso. Preparar el café siguiendo las instrucciones de su cafetera","ean":"8410192106886"},{"full_name":"FORTALEZA Ecológico café intensidad 10 compatible con máquinas Nespresso caja 10 cápsulas","name":"Ecológico café intensidad 10 compatible con máquinas Nespresso caja 10 cápsulas","brand":"FORTALEZA ","img":"https://sgfm.elcorteingles.es/SGFM/dctm/MEDIA03/201709/25/00120605300035____1__600x600.jpg","price":"3,19 €","price_unit":"(63,80 € / Kilo)","categories":["Supermercado","Desayunos Dulces y pan","Desayunos, dulces y pan","Cafés y cacaos","Cafés y cacaos en monodosis","FORTALEZA Ecológico café intensidad 10 compatible con máquinas Nespresso caja 10 cápsulas"],"general_information":["Denominación del alimento: Café molido de tueste natural","Nombre del operador: INDUSTRIA DE CAFE DEL NORTE S.A.","Dirección del operador: Portal de Gamarra 41, 01013 Vitoria (Alava)","Cantidad Neta: 0.05 Kilogramos","Número de raciones por envase: 10"],"ingredients":[" Café"],"conservation":"Modo de empleo: Uso en cafeteras Nespresso. Preparar el café siguiendo las instrucciones de su cafetera","ean":"8410192107661"},{"full_name":"FORTALEZA café descafeinado forte intensidad 10 compatibles con cafeteras Nespresso caja 10 cápsulas","name":"café descafeinado forte intensidad 10 compatibles con cafeteras Nespresso caja 10 cápsulas","brand":"FORTALEZA ","img":"https://sgfm.elcorteingles.es/SGFM/dctm/MEDIA03/201711/13/00120604603116____6__600x600.jpg","price":"3,19 €","price_unit":"(63,80 € / Kilo)","categories":["Supermercado","Desayunos Dulces y pan","Desayunos, dulces y pan","Cafés y cacaos","Cafés y cacaos en monodosis","FORTALEZA café descafeinado forte intensidad 10 compatibles con cafeteras Nespresso caja 10 cápsulas"],"general_information":["Denominación del alimento: Café molido de tueste natural descafeinado","Nombre del operador: INDUSTRIA DE CAFE DEL NORTE S.A.","Dirección del operador: Portal de Gamarra 41, 01013 Vitoria (Alava)","Cantidad Neta: 0.05 Kilogramos","Número de raciones por envase: 10"],"ingredients":[" Café descafeinado"],"conservation":"Modo de empleo: Uso en cafeteras Nespresso. Preparar el café siguiendo las instrucciones de su cafetera","ean":"8410192106879"},{"full_name":"YAUCO café natural intenso 20 cápsulas compatible con máquinas Nespresso estuche 100 g","name":"café natural intenso 20 cápsulas compatible con máquinas Nespresso estuche 100 g","brand":"YAUCO ","img":"https://sgfm.elcorteingles.es/SGFM/dctm/MEDIA03/201705/19/00120604603033____5__600x600.jpg","price":"3,79 €","price_unit":"(37,90 € / Kilo)","categories":["Supermercado","Desayunos Dulces y pan","Desayunos, dulces y pan","Cafés y cacaos","Cafés y cacaos en monodosis","YAUCO café natural intenso 20 cápsulas compatible con máquinas Nespresso estuche 100 g"],"general_information":["Denominación del alimento: Café molido de tueste natural","Nombre del operador: INDUSTRIA DE CAFE DEL NORTE S.A.","Dirección del operador: Portal de Gamarra 41, 01013 Vitoria (Alava)","Cantidad Neta: 0.102 Kilogramos","Número de raciones por envase: 20"],"ingredients":[" Café"],"conservation":"Modo de empleo: Uso en cafeteras Nespresso. Preparar el café siguiendo las instrucciones de su cafetera","ean":"8437013107518"},{"full_name":"YAUCO café Brazil 20 cápsulas compatible con máquinas Nespresso estuche 100 g","name":"café Brazil 20 cápsulas compatible con máquinas Nespresso estuche 100 g","brand":"YAUCO ","img":"https://sgfm.elcorteingles.es/SGFM/dctm/MEDIA03/201705/19/00120604603041____5__600x600.jpg","price":"3,79 €","price_unit":"(37,90 € / Kilo)","categories":["Supermercado","Desayunos Dulces y pan","Desayunos, dulces y pan","Cafés y cacaos","Cafés y cacaos en monodosis","YAUCO café Brazil 20 cápsulas compatible con máquinas Nespresso estuche 100 g"],"general_information":["Denominación del alimento: Café molido de tueste natural","País de origen: Brasil","Nombre del operador: INDUSTRIA DE CAFE DEL NORTE S.A.","Dirección del operador: Portal de Gamarra 41, 01013 Vitoria (Alava)","Lugar de procedencia del alimento: Brasil","Cantidad Neta: 0.102 Kilogramos","Número de raciones por envase: 20"],"ingredients":[" Café"],"conservation":"Modo de empleo: Uso en cafeteras Nespresso. Preparar el café siguiendo las instrucciones de su cafetera","ean":"8437013107525"},{"full_name":"SAIMAZA Espresso Intenso compatible con Nespresso estuche 10 cápsulas","name":"Espresso Intenso compatible con Nespresso estuche 10 cápsulas","brand":"SAIMAZA ","img":"https://sgfm.elcorteingles.es/SGFM/dctm/MEDIA03/201712/26/00120604602696____2__600x600.jpg","price":"2,04 €","price_unit":"(39,23 € / Kilo)","categories":["Supermercado","Desayunos Dulces y pan","Desayunos, dulces y pan","Cafés y cacaos","Cafés y cacaos en monodosis","SAIMAZA Espresso Intenso compatible con Nespresso estuche 10 cápsulas"],"general_information":[],"ingredients":[],"ean":"8410091066830"},{"full_name":"SAIMAZA Desayuno café ideal para café con leche compatible con Nespresso estuche 10 cápsulas","name":"Desayuno café ideal para café con leche compatible con Nespresso estuche 10 cápsulas","brand":"SAIMAZA ","img":"https://sgfm.elcorteingles.es/SGFM/dctm/MEDIA03/201602/25/00120604602704____1__600x600.jpg","price":"2,04 €","price_unit":"(39,23 € / Kilo)","categories":["Supermercado","Desayunos Dulces y pan","Desayunos, dulces y pan","Cafés y cacaos","Cafés y cacaos en monodosis","SAIMAZA Desayuno café ideal para café con leche compatible con Nespresso estuche 10 cápsulas"],"general_information":["Denominación del alimento: Café molido de tueste natural en cápsulas","Nombre del operador: JACOBS DOUWE EGBERTS B.V.","Dirección del operador: Oosterdoksstraat 80, 1011 DK Amsterdam The Netherlands","Cantidad Neta: 0.052 Kilogramos","Número de raciones por envase: 10"],"ingredients":[],"conservation":" Cápsulas compatibles con las máquinas de café Nespresso®* (*Marca de una compañía no relacionada con JACOBS DOUWE EGBERTS)","ean":"8410091066878"},{"full_name":"SAIMAZA Espresso Descafeinado compatible con Nespresso estuche 10 cápsulas","name":"Espresso Descafeinado compatible con Nespresso estuche 10 cápsulas","brand":"SAIMAZA ","img":"https://sgfm.elcorteingles.es/SGFM/dctm/MEDIA03/201602/25/00120604602712____1__600x600.jpg","price":"2,04 €","price_unit":"(39,23 € / Kilo)","categories":["Supermercado","Desayunos Dulces y pan","Desayunos, dulces y pan","Cafés y cacaos","Cafés y cacaos en monodosis","SAIMAZA Espresso Descafeinado compatible con Nespresso estuche 10 cápsulas"],"general_information":[],"ingredients":[],"ean":"8410091066915"},{"full_name":"CAFE ROYAL Espresso compatible con máquinas Nespresso 10 cápsulas estuche 50 g","name":"Espresso compatible con máquinas Nespresso 10 cápsulas estuche 50 g","brand":"CAFE ROYAL ","img":"https://sgfm.elcorteingles.es/SGFM/dctm/MEDIA02/CONTENIDOS/201411/19/00120604601623____1__600x600.jpg","price":"3,34 €","price_unit":"(66,80 € / Kilo)","categories":["Supermercado","Desayunos Dulces y pan","Desayunos, dulces y pan","Cafés y cacaos","Cafés y cacaos en monodosis","CAFE ROYAL Espresso compatible con máquinas Nespresso 10 cápsulas estuche 50 g"],"general_information":[],"ingredients":[],"ean":"7617014157601"},{"full_name":"CAFE ROYAL Espresso Forte compatible con máquinas Nespresso 10 cápsulas estuche 50 g","name":"Espresso Forte compatible con máquinas Nespresso 10 cápsulas estuche 50 g","brand":"CAFE ROYAL ","img":"https://sgfm.elcorteingles.es/SGFM/dctm/MEDIA02/CONTENIDOS/201411/19/00120604601631____1__600x600.jpg","price":"2,85 €","price_unit":"(57 € / Kilo)","categories":["Supermercado","Desayunos Dulces y pan","Desayunos, dulces y pan","Cafés y cacaos","Cafés y cacaos en monodosis","CAFE ROYAL Espresso Forte compatible con máquinas Nespresso 10 cápsulas estuche 50 g"],"general_information":[],"ingredients":[],"ean":"7617014157687"},{"full_name":"CAFE ROYAL Lungo compatible con máquinas Nespresso 10 cápsulas estuche 53 g","name":"Lungo compatible con máquinas Nespresso 10 cápsulas estuche 53 g","brand":"CAFE ROYAL ","img":"https://sgfm.elcorteingles.es/SGFM/dctm/MEDIA02/CONTENIDOS/201411/19/00200204601454____1__600x600.jpg","price":"3,15 €","price_unit":"(59,43 € / Kilo)","categories":["Supermercado","Desayunos Dulces y pan","Desayunos, dulces y pan","Cafés y cacaos","Cafés y cacaos en monodosis","CAFE ROYAL Lungo compatible con máquinas Nespresso 10 cápsulas estuche 53 g"],"general_information":[],"ingredients":[],"ean":"7617014157663"},{"full_name":"CAFE ROYAL Ristretto café expreso corto compatible con máquinas Nespresso 10 cápsulas estuche 53 g","name":"Ristretto café expreso corto compatible con máquinas Nespresso 10 cápsulas estuche 53 g","brand":"CAFE ROYAL ","img":"https://sgfm.elcorteingles.es/SGFM/dctm/MEDIA02/CONTENIDOS/201411/19/00120604601656____1__600x600.jpg","price":"3,15 €","price_unit":"(59,43 € / Kilo)","categories":["Supermercado","Desayunos Dulces y pan","Desayunos, dulces y pan","Cafés y cacaos","Cafés y cacaos en monodosis","CAFE ROYAL Ristretto café expreso corto compatible con máquinas Nespresso 10 cápsulas estuche 53 g"],"general_information":[],"ingredients":[],"ean":"7617014157649"},{"full_name":"CAFE ROYAL descafeinado compatible con máquinas Nespresso 10 cápsulas estuche 50 g","name":"descafeinado compatible con máquinas Nespresso 10 cápsulas estuche 50 g","brand":"CAFE ROYAL ","img":"https://sgfm.elcorteingles.es/SGFM/dctm/MEDIA02/CONTENIDOS/201411/19/00120604601664____1__600x600.jpg","price":"2,85 €","price_unit":"(57 € / Kilo)","categories":["Supermercado","Desayunos Dulces y pan","Desayunos, dulces y pan","Cafés y cacaos","Cafés y cacaos en monodosis","CAFE ROYAL descafeinado compatible con máquinas Nespresso 10 cápsulas estuche 50 g"],"general_information":[],"ingredients":[],"ean":"7617014157625"},{"full_name":"MEPIACHI café espresso italiano intensidad 8 en cápsulas compatibles con Nescafé Dolce Gusto estuche 112 g 16 uds","name":"café espresso italiano intensidad 8 en cápsulas compatibles con Nescafé Dolce Gusto estuche 112 g","brand":"MEPIACHI ","img":"https://sgfm.elcorteingles.es/SGFM/dctm/MEDIA03/201703/17/00120604602910____1__600x600.jpg","price":"3,75 €            ","price_unit":"(32,59 € / Kilo)","categories":["Supermercado","Desayunos Dulces y pan","Desayunos, dulces y pan","Cafés y cacaos","Cafés y cacaos en monodosis","MEPIACHI café espresso italiano intensidad 8 en cápsulas compatibles con Nescafé Dolce Gusto estuche 112 g 16 uds"],"general_information":["Denominación del alimento: Café molido de tueste natural","Nombre del operador: Fast Eurocafe S.A.","Dirección del operador: 33192)","Cantidad Neta: 112 g","Número de raciones por envase: 16","Otras menciones obligatorias en la etiqueta: Producto envasado en atmósfera protectora"],"ingredients":[" Café"],"conservation":" Conservar en lugar fesco y seco","ean":"8412956013546"},{"full_name":"MEPIACHI café cortado Machiatto cápsulas compatibles Nescafé Dolce Gusto 16 uds estuche 100,8 g","name":"café cortado Machiatto cápsulas compatibles Nescafé Dolce Gusto 16 uds estuche 100,8 g","brand":"MEPIACHI ","img":"https://sgfm.elcorteingles.es/SGFM/dctm/MEDIA03/201703/17/00120604602936____1__600x600.jpg","price":"3,95 €            ","price_unit":"(36,21 € / Kilo)","categories":["Supermercado","Desayunos Dulces y pan","Desayunos, dulces y pan","Cafés y cacaos","Cafés y cacaos en monodosis","MEPIACHI café cortado Machiatto cápsulas compatibles Nescafé Dolce Gusto 16 uds estuche 100,8 g"],"general_information":["Denominación del alimento: Preparado alimenticio a base de café soluble y leche en polvo","Nombre del operador: Fast Eurocafe S.A.","Dirección del operador: 33192)","Cantidad Neta: 100.8 g","Número de raciones por envase: 16","Otras menciones obligatorias en la etiqueta: Producto envasado en atmósfera protectora"],"ingredients":[" Leche en polvo (67,7%), café soluble (30%), estabilizante E415 y emulgente (Lecitina de soja)"],"conservation":" Conservar en lugar fesco y seco","ean":"8412956013515"},{"full_name":"MEPIACHI café con leche en cápsulas compatibles con Nescafé Dolce Gusto 16 uds estuche 160 g","name":"café con leche en cápsulas compatibles con Nescafé Dolce Gusto 16 uds estuche 160 g","brand":"MEPIACHI ","img":"https://sgfm.elcorteingles.es/SGFM/dctm/MEDIA03/201703/17/00120604602944____1__600x600.jpg","price":"3,75 €            ","price_unit":"(22,81 € / Kilo)","categories":["Supermercado","Desayunos Dulces y pan","Desayunos, dulces y pan","Cafés y cacaos","Cafés y cacaos en monodosis","MEPIACHI café con leche en cápsulas compatibles con Nescafé Dolce Gusto 16 uds estuche 160 g"],"general_information":["Denominación del alimento: Preparado alimenticio a base de café soluble y leche en polvo","Nombre del operador: Fast Eurocafe S.A.","Dirección del operador: 33192)","Cantidad Neta: 160 g","Número de raciones por envase: 16","Otras menciones obligatorias en la etiqueta: Producto envasado en atmósfera protectora"],"ingredients":[" Leche en polvo (66,8%), café soluble (31,5%), estabilizante E415 y emulgente (Lecitina de soja)"],"conservation":" Conservar en lugar fesco y seco","ean":"8412956013522"},{"full_name":"MEPIACHI café espresso descafeinado intensidad 5 en cápsulas compatibles con Nescafé Dolce Gusto estuche 112 g 16 unidades","name":"café espresso descafeinado intensidad 5 en cápsulas compatibles con Nescafé Dolce Gusto estuche 112 g","brand":"MEPIACHI ","img":"https://sgfm.elcorteingles.es/SGFM/dctm/MEDIA03/201703/17/00120604602928____1__600x600.jpg","price":"3,95 €            ","price_unit":"(32,59 € / Kilo)","categories":["Supermercado","Desayunos Dulces y pan","Desayunos, dulces y pan","Cafés y cacaos","Cafés y cacaos en monodosis","MEPIACHI café espresso descafeinado intensidad 5 en cápsulas compatibles con Nescafé Dolce Gusto estuche 112 g 16 unidades"],"general_information":["Denominación del alimento: Café molido de tueste natural","Nombre del operador: Fast Eurocafe S.A.","Dirección del operador: 33192)","Cantidad Neta: 112 g","Número de raciones por envase: 16","Otras menciones obligatorias en la etiqueta: Producto envasado en atmósfera protectora"],"ingredients":[" Café"],"conservation":" Conservar en lugar fesco y seco","ean":"8412956013539"},{"full_name":"VALIENTE café natural suave 10 cápsulas compatible con cafetera Nespresso estuche 50 g","name":"café natural suave 10 cápsulas compatible con cafetera Nespresso estuche 50 g","brand":"VALIENTE ","img":"https://sgfm.elcorteingles.es/SGFM/dctm/MEDIA02/CONTENIDOS/201509/14/00120604602365____1__600x600.jpg","price":"3,47 €","price_unit":"(69,40 € / Kilo)","categories":["Supermercado","Desayunos Dulces y pan","Desayunos, dulces y pan","Cafés y cacaos","Cafés y cacaos en monodosis","VALIENTE café natural suave 10 cápsulas compatible con cafetera Nespresso estuche 50 g"],"general_information":["Denominación del alimento: Café molido de tueste natural en cápsulas","País de origen: España","Nombre del operador: Cafento Coffee Factory","Dirección del operador: P.I La Curiscada, Entrada sur, P1","Cantidad Neta: 50 g","Número de raciones por envase: 10"],"ingredients":[" Café"],"conservation":"Modo de empleo: Compatible con cafeteras Nespresso","ean":"8410559083911"},{"full_name":"VALIENTE café natural intenso 10 cápsulas compatible con cafetera Nespresso estuche 50 g","name":"café natural intenso 10 cápsulas compatible con cafetera Nespresso estuche 50 g","brand":"VALIENTE ","img":"https://sgfm.elcorteingles.es/SGFM/dctm/MEDIA02/CONTENIDOS/201509/14/00120604602357____1__600x600.jpg","price":"3,29 €","price_unit":"(65,80 € / Kilo)","categories":["Supermercado","Desayunos Dulces y pan","Desayunos, dulces y pan","Cafés y cacaos","Cafés y cacaos en monodosis","VALIENTE café natural intenso 10 cápsulas compatible con cafetera Nespresso estuche 50 g"],"general_information":["Denominación del alimento: Café molido de tueste natural en cápsulas","País de origen: España","Nombre del operador: Cafento Coffee Factory","Dirección del operador: P.I La Curiscada, Entrada sur, P1","Cantidad Neta: 50 g","Número de raciones por envase: 10"],"ingredients":[],"conservation":"Modo de empleo: Compatible con cafeteras Nespresso","ean":"8410559083904"},{"full_name":"VALIENTE café descafeinado 10 cápsulas compatible con cafetera Nespresso estuche 50 g","name":"café descafeinado 10 cápsulas compatible con cafetera Nespresso estuche 50 g","brand":"VALIENTE ","img":"https://sgfm.elcorteingles.es/SGFM/dctm/MEDIA02/CONTENIDOS/201509/14/00120604602373____1__600x600.jpg","price":"3,29 €","price_unit":"(65,80 € / Kilo)","categories":["Supermercado","Desayunos Dulces y pan","Desayunos, dulces y pan","Cafés y cacaos","Cafés y cacaos en monodosis","VALIENTE café descafeinado 10 cápsulas compatible con cafetera Nespresso estuche 50 g"],"general_information":["Denominación del alimento: Café molido de tueste natural descafeinado en cápsulas","País de origen: España","Nombre del operador: Cafento Coffee Factory","Dirección del operador: P.I La Curiscada, Entrada sur, P1","Cantidad Neta: 50 g","Número de raciones por envase: 10"],"ingredients":[" Café descafeinado"],"conservation":"Modo de empleo: Compatible con cafeteras Nespresso","ean":"8410559083928"},{"full_name":"CANDELAS SELECTUM café espresso ecológico 10 cápsulas intensidad 4 estuche 55 g compatibles con máquinas de café Nespresso","name":"café espresso ecológico 10 cápsulas intensidad 4 estuche 55 g","brand":"CANDELAS SELECTUM ","img":"https://sgfm.elcorteingles.es/SGFM/dctm/MEDIA03/201611/29/00120604602886____1__600x600.jpg","price":"3,35 €","categories":["Supermercado","Desayunos Dulces y pan","Desayunos, dulces y pan","Cafés y cacaos","Cafés y cacaos en monodosis","CANDELAS SELECTUM café espresso ecológico 10 cápsulas intensidad 4 estuche 55 g compatibles con máquinas de café Nespresso"],"general_information":["Denominación del alimento: CÁPSULAS DE CAFÉ MOLIDO TUESTE NATURAL. VARIEDAD PASSION","Nombre del operador: CAFES CANDELAS S.L.","Dirección del operador: C/Transportes, 7 - Polígono CEAO. Lugo (Lugo) 27003","Cantidad Neta: 55 g"],"ingredients":[" Café"],"conservation":" Mantener en lugar fresco y seco.","ean":"8412866000070"},{"full_name":"COMPAGNIA DELL'ARABICA café Delicato Puro Arabica Brasil estuche 10 cápsulas 100% compostables 0% residuos, compatibles con máquinas Nespresso","name":"café Delicato Puro Arabica Brasil estuche 10 cápsulas","brand":"COMPAGNIA DELL'ARABICA ","img":"https://sgfm.elcorteingles.es/SGFM/dctm/MEDIA03/201707/10/00120604602142____2__600x600.jpg","price":"3,63 €","price_unit":"(69,81 € / Kilo)","categories":["Supermercado","Desayunos Dulces y pan","Desayunos, dulces y pan","Cafés y cacaos","Cafés y cacaos en monodosis","COMPAGNIA DELL'ARABICA café Delicato Puro Arabica Brasil estuche 10 cápsulas 100% compostables 0% residuos, compatibles con máquinas Nespresso"],"general_information":[],"ingredients":[],"ean":"8001684910557"},{"full_name":"COMPAGNIA DELL'ARABICA café Vellutato Puro Arabica Colombia Medellín estuche 10 cápsulas 100% compostables 0% residuos, compatibles con máquinas Nespresso","name":"café Vellutato Puro Arabica Colombia Medellín estuche 10 cápsulas","brand":"COMPAGNIA DELL'ARABICA ","img":"https://sgfm.elcorteingles.es/SGFM/dctm/MEDIA03/201707/10/00120604602126____2__600x600.jpg","price":"3,63 €","price_unit":"(69,81 € / Kilo)","categories":["Supermercado","Desayunos Dulces y pan","Desayunos, dulces y pan","Cafés y cacaos","Cafés y cacaos en monodosis","COMPAGNIA DELL'ARABICA café Vellutato Puro Arabica Colombia Medellín estuche 10 cápsulas 100% compostables 0% residuos, compatibles con máquinas Nespresso"],"general_information":[],"ingredients":[],"ean":"8001684910533"},{"full_name":"COMPAGNIA DELL'ARABICA café Intenso Puro Arabiga Kenia 'AA' Washed estuche 10 cápsulas 100% compostables 0% residuos, compatibles con máquinas Nespresso","name":"café Intenso Puro Arabiga Kenia 'AA' Washed estuche 10 cápsulas","brand":"COMPAGNIA DELL'ARABICA ","img":"https://sgfm.elcorteingles.es/SGFM/dctm/MEDIA03/201707/10/00120604602134____2__600x600.jpg","price":"3,63 €","price_unit":"(69,81 € / Kilo)","categories":["Supermercado","Desayunos Dulces y pan","Desayunos, dulces y pan","Cafés y cacaos","Cafés y cacaos en monodosis","COMPAGNIA DELL'ARABICA café Intenso Puro Arabiga Kenia 'AA' Washed estuche 10 cápsulas 100% compostables 0% residuos, compatibles con máquinas Nespresso"],"general_information":[],"ingredients":[],"ean":"8001684910540"},{"full_name":"CATUNAMBU café expresso intensidad 10 estuche 10 cápsulas compatibles con máquinas Nespresso","name":"café expresso intensidad 10 estuche 10 cápsulas","brand":"CATUNAMBU ","img":"https://sgfm.elcorteingles.es/SGFM/dctm/MEDIA03/201709/26/00120604602225____1__600x600.jpg","price":"3,38 €","price_unit":"(67,60 € / Kilo)","categories":["Supermercado","Desayunos Dulces y pan","Desayunos, dulces y pan","Cafés y cacaos","Cafés y cacaos en monodosis","CATUNAMBU café expresso intensidad 10 estuche 10 cápsulas compatibles con máquinas Nespresso"],"general_information":[],"ingredients":[],"ean":"8411247791170"},{"full_name":"CATUNAMBU café ristretto intensidad 10 estuche 10 cápsulas compatibles con máquinas Nespresso","name":"café ristretto intensidad 10 estuche 10 cápsulas","brand":"CATUNAMBU ","img":"https://sgfm.elcorteingles.es/SGFM/dctm/MEDIA03/201709/26/00120604602233____1__600x600.jpg","price":"3,38 €","price_unit":"(67,60 € / Kilo)","categories":["Supermercado","Desayunos Dulces y pan","Desayunos, dulces y pan","Cafés y cacaos","Cafés y cacaos en monodosis","CATUNAMBU café ristretto intensidad 10 estuche 10 cápsulas compatibles con máquinas Nespresso"],"general_information":[],"ingredients":[],"ean":"8411247791224"},{"full_name":"CATUNAMBU café descafeinado intensidad 6 estuche 10 cápsulas compatibles con máquinas Nespresso","name":"café descafeinado intensidad 6 estuche 10 cápsulas","brand":"CATUNAMBU ","img":"https://sgfm.elcorteingles.es/SGFM/dctm/MEDIA03/201709/26/00120604602217____1__600x600.jpg","price":"3,25 €","price_unit":"(65 € / Kilo)","categories":["Supermercado","Desayunos Dulces y pan","Desayunos, dulces y pan","Cafés y cacaos","Cafés y cacaos en monodosis","CATUNAMBU café descafeinado intensidad 6 estuche 10 cápsulas compatibles con máquinas Nespresso"],"general_information":[],"ingredients":[],"ean":"8411247791187"},{"full_name":"RICO café natural 100% Arábica compatibles con máquinas Nespresso 10 cápsulas estuche 50 g","name":"café natural 100% Arábica compatibles con máquinas Nespresso 10 cápsulas estuche 50 g","brand":"RICO ","img":"https://sgfm.elcorteingles.es/SGFM/01/47/4/0120604601474/0120604601474000g01011.jpg","price":"3,29 €","price_unit":"(65,80 € / Kilo)","categories":["Supermercado","Desayunos Dulces y pan","Desayunos, dulces y pan","Cafés y cacaos","Cafés y cacaos en monodosis","RICO café natural 100% Arábica compatibles con máquinas Nespresso 10 cápsulas estuche 50 g"],"general_information":["Denominación del alimento: Café molido de tueste natural","Nombre del operador: Café Rico, S.L.","Dirección del operador: Ctra. Vieja de Bunyola, 29, 07009 Palma, Illes Balears","Cantidad Neta: 50 g"],"ingredients":[],"ean":"8411334005012"},{"full_name":"RICO café molido mezcla 80/20 10 cápsulas compatibles con máquinas Nespresso envase 50 g","name":"café molido mezcla 80/20 10 cápsulas compatibles con máquinas Nespresso envase 50 g","brand":"RICO ","img":"https://sgfm.elcorteingles.es/SGFM/01/48/2/0120604601482/0120604601482000g01011.jpg","price":"3,29 €","price_unit":"(65,80 € / Kilo)","categories":["Supermercado","Desayunos Dulces y pan","Desayunos, dulces y pan","Cafés y cacaos","Cafés y cacaos en monodosis","RICO café molido mezcla 80/20 10 cápsulas compatibles con máquinas Nespresso envase 50 g"],"general_information":["Denominación del alimento: Café molido mezcla","Nombre del operador: Café Rico, S.L.","Dirección del operador: Ctra. Vieja de Bunyola, 29, 07009 Palma, Illes Balears","Cantidad Neta: 50 g"],"ingredients":[],"ean":"8411334005029"},{"full_name":"RICO café Colombia 10 cápsulas compatibles con máquinas Nespresso estuche 50 g","name":"café Colombia 10 cápsulas compatibles con máquinas Nespresso estuche 50 g","brand":"RICO ","img":"https://sgfm.elcorteingles.es/SGFM/01/49/0/0120604601490/0120604601490000g01011.jpg","price":"3,19 €","price_unit":"(63,80 € / Kilo)","categories":["Supermercado","Desayunos Dulces y pan","Desayunos, dulces y pan","Cafés y cacaos","Cafés y cacaos en monodosis","RICO café Colombia 10 cápsulas compatibles con máquinas Nespresso estuche 50 g"],"general_information":["Denominación del alimento: Café molido de tueste natural","Nombre del operador: Café Rico, S.L.","Dirección del operador: Ctra. Vieja de Bunyola, 29, 07009 Palma, Illes Balears","Cantidad Neta: 50 g"],"ingredients":[],"ean":"8411334005005"},{"full_name":"RICO café descafeinado 10 cápsulas compatibles con máquinas Nespresso estuche 50 g","name":"café descafeinado 10 cápsulas compatibles con máquinas Nespresso estuche 50 g","brand":"RICO ","img":"https://sgfm.elcorteingles.es/SGFM/01/50/8/0120604601508/0120604601508000g01011.jpg","price":"3,29 €","price_unit":"(65,80 € / Kilo)","categories":["Supermercado","Desayunos Dulces y pan","Desayunos, dulces y pan","Cafés y cacaos","Cafés y cacaos en monodosis","RICO café descafeinado 10 cápsulas compatibles con máquinas Nespresso estuche 50 g"],"general_information":["Denominación del alimento: Café molido de tueste natural descafeinado","Nombre del operador: Café Rico, S.L.","Dirección del operador: Ctra. Vieja de Bunyola, 29, 07009 Palma, Illes Balears","Cantidad Neta: 50 g"],"ingredients":[],"ean":"8411334005036"},{"full_name":"ORUS café descafeinado 10 cápsulas compatibles con máquinas Nespresso estuche 55 g","name":"café descafeinado 10 cápsulas compatibles con máquinas Nespresso estuche 55 g","brand":"ORUS ","img":"https://sgfm.elcorteingles.es/SGFM/dctm/MEDIA03/201611/23/00120604601433____1__600x600.jpg","price":"2,44 €            ","price_unit":"(39,82 € / Kilo)","categories":["Supermercado","Desayunos Dulces y pan","Desayunos, dulces y pan","Cafés y cacaos","Cafés y cacaos en monodosis","ORUS café descafeinado 10 cápsulas compatibles con máquinas Nespresso estuche 55 g"],"general_information":["Denominación del alimento: Café molido descafeinado cápsulas","Nombre del operador: Cafés Orús S.A.","Dirección del operador: Polígono Industrial el Portazgo nave 83,  5011 Zaragoza","Cantidad Neta: 55 g","Número de raciones por envase: 10"],"ingredients":[" Café descafeinado"],"conservation":" Conservar en lugar fresco y seco","ean":"8412018802057"},{"full_name":"ORUS café puro Arábica 10 cápsulas compatibles con máquinas Nespresso estuche 55 g","name":"café puro Arábica 10 cápsulas compatibles con máquinas Nespresso estuche 55 g","brand":"ORUS ","img":"https://sgfm.elcorteingles.es/SGFM/dctm/MEDIA03/201611/23/00120604601441____1__600x600.jpg","price":"2,44 €            ","price_unit":"(39,82 € / Kilo)","categories":["Supermercado","Desayunos Dulces y pan","Desayunos, dulces y pan","Cafés y cacaos","Cafés y cacaos en monodosis","ORUS café puro Arábica 10 cápsulas compatibles con máquinas Nespresso estuche 55 g"],"general_information":["Denominación del alimento: Café molido cápsulas","Nombre del operador: Cafés Orús S.A.","Dirección del operador: Polígono Industrial el Portazgo nave 83,  5011 Zaragoza","Cantidad Neta: 55 g","Número de raciones por envase: 10"],"ingredients":[" Café"],"conservation":" Conservar en lugar fresco y seco","ean":"8412018802071"},{"full_name":"ORUS café 3 orígenes 10 cápsulas compatibles con máquinas Nespresso estuche 55 g","name":"café 3 orígenes 10 cápsulas compatibles con máquinas Nespresso estuche 55 g","brand":"ORUS ","img":"https://sgfm.elcorteingles.es/SGFM/dctm/MEDIA03/201611/23/00120604601458____1__600x600.jpg","price":"2,44 €            ","price_unit":"(39,82 € / Kilo)","categories":["Supermercado","Desayunos Dulces y pan","Desayunos, dulces y pan","Cafés y cacaos","Cafés y cacaos en monodosis","ORUS café 3 orígenes 10 cápsulas compatibles con máquinas Nespresso estuche 55 g"],"general_information":["Denominación del alimento: Café molido cápsulas","Nombre del operador: Cafés Orús S.A.","Dirección del operador: Polígono Industrial el Portazgo nave 83,  5011 Zaragoza","Cantidad Neta: 55 g","Número de raciones por envase: 10"],"ingredients":[" Café"],"conservation":" Conservar en lugar fresco y seco","ean":"8412018802088"},{"full_name":"ORUS café tueste natural 10 cápsulas compatibles con máquinas Nespresso estuche 55 g","name":"café tueste natural 10 cápsulas compatibles con máquinas Nespresso estuche 55 g","brand":"ORUS ","img":"https://sgfm.elcorteingles.es/SGFM/dctm/MEDIA03/201611/23/00120604601466____1__600x600.jpg","price":"2,44 €            ","price_unit":"(39,82 € / Kilo)","categories":["Supermercado","Desayunos Dulces y pan","Desayunos, dulces y pan","Cafés y cacaos","Cafés y cacaos en monodosis","ORUS café tueste natural 10 cápsulas compatibles con máquinas Nespresso estuche 55 g"],"general_information":["Denominación del alimento: Café molido cápsulas","Nombre del operador: Cafés Orús S.A.","Dirección del operador: Polígono Industrial el Portazgo nave 83,  5011 Zaragoza","Cantidad Neta: 55 g","Número de raciones por envase: 10"],"ingredients":[" Café"],"conservation":" Conservar en lugar fresco y seco","ean":"8412018802002"},{"full_name":"LA BRASILEÑA café Espresso Supremo suave 100% Arabica estuche 55 g 10 cápsulas compatibles con máquinas Nespresso","name":"café Espresso Supremo suave 100% Arabica estuche 55 g","brand":"LA BRASILEÑA ","img":"https://sgfm.elcorteingles.es/SGFM/dctm/MEDIA03/201710/20/00120604602456____1__600x600.jpg","price":"3,94 €","price_unit":"(71,64 € / Kilo)","categories":["Supermercado","Desayunos Dulces y pan","Desayunos, dulces y pan","Cafés y cacaos","Cafés y cacaos en monodosis","LA BRASILEÑA café Espresso Supremo suave 100% Arabica estuche 55 g 10 cápsulas compatibles con máquinas Nespresso"],"general_information":[],"ingredients":[],"ean":"8410029000134"},{"full_name":"LA BRASILEÑA café Espresso Excelso Intenso 100% Arabica estuche 55 g 10 cápsulas compatibles con máquinas Nespresso","name":"café Espresso Excelso Intenso 100% Arabica estuche 55 g","brand":"LA BRASILEÑA ","img":"https://sgfm.elcorteingles.es/SGFM/dctm/MEDIA03/201710/20/00120604602472____1__600x600.jpg","price":"3,94 €","price_unit":"(71,64 € / Kilo)","categories":["Supermercado","Desayunos Dulces y pan","Desayunos, dulces y pan","Cafés y cacaos","Cafés y cacaos en monodosis","LA BRASILEÑA café Espresso Excelso Intenso 100% Arabica estuche 55 g 10 cápsulas compatibles con máquinas Nespresso"],"general_information":[],"ingredients":[],"ean":"8410029000127"},{"full_name":"LA BRASILEÑA café Espresso Colombia  100% Arabica estuche 55 g 10 cápsulas compatibles con máquinas Nespresso","name":"café Espresso Colombia  100% Arabica estuche 55 g","brand":"LA BRASILEÑA ","img":"https://sgfm.elcorteingles.es/SGFM/dctm/MEDIA03/201710/20/00120604602449____1__600x600.jpg","price":"3,94 €","price_unit":"(71,64 € / Kilo)","categories":["Supermercado","Desayunos Dulces y pan","Desayunos, dulces y pan","Cafés y cacaos","Cafés y cacaos en monodosis","LA BRASILEÑA café Espresso Colombia  100% Arabica estuche 55 g 10 cápsulas compatibles con máquinas Nespresso"],"general_information":[],"ingredients":[],"ean":"8410029000141"},{"full_name":"LA BRASILEÑA café Espresso descafeinado Colombia 100% Arabica estuche 55 g 10 cápsulas compatibles con máquinas Nespresso","name":"café Espresso descafeinado Colombia 100% Arabica estuche 55 g","brand":"LA BRASILEÑA ","img":"https://sgfm.elcorteingles.es/SGFM/dctm/MEDIA03/201710/20/00120604602464____1__600x600.jpg","price":"3,94 €","price_unit":"(71,64 € / Kilo)","categories":["Supermercado","Desayunos Dulces y pan","Desayunos, dulces y pan","Cafés y cacaos","Cafés y cacaos en monodosis","LA BRASILEÑA café Espresso descafeinado Colombia 100% Arabica estuche 55 g 10 cápsulas compatibles con máquinas Nespresso"],"general_information":[],"ingredients":[],"ean":"8410029000158"},{"full_name":"DELTA Q Qalidus cápsulas de café tostado molido 10 unidades intensidad 10 estuche 60 g","name":"Qalidus cápsulas de café tostado molido 10 unidades intensidad 10 estuche 60 g","brand":"DELTA Q ","img":"https://sgfm.elcorteingles.es/SGFM/dctm/MEDIA03/201607/08/00120604600799____1__600x600.jpg","price":"3,46 €","price_unit":"(57,67 € / Kilo)","categories":["Supermercado","Desayunos Dulces y pan","Desayunos, dulces y pan","Cafés y cacaos","Cafés y cacaos en monodosis","DELTA Q Qalidus cápsulas de café tostado molido 10 unidades intensidad 10 estuche 60 g"],"general_information":["Denominación del alimento: Café Molido de Tueste Natural.","Nombre del operador: Novadelta Comercio e Industria de Café S.A.","Dirección del operador: Herdade das Argamassas 7370-071 Campo Maior - Portugal.","Cantidad Neta: 55 g"],"ingredients":[" Café molido tueste natural."],"conservation":" Conserve el envase en lugar fresco y seco.","ean":"5601082026909"},{"full_name":"DELTA Q Qharacter cápsulas de café tostado molido 10 unidades intensidad 9 estuche 60 g","name":"Qharacter cápsulas de café tostado molido 10 unidades intensidad 9 estuche 60 g","brand":"DELTA Q ","img":"https://sgfm.elcorteingles.es/SGFM/dctm/MEDIA03/201607/08/00120604600807____1__600x600.jpg","price":"3,46 €","price_unit":"(57,67 € / Kilo)","categories":["Supermercado","Desayunos Dulces y pan","Desayunos, dulces y pan","Cafés y cacaos","Cafés y cacaos en monodosis","DELTA Q Qharacter cápsulas de café tostado molido 10 unidades intensidad 9 estuche 60 g"],"general_information":["Denominación del alimento: Café Molido Tostado.","Nombre del operador: Novadelta Comercio e Industria de Café S.A.","Dirección del operador: Herdade das Argamassas 7370-071 Campo Maior - Portugal.","Cantidad Neta: 55 g"],"ingredients":[" Café molido tueste natural."],"conservation":" Conserve el envase en lugar fresco y seco.","ean":"5601082026930"},{"full_name":"DELTA Q Qonvictus cápsulas de café tostado molido 10 unidades intensidad 5 estuche 60 g","name":"Qonvictus cápsulas de café tostado molido 10 unidades intensidad 5 estuche 60 g","brand":"DELTA Q ","img":"https://sgfm.elcorteingles.es/SGFM/dctm/MEDIA03/201607/08/00120604600815____1__600x600.jpg","price":"3,46 €","price_unit":"(57,67 € / Kilo)","categories":["Supermercado","Desayunos Dulces y pan","Desayunos, dulces y pan","Cafés y cacaos","Cafés y cacaos en monodosis","DELTA Q Qonvictus cápsulas de café tostado molido 10 unidades intensidad 5 estuche 60 g"],"general_information":["Denominación del alimento: Café Molido de Tueste Natural.","Nombre del operador: Novadelta Comercio e Industria de Café S.A.","Dirección del operador: Herdade das Argamassas 7370-071 Campo Maior - Portugal.","Cantidad Neta: 55 g"],"ingredients":[" Café molido tueste natural."],"conservation":" Conserve el envase en lugar fresco y seco.","ean":"5601082026954"},{"full_name":"DELTA Q Aqtivus cápsulas de café tostado molido 10 unidades intensidad 8 estuche 60 g","name":"Aqtivus cápsulas de café tostado molido 10 unidades intensidad 8 estuche 60 g","brand":"DELTA Q ","img":"https://sgfm.elcorteingles.es/SGFM/dctm/MEDIA03/201607/08/00120604600831____1__600x600.jpg","price":"3,46 €","price_unit":"(57,67 € / Kilo)","categories":["Supermercado","Desayunos Dulces y pan","Desayunos, dulces y pan","Cafés y cacaos","Cafés y cacaos en monodosis","DELTA Q Aqtivus cápsulas de café tostado molido 10 unidades intensidad 8 estuche 60 g"],"general_information":["Denominación del alimento: Café Molido de Tueste Natural.","Nombre del operador: Novadelta Comercio e Industria de Café S.A.","Dirección del operador: Herdade das Argamassas 7370-071 Campo Maior - Portugal.","Cantidad Neta: 0.06 g"],"ingredients":[" Café molido tueste natural."],"conservation":" Conserve el envase en lugar fresco y seco.","ean":"5601082026978"},{"full_name":"DELTA Q Deqafeinatus cápsulas de café descafeinado molido 10 unidades estuche 60 g","name":"Deqafeinatus cápsulas de café descafeinado molido 10 unidades estuche 60 g","brand":"DELTA Q ","img":"https://sgfm.elcorteingles.es/SGFM/dctm/MEDIA03/201607/08/00120604600856____1__600x600.jpg","price":"3,46 €","price_unit":"(57,67 € / Kilo)","categories":["Supermercado","Desayunos Dulces y pan","Desayunos, dulces y pan","Cafés y cacaos","Cafés y cacaos en monodosis","DELTA Q Deqafeinatus cápsulas de café descafeinado molido 10 unidades estuche 60 g"],"general_information":["Denominación del alimento: Café Molido de Tueste Natural Descafeinado.","Nombre del operador: Novadelta Comercio e Industria de Café S.A.","Dirección del operador: Herdade das Argamassas 7370-071 Campo Maior - Portugal.","Cantidad Neta: 55 g"],"ingredients":[" Café Molido de Tueste Natural Descafeinado."],"conservation":" Conserve el envase en lugar fresco y seco.","ean":"5601082027029"},{"full_name":"BAQUE Gran Aroma café ideal para cortado intensidad 7 estuche 10 cápsulas compatibles con cafeteras Nespresso","name":"Gran Aroma café ideal para cortado intensidad 7 estuche 10 cápsulas","brand":"BAQUE ","img":"https://sgfm.elcorteingles.es/SGFM/dctm/MEDIA03/201707/14/00120604603090____1__600x600.jpg","price":"5,85 €","price_unit":"(58,50 € / Kilo)","categories":["Supermercado","Desayunos Dulces y pan","Desayunos, dulces y pan","Cafés y cacaos","Cafés y cacaos en monodosis","BAQUE Gran Aroma café ideal para cortado intensidad 7 estuche 10 cápsulas compatibles con cafeteras Nespresso"],"general_information":[],"ingredients":[],"ean":"8410684955220"},{"full_name":"BAQUE Café Intenso café ideal para cortado y con leche intensidad 9 estuche 10 cápsulas compatibles con cafeteras Nespresso","name":"Café Intenso café ideal para cortado y con leche intensidad 9 estuche 10 cápsulas","brand":"BAQUE ","img":"https://sgfm.elcorteingles.es/SGFM/dctm/MEDIA03/201707/14/00120604603082____1__600x600.jpg","price":"5,85 €","price_unit":"(58,50 € / Kilo)","categories":["Supermercado","Desayunos Dulces y pan","Desayunos, dulces y pan","Cafés y cacaos","Cafés y cacaos en monodosis","BAQUE Café Intenso café ideal para cortado y con leche intensidad 9 estuche 10 cápsulas compatibles con cafeteras Nespresso"],"general_information":[],"ingredients":[],"ean":"8410684955237"},{"full_name":"BAQUE Colombia café suave intensidad 6 en monodosis estuche 10 cápsulas compatibles con máquinas Nespresso","name":"Colombia café suave intensidad 6 en monodosis estuche 10 cápsulas","brand":"BAQUE ","img":"https://sgfm.elcorteingles.es/SGFM/dctm/MEDIA03/201707/14/00120604603074____6__600x600.jpg","price":"2,99 €","price_unit":"(59,80 € / Kilo)","categories":["Supermercado","Desayunos Dulces y pan","Desayunos, dulces y pan","Cafés y cacaos","Cafés y cacaos en monodosis","BAQUE Colombia café suave intensidad 6 en monodosis estuche 10 cápsulas compatibles con máquinas Nespresso"],"general_information":["Denominación del alimento: Café molido de tueste natural.","País de origen: Colombia","Nombre del operador: Cafés Baqué S.L.U.","Dirección del operador: Polígono industrial Santa Apolonia 2-2 - 48215 Iurreta (Bizkaia)","Lugar de procedencia del alimento: España","Cantidad Neta: 50 g","Número de raciones por envase: 10","Otras menciones obligatorias en la etiqueta: Colombia. Intensidad medio 5. Afrutado y aromático. Las delicadas notas afrutadas de las laderas Colombianas aportan un café que destaca por su suavidad y apreciada acidez. Envasado en atmósfera protectora. Café de Colombia. Ideal para disfrutarlo solo."],"ingredients":[],"conservation":" Guardar en lugar fresco y seco.","ean":"8410684959952"},{"full_name":"OQUENDO Nero café tueste natural muy intenso 10 cápsulas compatibles con máquinas Nespresso estuche 45 g","name":"Nero café tueste natural muy intenso 10 cápsulas compatibles con máquinas Nespresso estuche 45 g","brand":"OQUENDO ","img":"https://sgfm.elcorteingles.es/SGFM/01/24/3/0120604601243/0120604601243000g01011.jpg","price":"2,89 €","price_unit":"(64,22 € / Kilo)","categories":["Supermercado","Desayunos Dulces y pan","Desayunos, dulces y pan","Cafés y cacaos","Cafés y cacaos en monodosis","OQUENDO Nero café tueste natural muy intenso 10 cápsulas compatibles con máquinas Nespresso estuche 45 g"],"general_information":["Denominación del alimento: Café molido de tueste natural","Nombre del operador: Fast Eurocafe S.A.","Dirección del operador: 33192)","Cantidad Neta: 45 g","Número de raciones por envase: 10","Otras menciones obligatorias en la etiqueta: Producto envasado en atmósfera protectora"],"ingredients":[" Café"],"conservation":" Conservar en lugar fesco y seco","ean":"8412956007903"},{"full_name":"OQUENDO Grandes Orígenes Colombia café 10 cápsulas compatibles con máquinas Nespresso estuche 85 g","name":"Grandes Orígenes Colombia café 10 cápsulas compatibles con máquinas Nespresso estuche 85 g","brand":"OQUENDO ","img":"https://sgfm.elcorteingles.es/SGFM/01/54/0/0120604601540/0120604601540000g01011.jpg","price":"3,30 €","price_unit":"(38,82 € / Kilo)","categories":["Supermercado","Desayunos Dulces y pan","Desayunos, dulces y pan","Cafés y cacaos","Cafés y cacaos en monodosis","OQUENDO Grandes Orígenes Colombia café 10 cápsulas compatibles con máquinas Nespresso estuche 85 g"],"general_information":["Denominación del alimento: Café molido de tueste natural","Nombre del operador: Fast Eurocafe S.A.","Dirección del operador: 33192)","Cantidad Neta: 50 g","Número de raciones por envase: 10","Otras menciones obligatorias en la etiqueta: Producto envasado en atmósfera protectora"],"ingredients":[" Café de Colombia"],"conservation":" Conservar en lugar fesco y seco","ean":"8412956011498"},{"full_name":"NOVELL café orgánico intenso espresso paquete 10 cápsulas 100% compostables 0% residuos, compatibles con máquinas Nespresso","name":"café orgánico intenso espresso paquete 10 cápsulas","brand":"NOVELL ","img":"https://sgfm.elcorteingles.es/SGFM/dctm/MEDIA03/201706/15/00120605300019____1__600x600.jpg","price":"3,30 €","price_unit":"(62,26 € / Kilo)","categories":["Supermercado","Desayunos Dulces y pan","Desayunos, dulces y pan","Cafés y cacaos","Cafés y cacaos en monodosis","NOVELL café orgánico intenso espresso paquete 10 cápsulas 100% compostables 0% residuos, compatibles con máquinas Nespresso"],"general_information":[],"ingredients":[],"ean":"8422675018500"},{"full_name":"NOVELL café orgánico descafeinado espresso paquete 10 cápsulas 100% compostables 0% residuos, compatibles con máquinas Nespresso","name":"café orgánico descafeinado espresso paquete 10 cápsulas","brand":"NOVELL ","img":"https://sgfm.elcorteingles.es/SGFM/dctm/MEDIA03/201706/15/00120605300027____1__600x600.jpg","price":"3,30 €","price_unit":"(62,26 € / Kilo)","categories":["Supermercado","Desayunos Dulces y pan","Desayunos, dulces y pan","Cafés y cacaos","Cafés y cacaos en monodosis","NOVELL café orgánico descafeinado espresso paquete 10 cápsulas 100% compostables 0% residuos, compatibles con máquinas Nespresso"],"general_information":[],"ingredients":[],"ean":"8422675018517"},{"full_name":"ILLY Issimo Caffè Macchiato bebida de café con leche envase 250 ml","name":"Issimo Caffè Macchiato bebida de café con leche envase 250 ml","brand":"ILLY ","img":"https://sgfm.elcorteingles.es/SGFM/01/08/0/0120911801080/0120911801080000g01011.jpg","price":"1,61 €","price_unit":"(6,44 € / Litro)","categories":["Supermercado","Desayunos Dulces y pan","Desayunos, dulces y pan","Cafés y cacaos","Cafés preparados","ILLY Issimo Caffè Macchiato bebida de café con leche envase 250 ml"],"general_information":["Denominación del alimento: Café Con Toque Leche","Nombre del operador: Taste Of America S.L.","Dirección del operador: Serrano, 149. 28002 Madrid, Madrid","Cantidad Neta: 250 Mililitros"],"ingredients":[" Café y leche"],"ean":"0000090399893"},{"full_name":"ILLY Issimo Cappuccino bebida de café con leche y cacao envase 250 ml","name":"Issimo Cappuccino bebida de café con leche y cacao envase 250 ml","brand":"ILLY ","img":"https://sgfm.elcorteingles.es/SGFM/01/09/8/0120911801098/0120911801098000g01011.jpg","price":"1,61 €","price_unit":"(6,44 € / Litro)","categories":["Supermercado","Desayunos Dulces y pan","Desayunos, dulces y pan","Cafés y cacaos","Cafés preparados","ILLY Issimo Cappuccino bebida de café con leche y cacao envase 250 ml"],"general_information":["Denominación del alimento: Café Cappuccino","Nombre del operador: Taste Of America S.L.","Dirección del operador: Serrano, 149. 28002 Madrid, Madrid","Cantidad Neta: 250 Mililitros"],"ingredients":[" Café"],"ean":"0000090399589"},{"full_name":"ILLY Issimo Latte Macchiato bebida de café con leche envase 250 ml","name":"Issimo Latte Macchiato bebida de café con leche envase 250 ml","brand":"ILLY ","img":"https://sgfm.elcorteingles.es/SGFM/01/10/6/0120911801106/0120911801106000g01011.jpg","price":"1,61 €","price_unit":"(6,44 € / Litro)","categories":["Supermercado","Desayunos Dulces y pan","Desayunos, dulces y pan","Cafés y cacaos","Cafés preparados","ILLY Issimo Latte Macchiato bebida de café con leche envase 250 ml"],"general_information":["Denominación del alimento: Café Con Leche","Nombre del operador: Taste Of America S.L.","Dirección del operador: Serrano, 149. 28002 Madrid, Madrid","Cantidad Neta: 250 Mililitros"],"ingredients":[" Café y leche"],"ean":"0000090399572"},{"full_name":"ILLY Issimo Caffè Tiramisù bebida de café con leche envase 250 ml","name":"Issimo Caffè Tiramisù bebida de café con leche envase 250 ml","brand":"ILLY ","img":"https://sgfm.elcorteingles.es/SGFM/dctm/MEDIA02/CONTENIDOS/201505/21/00120911801288____1__600x600.jpg","price":"1,61 €","price_unit":"(6,44 € / Litro)","categories":["Supermercado","Desayunos Dulces y pan","Desayunos, dulces y pan","Cafés y cacaos","Cafés preparados","ILLY Issimo Caffè Tiramisù bebida de café con leche envase 250 ml"],"general_information":[],"ingredients":[],"ean":"0000087303384"},{"full_name":"2GO café solo autocalentable envase 250 ml","name":"café solo autocalentable envase 250 ml","brand":"2GO ","img":"https://sgfm.elcorteingles.es/SGFM/dctm/MEDIA02/CONTENIDOS/201506/22/00120911801304____1__600x600.jpg","price":"2,02 €","price_unit":"(8,08 € / Litro)","categories":["Supermercado","Desayunos Dulces y pan","Desayunos, dulces y pan","Cafés y cacaos","Cafés preparados","2GO café solo autocalentable envase 250 ml"],"general_information":[],"ingredients":[],"ean":"8431601000571"},{"full_name":"2GO café con leche autocalentable envase 250 ml","name":"café con leche autocalentable envase 250 ml","brand":"2GO ","img":"https://sgfm.elcorteingles.es/SGFM/dctm/MEDIA02/CONTENIDOS/201506/22/00120911801296____1__600x600.jpg","price":"1,82 €","price_unit":"(7,28 € / Litro)","categories":["Supermercado","Desayunos Dulces y pan","Desayunos, dulces y pan","Cafés y cacaos","Cafés preparados","2GO café con leche autocalentable envase 250 ml"],"general_information":[],"ingredients":[],"ean":"8431610100019"},{"full_name":"CANDELAS EBO café con leche botella 200 ml","name":"café con leche botella 200 ml","brand":"CANDELAS EBO ","img":"https://sgfm.elcorteingles.es/SGFM/dctm/MEDIA03/201604/14/00120603902535____1__600x600.jpg","price":"0,99 €","price_unit":"(4,95 € / Litro)","categories":["Supermercado","Desayunos Dulces y pan","Desayunos, dulces y pan","Cafés y cacaos","Cafés preparados","CANDELAS EBO café con leche botella 200 ml"],"general_information":["Denominación del alimento: BEBIDA LACTEA UHT A BASE DE LECHE Y CAFÉ.","Nombre del operador: CAFES CANDELAS S.L.","Dirección del operador: C/Transportes, 7 - Polígono CEAO. Lugo (Lugo) 27003","Cantidad Neta: 200 Mililitros"],"ingredients":[" Leche parcialmente denatada (2.3% M.G.), agua, azúcar, café soluble liofilizado (1.5%), estabilizadores (E-407, E-460, E-466) y corrector de acidez (E-331)"],"conservation":" Una vez abierto conservar en frío","ean":"8412866998414"},{"full_name":"CANDELAS EBO Cappuccino café con leche con cacao botella 200 ml","name":"Cappuccino café con leche con cacao botella 200 ml","brand":"CANDELAS EBO ","img":"https://sgfm.elcorteingles.es/SGFM/dctm/MEDIA03/201604/14/00120603902543____1__600x600.jpg","price":"0,99 €","price_unit":"(4,95 € / Litro)","categories":["Supermercado","Desayunos Dulces y pan","Desayunos, dulces y pan","Cafés y cacaos","Cafés preparados","CANDELAS EBO Cappuccino café con leche con cacao botella 200 ml"],"general_information":["Denominación del alimento: BEBIDA LACTEA UHT A BASE DE LECHE Y CAFÉ CON CACAO.","Nombre del operador: CAFES CANDELAS S.L.","Dirección del operador: C/Transportes, 7 - Polígono CEAO. Lugo (Lugo) 27003","Cantidad Neta: 200 Mililitros"],"ingredients":[" Leche parcialmente denatada (2.3% M.G.), agua, azúcar, café soluble liofilizado (1.3%),cacao (0.35%), estabilizadores (E-407, E-460, E-466) y corrector de acidez (E-331).Puede contener trazas de soja"],"conservation":" Una vez abierto conservar en frío","ean":"8412866998391"},{"full_name":"CANDELAS EBO café descafeinado con leche botella 200 ml","name":"café descafeinado con leche botella 200 ml","brand":"CANDELAS EBO ","img":"https://sgfm.elcorteingles.es/SGFM/dctm/MEDIA03/201604/14/00120603902550____1__600x600.jpg","price":"0,99 €","price_unit":"(4,95 € / Litro)","categories":["Supermercado","Desayunos Dulces y pan","Desayunos, dulces y pan","Cafés y cacaos","Cafés preparados","CANDELAS EBO café descafeinado con leche botella 200 ml"],"general_information":["Denominación del alimento: BEBIDA LACTEA UHT A BASE DE LECHE Y CAFÉ DESCAFEINADO","Nombre del operador: CAFES CANDELAS S.L.","Dirección del operador: C/Transportes, 7 - Polígono CEAO. Lugo (Lugo) 27003","Cantidad Neta: 200 Mililitros"],"ingredients":[" Leche parcialmente denatada (2.3% M.G.), agua, azúcar, café soluble liofilizado descafeinado (1.3%), estabilizadores (E-407, E-460, E-466) y corrector de acidez (E-331)"],"conservation":" Una vez abierto conservar en frío","ean":"8412866998407"},{"full_name":"KAIKU CAFFE LATTE con crema macchiato café arábica espresso con leche fresca vaso 230 ml","name":"con crema macchiato café arábica espresso con leche fresca vaso 230 ml","brand":"KAIKU CAFFE LATTE ","img":"https://sgfm.elcorteingles.es/SGFM/dctm/MEDIA03/201702/07/00118823900057____2__600x600.jpg","price":"1,20 €","price_unit":"(5,22 € / Litro)","categories":["Supermercado","Lácteos","Postres","Bebidas frías","KAIKU CAFFE LATTE con crema macchiato café arábica espresso con leche fresca vaso 230 ml"],"general_information":["Denominación del alimento: Bebida láctea pasteurizada de café con leche y crema","País de origen: Suiza","Nombre del operador: Kaiku Corporación Alimentaria S.L.","Dirección del operador: Paseo de Mikeletegi 55; 20009 San Sebatian (Guipuzcoa)","Cantidad Neta: 230 Mililitros","Otras menciones obligatorias en la etiqueta: Contenido de cafeína: 80 mg por vaso."],"ingredients":[" Leche entera (75%), café arábica (17%), crema (5%), azúcar, estabilizador (E339), espesante (carragenano)."],"conservation":" Mantener refrigerado a una temperatura máxima de +8°C","ean":"8410981093441"},{"full_name":"KAIKU CAFFE LATTE café arábica y leche fresca sin lactosa vaso 230 ml","name":"café arábica y leche fresca sin lactosa vaso 230 ml","brand":"KAIKU CAFFE LATTE ","img":"https://sgfm.elcorteingles.es/SGFM/dctm/MEDIA03/201606/22/00118823900545____1__600x600.jpg","price":"1,20 €","price_unit":"(5,22 € / Litro)","categories":["Supermercado","Lácteos","Postres","Bebidas frías","KAIKU CAFFE LATTE café arábica y leche fresca sin lactosa vaso 230 ml"],"general_information":["Denominación del alimento: Bebida láctea pasteurizada de café con leche y cacao, sin lactosa.","País de origen: Suiza","Nombre del operador: Kaiku Corporación Alimentaria S.L.","Dirección del operador: Paseo de Mikeletegi 55; 20009 San Sebatian (Guipuzcoa)","Cantidad Neta: 230 Mililitros","Número de raciones por envase: 1","Otras menciones obligatorias en la etiqueta: Contenido de cafeína: 80 mg por vaso. Contenido en lactosa <0.01g/100ml"],"ingredients":[" Leche semidesnatada (78%), café arabica (17%), azúcar, cacao en polvo (0,2%), estabilizante (E339), espesante (carragenanos)."],"conservation":" Mantener refrigerado a una temperatura máxima de +8°C","ean":"8432425090953"},{"full_name":"KAIKU CAFFE LATTE espresso café arábica con leche fresca envase 370 ml","name":"espresso café arábica con leche fresca envase 370 ml","brand":"KAIKU CAFFE LATTE ","img":"https://sgfm.elcorteingles.es/SGFM/dctm/MEDIA03/201706/09/00118823900602____1__600x600.jpg","price":"1,99 €","price_unit":"(5,38 € / Litro)","categories":["Supermercado","Lácteos","Postres","Bebidas frías","KAIKU CAFFE LATTE espresso café arábica con leche fresca envase 370 ml"],"general_information":["Denominación del alimento: Bebida láctea pasteurizada de café con leche.","País de origen: Suiza","Nombre del operador: Kaiku Corporación Alimentaria S.L.","Dirección del operador: Paseo de Mikeletegi 55; 20009 San Sebatian (Guipuzcoa)","Cantidad Neta: 370 Mililitros","Número de raciones por envase: 1","Otras menciones obligatorias en la etiqueta: Contenido de cafeína: 193 mg por vaso."],"ingredients":[" Leche semidesnatada (77%), café arabica (18%), azúcar, estabilizante (E-339), espesante (carragenanos)."],"conservation":" Mantener refrigerado a una temperatura máxima de +8°C","ean":"8432425091219"},{"full_name":"KAIKU CAFFE LATTE expresso café arábica espresso con leche fresca vaso 230 ml","name":"expresso café arábica espresso con leche fresca vaso 230 ml","brand":"KAIKU CAFFE LATTE ","img":"https://sgfm.elcorteingles.es/SGFM/dctm/MEDIA02/CONTENIDOS/201507/03/00118823900024____1__600x600.jpg","price":"1,20 €","price_unit":"(5,22 € / Litro)","categories":["Supermercado","Lácteos","Postres","Bebidas frías","KAIKU CAFFE LATTE expresso café arábica espresso con leche fresca vaso 230 ml"],"general_information":["Denominación del alimento: Bebida láctea pasteurizada de café con leche.","País de origen: Suiza","Nombre del operador: Kaiku Corporación Alimentaria S.L.","Dirección del operador: Paseo de Mikeletegi 55; 20009 San Sebatian (Guipuzcoa)","Cantidad Neta: 230 Mililitros","Otras menciones obligatorias en la etiqueta: Contenido de cafeína: 120 mg por vaso."],"ingredients":[" Leche semidesnatada (77%), café arabica (18%), azúcar, estabilizante (E-339), espesante (carragenano)."],"conservation":" Mantener refrigerado a una temperatura máxima de +8°C","ean":"8410981093205"},{"full_name":"KAIKU CAFFE LATTE café arábiga espresso suave con un toque de vainilla vaso 230 ml","name":"café arábiga espresso suave con un toque de vainilla vaso 230 ml","brand":"KAIKU CAFFE LATTE ","img":"https://sgfm.elcorteingles.es/SGFM/dctm/MEDIA03/201609/27/00118823900354____4__600x600.jpg","price":"1,20 €","price_unit":"(5,22 € / Litro)","categories":["Supermercado","Lácteos","Postres","Bebidas frías","KAIKU CAFFE LATTE café arábiga espresso suave con un toque de vainilla vaso 230 ml"],"general_information":["Denominación del alimento: Bebida láctea pasteurizada con café con leche y aroma de vainilla","País de origen: Suiza","Nombre del operador: Kaiku Corporación Alimentaria S.L.","Dirección del operador: Paseo de Mikeletegi 55; 20009 San Sebatian (Guipuzcoa)","Cantidad Neta: 230 Mililitros","Otras menciones obligatorias en la etiqueta: Contenido de cafeína: 80 mg por vaso."],"ingredients":[" Leche semidesnatada (80%), café arábica(15%), azúcar, extracto de vainilla, aroma, estabilizante (E339), espesante (carragenano)."],"conservation":" Mantener refrigerado a una temperatura máxima de +8°C","ean":"8432425099765"},{"full_name":"KAIKU CAFFE LATTE cappuccino con cacao café arábica espresso con leche fresca vaso 230 ml","name":"cappuccino con cacao café arábica espresso con leche fresca vaso 230 ml","brand":"KAIKU CAFFE LATTE ","img":"https://sgfm.elcorteingles.es/SGFM/dctm/MEDIA02/CONTENIDOS/201507/03/00118823900040____1__600x600.jpg","price":"1,20 €","price_unit":"(5,22 € / Litro)","categories":["Supermercado","Lácteos","Postres","Bebidas frías","KAIKU CAFFE LATTE cappuccino con cacao café arábica espresso con leche fresca vaso 230 ml"],"general_information":["Denominación del alimento: Bebida láctea pasteurizada de café  con leche y cacao.","País de origen: Suiza","Nombre del operador: Kaiku Corporación Alimentaria S.L.","Dirección del operador: Paseo de Mikeletegi 55; 20009 San Sebatian (Guipuzcoa)","Cantidad Neta: 230 Mililitros","Otras menciones obligatorias en la etiqueta: Contenido de cafeína: 80 mg por vaso."],"ingredients":[" Leche semidesnatada (78%), café arabica (17%), azúcar, cacao en polvo (0,2%), estabilizante (E339), espesante (carragenano)."],"conservation":" Mantener refrigerado a una temperatura máxima de +8°C","ean":"8410981093199"},{"full_name":"KAIKU CAFFE LATTE Light café arábiga de Brasil Espresso con leche fresca sin azúcar envase 230 ml","name":"Light café arábiga de Brasil Espresso con leche fresca sin azúcar envase 230 ml","brand":"KAIKU CAFFE LATTE ","img":"https://sgfm.elcorteingles.es/SGFM/dctm/MEDIA03/201702/07/00118823900016____3__600x600.jpg","price":"1,20 €","price_unit":"(5,22 € / Litro)","categories":["Supermercado","Lácteos","Postres","Bebidas frías","KAIKU CAFFE LATTE Light café arábiga de Brasil Espresso con leche fresca sin azúcar envase 230 ml"],"general_information":["Denominación del alimento: Bebida láctea pasteurizada de café con leche.","País de origen: Suiza","Nombre del operador: Kaiku Corporación Alimentaria S.L.","Dirección del operador: Paseo de Mikeletegi 55; 20009 San Sebatian (Guipuzcoa)","Cantidad Neta: 230 Mililitros","Otras menciones obligatorias en la etiqueta: Contenido de cafeína: 80 mg por vaso."],"ingredients":[" Leche semidesnatda (82%), café arabica (17%), fructosa, estabilizante (E-339), espesante (carragenanos) y edulcorantes (sucralosa)."],"conservation":" Mantener refrigerado a una temperatura máxima de +8°C","ean":"8410981096954"},{"full_name":"KAIKU CAFFE LATTE café arábica con leche fresca vaso 230 ml","name":"café arábica con leche fresca vaso 230 ml","brand":"KAIKU CAFFE LATTE ","img":"https://sgfm.elcorteingles.es/SGFM/dctm/MEDIA03/201606/01/00118823900552____1__600x600.jpg","price":"1,25 €","price_unit":"(5,43 € / Litro)","categories":["Supermercado","Lácteos","Postres","Bebidas frías","KAIKU CAFFE LATTE café arábica con leche fresca vaso 230 ml"],"general_information":["Denominación del alimento: Bebida láctea pasteurizada de café con leche sin lactosa. Sin azúcares añadidos.","País de origen: Suiza","Nombre del operador: Kaiku Corporación Alimentaria S.L.","Dirección del operador: Paseo de Mikeletegi 55; 20009 San Sebatian (Guipuzcoa)","Cantidad Neta: 230 Mililitros","Número de raciones por envase: 1","Otras menciones obligatorias en la etiqueta: Contenido de cafeína: 110 mg por vaso."],"ingredients":[" Leche parcialmente desnatada (82%), café arábica (18%), estabilizante (E339) y espesante (carragenanos)."],"conservation":" Mantener refrigerado a una temperatura máxima de +8°C","ean":"8432425090854"},{"full_name":"KAIKU CAFFE LATTE café arábiga espresso descafeinado con leche fresca vaso 230 ml","name":"café arábiga espresso descafeinado con leche fresca vaso 230 ml","brand":"KAIKU CAFFE LATTE ","img":"https://sgfm.elcorteingles.es/SGFM/dctm/MEDIA02/CONTENIDOS/201507/03/00118823900198____1__600x600.jpg","price":"1,20 €","price_unit":"(5,22 € / Litro)","categories":["Supermercado","Lácteos","Postres","Bebidas frías","KAIKU CAFFE LATTE café arábiga espresso descafeinado con leche fresca vaso 230 ml"],"general_information":["Denominación del alimento: Bebida láctea pasteurizada de café descafeinado con leche.","País de origen: Suiza","Nombre del operador: Kaiku Corporación Alimentaria S.L.","Dirección del operador: Paseo de Mikeletegi 55; 20009 San Sebatian (Guipuzcoa)","Cantidad Neta: 230 Mililitros"],"ingredients":[" Leche entera (79%), café arabica descafeinado (17%), azúcar, estabilizante (E339), espesante (carragenano)."],"conservation":" Mantener refrigerado a una temperatura máxima de +8°C","ean":"8432425098720"},{"full_name":"KAIKU CAFFE LATTE capuccinno envase 370 ml","name":"capuccinno envase 370 ml","brand":"KAIKU CAFFE LATTE ","img":"https://sgfm.elcorteingles.es/SGFM/dctm/MEDIA03/201706/05/00118823900594____1__600x600.jpg","price":"1,99 €","price_unit":"(5,38 € / Litro)","categories":["Supermercado","Lácteos","Postres","Bebidas frías","KAIKU CAFFE LATTE capuccinno envase 370 ml"],"general_information":["Denominación del alimento: Bebida láctea pasteurizada de café  con leche y cacao.","País de origen: Suiza","Nombre del operador: Kaiku Corporación Alimentaria S.L.","Dirección del operador: Paseo de Mikeletegi 55; 20009 San Sebatian (Guipuzcoa)","Cantidad Neta: 370 Mililitros","Número de raciones por envase: 1","Otras menciones obligatorias en la etiqueta: Contenido de cafeína: 129 mg por vaso."],"ingredients":[" Leche semidesnatada (78%), café arabica (17%), azúcar, cacao en polvo (0,2%), estabilizante (E339), espesante (carragenanos)."],"conservation":" Mantener refrigerado a una temperatura máxima de +8°C","ean":"8432425091202"},{"full_name":"NESCAFE SHAKISSIMO capuccino con leche envase 190 ml","name":"capuccino con leche envase 190 ml","brand":"NESCAFE SHAKISSIMO ","img":"https://sgfm.elcorteingles.es/SGFM//00/37/0/0118823900370/0118823900370000g01011.jpg","price":"1,25 €","price_unit":"(6,58 € / Litro)","categories":["Supermercado","Lácteos","Postres","Bebidas frías","NESCAFE SHAKISSIMO capuccino con leche envase 190 ml"],"general_information":["Denominación del alimento: Preparado lácteo con café","Nombre del operador: Lactalis Nestlé PLRI","Dirección del operador: Avda de la Fama 16-20, Cornella de Llobregat, 08940 Barcelona","Cantidad Neta: 190 Mililitros"],"ingredients":[],"conservation":" conservar en frio de 1-8°C","ean":"8594002786489"},{"full_name":"NESCAFE SHAKISSIMO café espresso envase 190 ml","name":"café espresso envase 190 ml","brand":"NESCAFE SHAKISSIMO ","img":"https://sgfm.elcorteingles.es/SGFM//00/38/8/0118823900388/0118823900388000g01011.jpg","price":"1,25 €","price_unit":"(6,58 € / Litro)","categories":["Supermercado","Lácteos","Postres","Bebidas frías","NESCAFE SHAKISSIMO café espresso envase 190 ml"],"general_information":["Denominación del alimento: Preparado lácteo con café","Nombre del operador: Lactalis Nestlé PLRI","Dirección del operador: Avda de la Fama 16-20, Cornella de Llobregat, 08940 Barcelona","Cantidad Neta: 190 Mililitros"],"ingredients":[],"conservation":" conservar en frio de 1-8°C","ean":"8594002786403"},{"full_name":"NESCAFE SHAKISSIMO café macchiato envase 190 ml","name":"café macchiato envase 190 ml","brand":"NESCAFE SHAKISSIMO ","img":"https://sgfm.elcorteingles.es/SGFM//00/39/6/0118823900396/0118823900396000g01011.jpg","price":"1,25 €","price_unit":"(6,58 € / Litro)","categories":["Supermercado","Lácteos","Postres","Bebidas frías","NESCAFE SHAKISSIMO café macchiato envase 190 ml"],"general_information":["Denominación del alimento: Preparado lácteo con café","Nombre del operador: Lactalis Nestlé PLRI","Dirección del operador: Avda de la Fama 16-20, Cornella de Llobregat, 08940 Barcelona","Cantidad Neta: 190 Mililitros"],"ingredients":[],"conservation":" conservar en frio de 1-8°C","ean":"8594002786441"},{"full_name":"NESCAFE SHAKISSIMO café light envase 190 ml","name":"café light envase 190 ml","brand":"NESCAFE SHAKISSIMO ","img":"https://sgfm.elcorteingles.es/SGFM/dctm/MEDIA03/201701/16/00118823900479____2__600x600.jpg","price":"1,25 €","price_unit":"(6,58 € / Litro)","categories":["Supermercado","Lácteos","Postres","Bebidas frías","NESCAFE SHAKISSIMO café light envase 190 ml"],"general_information":["Denominación del alimento: Bebida láctea desnatada con café","Nombre del operador: Lactalis Nestlé PLRI","Dirección del operador: Avda de la Fama 16-20, Cornella de Llobregat, 08940 Barcelona","Cantidad Neta: 190 Mililitros"],"ingredients":[],"conservation":" conservar en frio de 1-8°C","ean":"8594002786526"},{"full_name":"NESCAFE SHAKISSIMO café con leche sabor a galletas de chocolate envase 190 ml","name":"café con leche sabor a galletas de chocolate envase 190 ml","brand":"NESCAFE SHAKISSIMO ","img":"https://sgfm.elcorteingles.es/SGFM/dctm/MEDIA03/201604/25/00118823900537____1__600x600.jpg","price":"1,25 €","price_unit":"(6,58 € / Litro)","categories":["Supermercado","Lácteos","Postres","Bebidas frías","NESCAFE SHAKISSIMO café con leche sabor a galletas de chocolate envase 190 ml"],"general_information":["Denominación del alimento: Preparado lácteo con café, caco y sabor galleta","Nombre del operador: Lactalis Nestlé PLRI","Dirección del operador: Avda de la Fama 16-20, Cornella de Llobregat, 08940 Barcelona","Cantidad Neta: 190 Mililitros"],"ingredients":[],"conservation":" conservar en frio de 1-8°C","ean":"8594002789640"},{"full_name":"NESCAFE SHAKISSIMO café con leche y caramelo envase 190 ml","name":"café con leche y caramelo envase 190 ml","brand":"NESCAFE SHAKISSIMO ","img":"https://sgfm.elcorteingles.es/SGFM/dctm/MEDIA03/201604/25/00118823900529____1__600x600.jpg","price":"1,25 €","price_unit":"(6,58 € / Litro)","categories":["Supermercado","Lácteos","Postres","Bebidas frías","NESCAFE SHAKISSIMO café con leche y caramelo envase 190 ml"],"general_information":["Denominación del alimento: Preparado lácteo con café y caramelo","Nombre del operador: Lactalis Nestlé PLRI","Dirección del operador: Avda de la Fama 16-20, Cornella de Llobregat, 08940 Barcelona","Cantidad Neta: 190 Mililitros"],"ingredients":[],"conservation":" conservar en frio de 1-8°C","ean":"8594002789688"},{"full_name":"NESCAFE SHAKISSIMO café cortado envase 120 ml","name":"café cortado envase 120 ml","brand":"NESCAFE SHAKISSIMO ","img":"https://sgfm.elcorteingles.es/SGFM/dctm/MEDIA03/201705/10/00118823900644____1__600x600.jpg","price":"0,89 €","price_unit":"(7,42 € / Litro)","categories":["Supermercado","Lácteos","Postres","Bebidas frías","NESCAFE SHAKISSIMO café cortado envase 120 ml"],"general_information":["Denominación del alimento: Bebida láctea con café","Nombre del operador: Lactalis Nestlé PLRI","Dirección del operador: Avda de la Fama 16-20, Cornella de Llobregat, 08940 Barcelona","Cantidad Neta: 120 Mililitros"],"ingredients":[],"conservation":" conservar en frio de 1-8°C","ean":"8435257037325"},{"full_name":"NESCAFE SHAKISSIMO café cortado intenso envase 120 ml","name":"café cortado intenso envase 120 ml","brand":"NESCAFE SHAKISSIMO ","img":"https://sgfm.elcorteingles.es/SGFM/dctm/MEDIA03/201705/10/00118823900651____1__600x600.jpg","price":"0,89 €","price_unit":"(7,42 € / Litro)","categories":["Supermercado","Lácteos","Postres","Bebidas frías","NESCAFE SHAKISSIMO café cortado intenso envase 120 ml"],"general_information":["Denominación del alimento: Bebida láctea con café","Nombre del operador: Lactalis Nestlé PLRI","Dirección del operador: Avda de la Fama 16-20, Cornella de Llobregat, 08940 Barcelona","Cantidad Neta: 120 Mililitros"],"ingredients":[],"conservation":" conservar en frio de 1-8°C","ean":"8435257037301"},{"full_name":"STARBUCKS Chilled cup café caramelo macchiato vaso 220 ml","name":"Chilled cup café caramelo macchiato vaso 220 ml","brand":"STARBUCKS ","img":"https://sgfm.elcorteingles.es/SGFM/dctm/MEDIA03/201605/27/00118823900255____1__600x600.jpg","price":"1,46 €","price_unit":"(6,64 € / Litro)","categories":["Supermercado","Lácteos","Postres","Bebidas frías","STARBUCKS Chilled cup café caramelo macchiato vaso 220 ml"],"general_information":[],"ingredients":[],"ean":"5760466997027"},{"full_name":"STARBUCKS Chilled cup café frío cappuccino vaso 220 ml","name":"Chilled cup café frío cappuccino vaso 220 ml","brand":"STARBUCKS ","img":"https://sgfm.elcorteingles.es/SGFM/dctm/MEDIA03/201605/25/00118823900495____2__600x600.jpg","price":"1,46 €","price_unit":"(6,64 € / Litro)","categories":["Supermercado","Lácteos","Postres","Bebidas frías","STARBUCKS Chilled cup café frío cappuccino vaso 220 ml"],"general_information":[],"ingredients":[],"ean":"5711953023958"},{"full_name":"STARBUCKS Chilled cup Caffe Latte vaso 220 ml","name":"Chilled cup Caffe Latte vaso 220 ml","brand":"STARBUCKS ","img":"https://sgfm.elcorteingles.es/SGFM/dctm/MEDIA03/201605/27/00118823900248____1__600x600.jpg","price":"1,46 €","price_unit":"(6,64 € / Litro)","categories":["Supermercado","Lácteos","Postres","Bebidas frías","STARBUCKS Chilled cup Caffe Latte vaso 220 ml"],"general_information":[],"ingredients":[],"ean":"5760466997164"},{"full_name":"STARBUCKS Chidded cup Skinny latte café espresso sin azúcar añadido ni lactosa vaso 220 ml","name":"Chidded cup Skinny latte café espresso sin azúcar añadido ni lactosa vaso 220 ml","brand":"STARBUCKS ","img":"https://sgfm.elcorteingles.es/SGFM/dctm/MEDIA03/201706/14/00118823900669____1__600x600.jpg","price":"1,46 €","price_unit":"(6,64 € / Litro)","categories":["Supermercado","Lácteos","Postres","Bebidas frías","STARBUCKS Chidded cup Skinny latte café espresso sin azúcar añadido ni lactosa vaso 220 ml"],"general_information":[],"ingredients":[],"ean":"5711953067624"},{"full_name":"STARBUCKS Frappuccino bebida de café baja en grasa botella 250 ml","name":"Frappuccino bebida de café baja en grasa botella 250 ml","brand":"STARBUCKS ","img":"https://sgfm.elcorteingles.es/SGFM/00/26/3/0118823900263/0118823900263000g01011.jpg","price":"1,69 €","price_unit":"(6,76 € / Litro)","categories":["Supermercado","Lácteos","Postres","Bebidas frías","STARBUCKS Frappuccino bebida de café baja en grasa botella 250 ml"],"general_information":[],"ingredients":[],"ean":"5760466998659"},{"full_name":"STARBUCKS Frappuccino bebida de café con vainilla baja en grasa botella 250 ml","name":"Frappuccino bebida de café con vainilla baja en grasa botella 250 ml","brand":"STARBUCKS ","img":"https://sgfm.elcorteingles.es/SGFM/00/27/1/0118823900271/0118823900271000g01011.jpg","price":"1,69 €","price_unit":"(6,76 € / Litro)","categories":["Supermercado","Lácteos","Postres","Bebidas frías","STARBUCKS Frappuccino bebida de café con vainilla baja en grasa botella 250 ml"],"general_information":[],"ingredients":[],"ean":"5760466998697"},{"full_name":"STARBUCKS Frappuccino bebida de café sabor caramelo botella 250 ml","name":"Frappuccino bebida de café sabor caramelo botella 250 ml","brand":"STARBUCKS ","img":"https://sgfm.elcorteingles.es/SGFM/dctm/MEDIA03/201706/14/00118823900719____1__600x600.jpg","price":"1,69 €","price_unit":"(6,76 € / Litro)","categories":["Supermercado","Lácteos","Postres","Bebidas frías","STARBUCKS Frappuccino bebida de café sabor caramelo botella 250 ml"],"general_information":[],"ingredients":[],"ean":"5711953065705"},{"full_name":"STARBUCKS Doubleshot café espresso con leche lata 200 ml","name":"Doubleshot café espresso con leche lata 200 ml","brand":"STARBUCKS ","img":"https://sgfm.elcorteingles.es/SGFM/00/28/9/0118823900289/0118823900289000g01011.jpg","price":"1,54 €","price_unit":"(7,70 € / Litro)","categories":["Supermercado","Lácteos","Postres","Bebidas frías","STARBUCKS Doubleshot café espresso con leche lata 200 ml"],"general_information":[],"ingredients":[],"ean":"5760466997188"},{"full_name":"VIVESOY GO! bebida de cafe y soja sabor Cappuccino envase 200 ml","name":"bebida de cafe y soja sabor Cappuccino envase 200 ml","brand":"VIVESOY GO! ","img":"https://sgfm.elcorteingles.es/SGFM/dctm/MEDIA03/201709/15/00120911801544____1__600x600.jpg","price":"1,30 €","price_unit":"(6,50 € / Litro)","categories":["Supermercado","Desayunos Dulces y pan","Desayunos, dulces y pan","Cafés y cacaos","Cafés preparados","VIVESOY GO! bebida de cafe y soja sabor Cappuccino envase 200 ml"],"general_information":["Denominación del alimento: Bebida de soja con café y cacao, con azúcar y edulcorantes, con calcio y vitaminas A y D.","Nombre del operador: Calidad Pascual, SAU.","Dirección del operador: Ctra. De Palencia, s/n - 09400 Aranda de Duero (Burgos)","Cantidad Neta: 200 Mililitros","Otras menciones obligatorias en la etiqueta: Apto para intolerantes a la lactosa y alérgicos a la proteína de la leche de vaca"],"ingredients":[" Agua, Semillas de Soja (11 %), Azúcar, a-ciclodextrina, Extracto de café (0,3 %), Fosfato tricálcico, Estabilizantes: Celulosa, Carboximetilcelulosa, Fosfato disódico y Carragenato, Cacao desgrasado (0,2%), Extracto de café descafeinado, Aromas, Sal, Edulcorantes (Acesulfamo K, Sucralosa), Antioxidante: E-306, Vitaminas A y D. Alérgenos en negrita."],"conservation":" Agitar antes de servir, una vez abierto conservar el envase en nevera y consumir el mismo día de apertura.","ean":"8410128002800"},{"full_name":"PULEVA Selección café con leche listo para tomar envase 1 l","name":"Selección café con leche listo para tomar envase 1 l","brand":"PULEVA ","img":"https://sgfm.elcorteingles.es/SGFM/dctm/MEDIA03/201709/15/00120912600325____1__600x600.jpg","price":"1,29 €","price_unit":"(1,29 € / Litro)","categories":["Supermercado","Desayunos Dulces y pan","Desayunos, dulces y pan","Cafés y cacaos","Cafés preparados","PULEVA Selección café con leche listo para tomar envase 1 l"],"general_information":["Denominación del alimento: Bebida Láctea con café, enriquecida en vitamina A y D. UHT.","Nombre del operador: Lactalis Puleva, S.L.","Dirección del operador: Camino de Purchil, 66 - 18004 Granada","Cantidad Neta: 1 Litros"],"ingredients":[" Leche parcialmente desnatada (95%), azúcar, café en polvo (0,5%), aroma natural de café, colorante (caramelo), estabilizante (fosfato dipotásico) y vitaminas A y D."],"conservation":" Una vez abierto el envase, debe conservarse en frío, siendo recomendable su consumo en los 2-3 días siguientes.","ean":"8411700002645"},{"full_name":"PULEVA Mañanas Ligeras café con leche Sin Lactosa listo para tomar envase 1 l","name":"Mañanas Ligeras café con leche Sin Lactosa listo para tomar envase 1 l","brand":"PULEVA ","img":"https://sgfm.elcorteingles.es/SGFM/dctm/MEDIA03/201709/21/00200412600348____1__600x600.jpg","price":"1,49 €","price_unit":"(1,49 € / Litro)","categories":["Supermercado","Desayunos Dulces y pan","Desayunos, dulces y pan","Cafés y cacaos","Cafés preparados","PULEVA Mañanas Ligeras café con leche Sin Lactosa listo para tomar envase 1 l"],"general_information":["Denominación del alimento: Bebida Láctea sin lactosa con café, enriquecida en vitamina A, E, B9 (ácido fólico) y D. UHT.","Nombre del operador: Lactalis Puleva, S.L.","Dirección del operador: Camino de Purchil, 66 - 18004 Granada","Cantidad Neta: 1 Litros"],"ingredients":[" Leche parcialmente desnatada (95,4%), azúcar, café en polvo (0,5%), aroma natural de café, colorante (caramelo), estabilizante (fosfato dipotásico) y vitaminas A, E, B9 (ácido fólico) y D."],"conservation":" Una vez abierto el envase, debe conservarse en frío, siendo recomendable su consumo en los 2-3 días siguientes.","ean":"8411700002034"},{"full_name":"ALIADA cacao soluble bote 900 g","name":"cacao soluble bote 900 g","brand":"ALIADA ","img":"https://sgfm.elcorteingles.es/SGFM/dctm/MEDIA02/CONTENIDOS/201407/08/00120646400919____1__600x600.jpg","price":"2,35 €","price_unit":"(2,61 € / Kilo)","categories":["Supermercado","Desayunos Dulces y pan","Desayunos, dulces y pan","Cafés y cacaos","Cacao soluble / instantáneo","ALIADA cacao soluble bote 900 g"],"general_information":["Denominación del alimento: Preparado alimenticio de azúcar y cacao para desayunos y meriendas. Producto soluble","Nombre del operador: Elaborado para el \nGrupo El Corte Inglés\nHermosilla, 112   28009 Madrid ? España \npor CIF: A80930993","Cantidad Neta: 900 g","Número de raciones por envase: 45.0"],"ingredients":[" Ingredientes: Azúcar, cacao desgrasado en polvo (25%), harina de trigo, extracto de malta de cebada,  antiaglomerante (fosfato dicálcico),  aromas, emulgente: lecitina de soja y sal. Puede contener trazas de leche."],"conservation":" Conservar en lugar fresco, seco y carente de olores. \nTemperatura óptima de conservación 20º C.","ean":"8433329043700"},{"full_name":"ALIADA cacao soluble bote 500 g","name":"cacao soluble bote 500 g","brand":"ALIADA ","img":"https://sgfm.elcorteingles.es/SGFM/dctm/MEDIA02/CONTENIDOS/201407/08/00120646400901____1__600x600.jpg","price":"1,88 €","price_unit":"(3,76 € / Kilo)","categories":["Supermercado","Desayunos Dulces y pan","Desayunos, dulces y pan","Cafés y cacaos","Cacao soluble / instantáneo","ALIADA cacao soluble bote 500 g"],"general_information":["Denominación del alimento: Preparado alimenticio de azúcar y cacao para desayunos y meriendas. Producto soluble","Nombre del operador: Elaborado para el\nGrupo El Corte Inglés\nHermosilla, 112   28009 Madrid ? España \npor CIF: A80930993","Cantidad Neta: 500 g","Número de raciones por envase: 25.0"],"ingredients":[" Ingredientes: Azúcar, cacao desgrasado en polvo (25%), harina de trigo, extracto de malta de cebada,  antiaglomerante (fosfato dicálcico),  aromas, emulgente: lecitina de soja y sal. Puede contener trazas de leche."],"conservation":" Conservar en lugar fresco, seco y carente de olores. \nTemperatura óptima de conservación 20º C.","ean":"8433329043694"},{"full_name":"ALIADA cacao en polvo instantáneo bolsa 1 kg","name":"cacao en polvo instantáneo bolsa 1 kg","brand":"ALIADA ","img":"https://sgfm.elcorteingles.es/SGFM/dctm/MEDIA02/CONTENIDOS/201407/08/00120646400927____1__600x600.jpg","price":"3,13 €","price_unit":"(3,13 € / Kilo)","categories":["Supermercado","Desayunos Dulces y pan","Desayunos, dulces y pan","Cafés y cacaos","Cacao soluble / instantáneo","ALIADA cacao en polvo instantáneo bolsa 1 kg"],"general_information":["Denominación del alimento: Preparado alimenticio instantáneo en polvo al cacao","Nombre del operador: Elaborado para el \nGrupo El Corte Inglés\nHermosilla, 112   28009 Madrid ? España \npor CIF: A80930993","Cantidad Neta: 1 Kilogramos","Número de raciones por envase: ~ 66"],"ingredients":[" Ingredientes: Azúcar, cacao desgrasado en polvo,  emulgente (lecitina de girasol,  aceite vegetal de girasol y E-471), aromas, sal y canela.\n\nContenido mínimo de cacao 20 % Puede contener trazas de soja."],"conservation":" Conservar en lugar fresco, seco y carente de olores. Temperatura óptima de conservación 20º C.","ean":"8433329043717"},{"full_name":"COLA CAO Turbo formato ahorro bolsa 1 kg","name":"Turbo formato ahorro bolsa 1 kg","brand":"COLA CAO ","img":"https://sgfm.elcorteingles.es/SGFM/dctm/MEDIA03/201702/21/00200246400857____4__600x600.jpg","price":"6,05 €","price_unit":"(6,05 € / Kilo)","categories":["Supermercado","Desayunos Dulces y pan","Desayunos, dulces y pan","Cafés y cacaos","Cacao soluble / instantáneo","COLA CAO Turbo formato ahorro bolsa 1 kg"],"general_information":["Denominación del alimento: Preparado alimenticio al cacao","País de origen: España","Nombre del operador: Idilia Foods SL.","Dirección del operador: Lepanto, 410-414 08025-Barcelona","Cantidad Neta: 1 Kilogramos"],"ingredients":[" Azúcar, cacao desgrasado en polvo, harina de trigo, fibra, emulgente (lecitina de soja), aromas, sal. Puede contener leche."],"conservation":" Mantener en lugar fresco, seco y lejos de productos que desprendan olores o aromas intensos (como por ejemplo detergentes)","ean":"8410014354389"},{"full_name":"COLA CAO Original formato ahorro bolsa 1,6 kg","name":"Original formato ahorro bolsa 1,6 kg","brand":"COLA CAO ","img":"https://sgfm.elcorteingles.es/SGFM/dctm/MEDIA03/201702/21/00200246400915____1__600x600.jpg","price":"9,62 €","price_unit":"(6,01 € / Kilo)","categories":["Supermercado","Desayunos Dulces y pan","Desayunos, dulces y pan","Cafés y cacaos","Cacao soluble / instantáneo","COLA CAO Original formato ahorro bolsa 1,6 kg"],"general_information":["Denominación del alimento: Preparado alimenticio al cacao","País de origen: España","Nombre del operador: IDILIA FOODS, S.L.","Dirección del operador: LEPANTO 410-414 08025-Barcelona","Cantidad Neta: 1.6 Kilogramos"],"ingredients":[" azúcar, cacao desgrasado en polvo, crema de cereal kola-malteado (harina de trigo, extracto de malta de cebada, aroma natural: extracto de nuez de cola), sales minerales (calcio y fósforo), aromas, sal."],"conservation":" Mantener en lugar fresco, seco y lejos de productos que desprendan olores o aromas intensos (como por ejemplo detergentes)","ean":"8410014334848"},{"full_name":"COLA CAO Original estuche 7,5 kg","name":"Original estuche 7,5 kg","brand":"COLA CAO ","img":"https://sgfm.elcorteingles.es/SGFM/dctm/MEDIA03/201704/26/00120646401024____4__600x600.jpg","price":"31,14 €","price_unit":"(4,15 € / Kilo)","categories":["Supermercado","Desayunos Dulces y pan","Desayunos, dulces y pan","Cafés y cacaos","Cacao soluble / instantáneo","COLA CAO Original estuche 7,5 kg"],"general_information":["Denominación del alimento: Preparado alimenticio al cacao","País de origen: España","Nombre del operador: Idilia Foods SL.","Dirección del operador: Lepanto, 410-414 08025-Barcelona","Cantidad Neta: 7.5 Kilogramos"],"ingredients":[" Azúcar, cacao desgrasado en polvo, crema de cereal kola-malteado (harina de trigo, extracto de malta de cebada, aroma natural: extracto de nuez de cola), sales minerales (calcio y fósforo), aromas, sal. Puede contener leche."],"conservation":" Mantener en lugar fresco, seco y lejos de productos que desprendan olores o aromas intensos (como por ejemplo detergentes, ...)","ean":"8410014751799"},{"full_name":"COLA CAO Original estuche 5 kg","name":"Original estuche 5 kg","brand":"COLA CAO ","img":"https://sgfm.elcorteingles.es/SGFM/dctm/MEDIA02/CONTENIDOS/201411/19/00200246400196____1__600x600.jpg","price":"23,36 €","price_unit":"(4,67 € / Kilo)","categories":["Supermercado","Desayunos Dulces y pan","Desayunos, dulces y pan","Cafés y cacaos","Cacao soluble / instantáneo","COLA CAO Original estuche 5 kg"],"general_information":["Denominación del alimento: Preparado alimenticio al cacao","País de origen: España","Nombre del operador: IDILIA FOODS, S.L.","Dirección del operador: LEPANTO 410-414 08025-Barcelona","Cantidad Neta: 6 Kilogramos"],"ingredients":[" azúcar, cacao desgrasado en polvo, crema de cereal kola-malteado (harina de trigo, extracto de malta de cebada, aroma natural: extracto de nuez de cola), sales minerales (calcio y fósforo), aromas, sal. Puede contener leche."],"conservation":" Mantener en lugar fresco, seco y lejos de productos que desprendan olores o aromas intensos (como por ejemplo detergentes)","ean":"8410014821010"},{"full_name":"COLA CAO Original con regalos en el interior estuche 3 kg","name":"Original con regalos en el interior estuche 3 kg","brand":"COLA CAO ","img":"https://sgfm.elcorteingles.es/SGFM/dctm/MEDIA02/CONTENIDOS/201501/02/00120646400109____3__600x600.jpg","price":"14,30 €","price_unit":"(4,77 € / Kilo)","categories":["Supermercado","Desayunos Dulces y pan","Desayunos, dulces y pan","Cafés y cacaos","Cacao soluble / instantáneo","COLA CAO Original con regalos en el interior estuche 3 kg"],"general_information":["Denominación del alimento: Preparado alimenticio al cacao","País de origen: España","Nombre del operador: IDILIA FOODS, S.L.","Dirección del operador: LEPANTO 410-414 08025-Barcelona","Cantidad Neta: 3 Kilogramos"],"ingredients":[" Azúcar, cacao desgrasado en polvo, crema de cereal kola-malteado (harina de trigo, extracto de malta de cebada, aroma natural: extracto de nuez de cola), sales minerales (calcio y fósforo), aromas, sal."],"conservation":" Mantener en lugar fresco, seco y lejos de productos que desprendan olores o aromas intensos (como por ejemplo detergentes)","ean":"8410014228321"},{"full_name":"COLA CAO Original en lata vintage 1,4 kg","name":"Original en lata vintage  1,4 kg","brand":"COLA CAO ","img":"https://sgfm.elcorteingles.es/SGFM/dctm/MEDIA03/201702/23/00120646401107____1__600x600.jpg","price":"7,90 €","price_unit":"(5,64 € / Kilo)","categories":["Supermercado","Desayunos Dulces y pan","Desayunos, dulces y pan","Cafés y cacaos","Cacao soluble / instantáneo","COLA CAO Original en lata vintage 1,4 kg"],"general_information":["Denominación del alimento: Preparado alimenticio al cacao","País de origen: España","Nombre del operador: IDILIA FOODS, S.L.","Dirección del operador: LEPANTO 410-414 08025-Barcelona","Cantidad Neta: 1.4 Kilogramos"],"ingredients":[" azúcar, cacao desgrasado en polvo, crema de cereal kola-malteado (harina de trigo, extracto de malta de cebada, aroma natural: extracto de nuez de cola), sales minerales (calcio y fósforo), aromas, sal. Puede contener leche."],"conservation":" Mantener en lugar fresco, seco y lejos de productos que desprendan olores o aromas intensos (como por ejemplo detergentes)","ean":"8410014449733"},{"full_name":"COLA CAO Turbo estuche 2,75 kg","name":"Turbo estuche 2,75 kg","brand":"COLA CAO ","img":"https://sgfm.elcorteingles.es/SGFM/dctm/MEDIA02/CONTENIDOS/201503/17/00120646400091____4__600x600.jpg","price":"13,50 €","price_unit":"(4,91 € / Kilo)","categories":["Supermercado","Desayunos Dulces y pan","Desayunos, dulces y pan","Cafés y cacaos","Cacao soluble / instantáneo","COLA CAO Turbo estuche 2,75 kg"],"general_information":["Denominación del alimento: Preparado alimenticio al cacao","País de origen: España","Nombre del operador: IDILIA FOODS, S.L.","Dirección del operador: LEPANTO 410-414 08025-Barcelona","Cantidad Neta: 2.75 Kilogramos"],"ingredients":[" Azúcar, cacao desgrasado en polvo, harina de trigo, emulgente (lecitina de soja), aromas, sal."],"conservation":" Mantener en lugar fresco, seco y lejos de productos que desprendan olores o aromas intensos (como por ejemplo detergentes)","ean":"8410014228352"},{"full_name":"COLA CAO Turbo bote 750 g","name":"Turbo bote 750 g","brand":"COLA CAO ","img":"https://sgfm.elcorteingles.es/SGFM/dctm/MEDIA03/201702/21/00120646400950____2__600x600.jpg","price":"5,01 €            ","price_unit":"(6,29 € / Kilo)","categories":["Supermercado","Desayunos Dulces y pan","Desayunos, dulces y pan","Cafés y cacaos","Cacao soluble / instantáneo","COLA CAO Turbo bote 750 g"],"general_information":["Denominación del alimento: Preparado alimenticio al cacao","País de origen: España","Nombre del operador: IDILIA FOODS, S.L.","Dirección del operador: LEPANTO 410-414 08025-Barcelona","Cantidad Neta: 0.75 Kilogramos"],"ingredients":[" azúcar, cacao desgrasado en polvo, harina de trigo, fibra, emulgente (lecitina de soja), aromas, sal. Puede contener leche."],"conservation":" Mantener en lugar fresco y seco","ean":"8410014820952"},{"full_name":"COLA CAO Original formato ahorro bolsa 1,2 kg","name":"Original formato ahorro bolsa 1,2 kg","brand":"COLA CAO ","img":"https://sgfm.elcorteingles.es/SGFM/dctm/MEDIA03/201704/26/00120646400455____6__600x600.jpg","price":"7,94 €","price_unit":"(6,62 € / Kilo)","categories":["Supermercado","Desayunos Dulces y pan","Desayunos, dulces y pan","Cafés y cacaos","Cacao soluble / instantáneo","COLA CAO Original formato ahorro bolsa 1,2 kg"],"general_information":["Denominación del alimento: Preparado alimenticio al cacao","País de origen: España","Nombre del operador: IDILIA FOODS, S.L.","Dirección del operador: LEPANTO 410-414 08025-Barcelona","Cantidad Neta: 1.4 Kilogramos"],"ingredients":[" azúcar, cacao desgrasado en polvo, crema de cereal kola-malteado (harina de trigo, extracto de malta de cebada, aroma natural: extracto de nuez de cola), sales minerales (calcio y fósforo), aromas, sal."],"conservation":" Mantener en lugar fresco, seco y lejos de productos que desprendan olores o aromas intensos (como por ejemplo detergentes)","ean":"8410014405845"},{"full_name":"COLA CAO Original bote 800 g","name":"Original bote 800 g","brand":"COLA CAO ","img":"https://sgfm.elcorteingles.es/SGFM/dctm/MEDIA03/201704/26/00120646400190____2__600x600.jpg","price":"5,08 €","price_unit":"(6,35 € / Kilo)","categories":["Supermercado","Desayunos Dulces y pan","Desayunos, dulces y pan","Cafés y cacaos","Cacao soluble / instantáneo","COLA CAO Original bote 800 g"],"general_information":[],"ingredients":[],"ean":"8410014453945"},{"full_name":"COLA CAO Original bote 400 g","name":"Original bote 400 g","brand":"COLA CAO ","img":"https://sgfm.elcorteingles.es/SGFM/dctm/MEDIA03/201704/26/00120646400182____1__600x600.jpg","price":"2,97 €","price_unit":"(7,42 € / Kilo)","categories":["Supermercado","Desayunos Dulces y pan","Desayunos, dulces y pan","Cafés y cacaos","Cacao soluble / instantáneo","COLA CAO Original bote 400 g"],"general_information":["Denominación del alimento: Preparado alimenticio al cacao","País de origen: España","Nombre del operador: Idilia Foods SL.","Dirección del operador: Lepanto, 410-414 08025-Barcelona","Cantidad Neta: 0.45 Kilogramos"],"ingredients":[" Azúcar, cacao desgrasado en polvo, crema de cereal kola-malteado (harina de trigo, extracto de malta de cebada, aroma natural: extracto de nuez de cola), sales minerales (calcio y fósforo), aromas, sal. Puede contener leche."],"conservation":" Mantener en lugar fresco y seco","ean":"8410014837578"},{"full_name":"COLA CAO Original estuche 6 sobres","name":"Original estuche 6 sobres","brand":"COLA CAO ","img":"https://sgfm.elcorteingles.es/SGFM/dctm/MEDIA03/201704/26/00120646400067____2__600x600.jpg","price":"1,53 €","price_unit":"(14,17 € / Kilo)","categories":["Supermercado","Desayunos Dulces y pan","Desayunos, dulces y pan","Cafés y cacaos","Cacao soluble / instantáneo","COLA CAO Original estuche 6 sobres"],"general_information":["Denominación del alimento: Preparado alimenticio al cacao","País de origen: España","Nombre del operador: IDILIA FOODS, S.L.","Dirección del operador: LEPANTO 410-414 08025-Barcelona","Cantidad Neta: 0.108 Kilogramos"],"ingredients":[" azúcar, cacao desgrasado en polvo, crema de cereal kola-malteado (harina de trigo, extracto de malta de cebada, aroma natural: extracto de nuez de cola), sales minerales (calcio y fósforo), aromas, sal. Puede contener leche."],"conservation":" Mantener en lugar fresco y seco","ean":"8410014020277"},{"full_name":"COLA CAO Turbo bote 375 g","name":"Turbo bote 375 g","brand":"COLA CAO ","img":"https://sgfm.elcorteingles.es/SGFM/dctm/MEDIA03/201702/21/00120646400059____1__600x600.jpg","price":"2,68 €","price_unit":"(7,15 € / Kilo)","categories":["Supermercado","Desayunos Dulces y pan","Desayunos, dulces y pan","Cafés y cacaos","Cacao soluble / instantáneo","COLA CAO Turbo bote 375 g"],"general_information":["Denominación del alimento: Preparado alimenticio al cacao","País de origen: España","Nombre del operador: IDILIA FOODS, S.L.","Dirección del operador: LEPANTO 410-414 08025-Barcelona","Cantidad Neta: 0.375 Kilogramos"],"ingredients":[" azúcar, cacao desgrasado en polvo, harina de trigo, fibra, emulgente (lecitina de soja), aromas, sal. Puede contener leche."],"conservation":" Mantener en lugar fresco y seco","ean":"8410014820938"},{"full_name":"COLA CAO Complet con cereales y fruta bote 360 g","name":"Complet con cereales y fruta bote 360 g","brand":"COLA CAO ","img":"https://sgfm.elcorteingles.es/SGFM/dctm/MEDIA03/201702/21/00120646400380____1__600x600.jpg","price":"3,58 €","price_unit":"(9,94 € / Kilo)","categories":["Supermercado","Desayunos Dulces y pan","Desayunos, dulces y pan","Cafés y cacaos","Cacao soluble / instantáneo","COLA CAO Complet con cereales y fruta bote 360 g"],"general_information":["Denominación del alimento: Preparado alimenticio con crema de cerealesPreparado alimentício com creme de cereais","País de origen: España","Nombre del operador: Idilia Foods SL.","Dirección del operador: Lepanto, 410-414 08025-Barcelona","Cantidad Neta: 0.41 Kilogramos"],"ingredients":[" Cola Cao 73% (azúcar, cacao desgrasado en polvo, harina de trigo, sales minerales: calcio, fósforo y zinc, aromas, sal), crema de cereales kola-malteados 23% (harinas de: trigo, avena, cebada, centeno y arroz, maltodextrina de maíz, extracto de malta de cebada, aroma natural: extracto de nuez de cola), fruta 2,5% (naranja deshidratada, equivalente a 15% de naranjas), emulgente (lecitina de soja), vitaminas (niacina (B3), B6, tiamina (B1), riboflavina (B2), A, ácido fólico (B9), D). Puede contener leche."],"conservation":" Mantener en lugar fresco y seco / Manter em lugar fresco e seco","ean":"8410014970565"},{"full_name":"COLA CAO 0% grasa y azúcares añadidos con cacao natural bote 300 g","name":"0% grasa y azúcares añadidos con cacao natural bote 300 g","brand":"COLA CAO ","img":"https://sgfm.elcorteingles.es/SGFM/dctm/MEDIA03/201605/18/00120646401040____1__600x600.jpg","price":"3,52 €","price_unit":"(11,73 € / Kilo)","categories":["Supermercado","Desayunos Dulces y pan","Desayunos, dulces y pan","Cafés y cacaos","Cacao soluble / instantáneo","COLA CAO 0% grasa y azúcares añadidos con cacao natural bote 300 g"],"general_information":["Denominación del alimento: Preparado alimenticio al cacao sin azúcares añadidos - con edulcorantes Alimento á base de Cacau ? sem adição de açúcares, com edulcorantes para misturar com leite","País de origen: España","Nombre del operador: IDILIA FOODS, S.L.","Dirección del operador: LEPANTO 410-414 08025-Barcelona","Cantidad Neta: 0.3 Kilogramos"],"ingredients":[" cacao desgrasado en polvo (42%), maltodextrina, crema de cereal kola-malteado (harina de trigo, extracto de malta de cebada, aroma natural: extracto de nuez de cola), fibra, sales minerales (calcio y fósforo), emulgente (lecitina de soja), antiaglomerante (fosfato tricálcico), aromas, edulcorantes (aspartamo, acesulfamo), sal. Puede contener leche."],"conservation":" Mantener en lugar fresco y seco/Manter em lugar fresco e seco","ean":"8410014442291"},{"full_name":"COLA CAO 0% grasa y azúcares añadidos con fibra y cacao natural bote 300 g","name":"0% grasa y azúcares añadidos con fibra y cacao natural bote 300 g","brand":"COLA CAO ","img":"https://sgfm.elcorteingles.es/SGFM/dctm/MEDIA03/201605/18/00120646401057____1__600x600.jpg","price":"3,45 €","price_unit":"(11,50 € / Kilo)","categories":["Supermercado","Desayunos Dulces y pan","Desayunos, dulces y pan","Cafés y cacaos","Cacao soluble / instantáneo","COLA CAO 0% grasa y azúcares añadidos con fibra y cacao natural bote 300 g"],"general_information":["Denominación del alimento: Preparado alimenticio al cacao, sin azúcares añadidos, con edulcorantes","País de origen: España","Nombre del operador: Idilia Foods SL.","Dirección del operador: Lepanto, 410-414 08025-Barcelona","Cantidad Neta: 0.3 Kilogramos"],"ingredients":[" Cacao desgrasado en polvo (42%), inulina, crema de cereal kola-malteado (harina de trigo, extracto de malta de cebada, aroma natural: extracto de nuez de cola), fibra, sales minerales (calcio y fósforo), emulgente (lecitina de soja), antiaglomerante (fosfato tricálcico), aromas, edulcorantes (aspartamo, acesulfamo), sal. Puede contener leche. Contiene una fuente de fenilalanina."],"conservation":" Mantener en lugar fresco y seco","ean":"8410014442581"},{"full_name":"COLA CAO Avenacao copos de avena solubles Kölln con cacao natural 0% azúcares añadidos bote 350 g","name":"Avenacao copos de avena solubles Kölln con cacao natural 0% azúcares añadidos bote 350 g","brand":"COLA CAO ","img":"https://sgfm.elcorteingles.es/SGFM/dctm/MEDIA03/201710/09/00120646401131____6__600x600.jpg","price":"4,03 €","price_unit":"(11,51 € / Kilo)","categories":["Supermercado","Desayunos Dulces y pan","Desayunos, dulces y pan","Cafés y cacaos","Cacao soluble / instantáneo","COLA CAO Avenacao copos de avena solubles Kölln con cacao natural 0% azúcares añadidos bote 350 g"],"general_information":["Denominación del alimento: Preparado alimenticio con avena integral y cacao natural, sin azúcares añadidos, con edulcorantes","País de origen: España","Nombre del operador: IDILIA FOODS, S.L.","Dirección del operador: LEPANTO 410-414 08025-Barcelona","Cantidad Neta: 0.35 Kilogramos"],"ingredients":[" Avena 34% (copos de avena integral solubles 25%, harina de avena), maltodextrina de maíz, cacao desgrasado natural en polvo 25%, crema de cereal kola-malteado (harina de trigo, extracto de malta de cebada, aroma natural: extracto de nuez de cola), sales minerales (calcio y fósforo), emulgente (lecitina de soja), aromas, edulcorantes (sucralosa, acesulfamo), sal, vitaminas (B6, tiamina, ácido fólico, B12)."],"conservation":" Mantener en lugar fresco y seco","ean":"8410014449900"},{"full_name":"COLA CAO Mi Primer Cola Cao bote 400 g","name":"Mi Primer Cola Cao bote 400 g","brand":"COLA CAO ","img":"https://sgfm.elcorteingles.es/SGFM/dctm/MEDIA03/201705/05/00120646401156____1__600x600.jpg","price":"3,19 €","price_unit":"(7,98 € / Kilo)","categories":["Supermercado","Desayunos Dulces y pan","Desayunos, dulces y pan","Cafés y cacaos","Cacao soluble / instantáneo","COLA CAO Mi Primer Cola Cao bote 400 g"],"general_information":["Denominación del alimento: PREPARADO ALIMENTICIO AL CACAO CON VITAMINAS Y MINERALES","País de origen: España","Nombre del operador: IDILIA FOODS, S.L.","Dirección del operador: LEPANTO 410-414 08025-Barcelona","Cantidad Neta: 0.4 Kilogramos"],"ingredients":[" Cola Cao [azúcar, cacao desgrasado natural, crema de cereal kola-malteado (harina de trigo, extracto de malta de cebada, aroma natural: extracto de nuez de cola), sales minerales: calcio y fosforo, aromas, sal], maltodextrina de maíz, emulgente (lecitina de soja), Vitaminas: (C, Niacina (B3), Tiamina (B1), Riboflavina (B2), B6, Ácido fólico (B9), D), sales minerales (sulfato de zinc, fosfato de hierro)."],"conservation":" Mantener en lugar fresco y seco","ean":"8410014446411"},{"full_name":"NESTLE NESQUIK cacao instantáneo formato hiper-ahorro sin gluten estuche 6 kg","name":"cacao instantáneo formato hiper-ahorro sin gluten estuche 6 kg","brand":"NESTLE NESQUIK ","img":"https://sgfm.elcorteingles.es/SGFM/00/84/0/0200246400840/0200246400840000g01011.jpg","price":"22,20 €","price_unit":"(3,70 € / Kilo)","categories":["Supermercado","Desayunos Dulces y pan","Desayunos, dulces y pan","Cafés y cacaos","Cacao soluble / instantáneo","NESTLE NESQUIK cacao instantáneo formato hiper-ahorro sin gluten estuche 6 kg"],"general_information":["Denominación del alimento: Preparado alimenticio al cacao de disolución instantánea en leche caliente o fría, idóneo para el desayuno o merienda","Nombre del operador: Nestlé España, S.A.","Dirección del operador: Avinguda Països Catalans, 51 - 08950 Esplugues de Llobregat (Barcelona)","Cantidad Neta: 6 Kilogramos"],"ingredients":[" Azúcar, cacao desgrasado (21.6%), minerales (carbonato de magnesio, pirofosfato férrico, sulfato de zinc), sal, vitaminas (C, B1 y D), aceite de girasol, aroma, canela, emulgente (lecitina de soja)."],"conservation":" Consérvese en lugar fresco y seco.","ean":"7613033459481"},{"full_name":"NESTLE NESQUIK cacao instantáneo sin gluten con regalos en el interior estuche 3 kg","name":"cacao instantáneo sin gluten con regalos en el interior estuche 3 kg","brand":"NESTLE NESQUIK ","img":"https://sgfm.elcorteingles.es/SGFM/dctm/MEDIA03/201604/26/00120646400794____3__600x600.jpg","price":"13,14 €","price_unit":"(4,38 € / Kilo)","categories":["Supermercado","Desayunos Dulces y pan","Desayunos, dulces y pan","Cafés y cacaos","Cacao soluble / instantáneo","NESTLE NESQUIK cacao instantáneo sin gluten con regalos en el interior estuche 3 kg"],"general_information":["Denominación del alimento: Preparado  alimenticio al cacao de disolución instantánea en leche caliente o fría, idóneo para el desayuno o merienda.","Nombre del operador: Nestlé España, S.A.","Dirección del operador: Nestlé España, S.A. Av. Països Catalans, 25-51 08950 Esplugues de Llobregat (Barcelona).","Cantidad Neta: 3 Kilogramos"],"ingredients":[" Ingredientes: Azúcar, cacao desgrasado (21,6%), minerales (carbonato de magnesio, pirofosfato férrico, sulfato de zinc), sal, vitaminas (C, B1, D), aceite de girasol, aroma, canela, emulgente (lecitina de soja)"],"conservation":" Consérvese en lugar fresco y seco","ean":"8410100025087"},{"full_name":"NESTLE NESQUIK cacao instantáneo formato ahorro sin gluten bolsa 1500 g","name":"cacao instantáneo formato ahorro sin gluten bolsa 1500 g","brand":"NESTLE NESQUIK ","img":"https://sgfm.elcorteingles.es/SGFM/dctm/MEDIA03/201608/24/00120646401008____2__600x600.jpg","price":"7,49 €","price_unit":"(4,99 € / Kilo)","categories":["Supermercado","Desayunos Dulces y pan","Desayunos, dulces y pan","Cafés y cacaos","Cacao soluble / instantáneo","NESTLE NESQUIK cacao instantáneo formato ahorro sin gluten bolsa 1500 g"],"general_information":["Denominación del alimento: Preparado alimenticio al cacao de disolución instantánea en leche caliente o fría, idóneo para el desayuno o merienda","Nombre del operador: Nestlé España, S.A.","Dirección del operador: Avinguda Països Catalans, 51 - 08950 Esplugues de Llobregat (Barcelona)","Cantidad Neta: 1.5 Kilogramos"],"ingredients":[" Azúcar, cacao desgrasado (21.6%), minerales (carbonato de magnesio, pirofosfato férrico, sulfato de zinc), sal, vitaminas (C, B1 y D), aceite de girasol, aroma, canela, emulgente (lecitina de soja)."],"conservation":" Conservar en lugar fresco y seco.","ean":"8410100025322"},{"full_name":"NESTLE NESQUIK cacao instantáneo sin gluten bolsa 1,2 kg","name":"cacao instantáneo sin gluten bolsa 1,2 kg","brand":"NESTLE NESQUIK ","img":"https://sgfm.elcorteingles.es/SGFM/dctm/MEDIA03/201608/26/00120646400786____2__600x600.jpg","price":"7,12 €","price_unit":"(5,93 € / Kilo)","categories":["Supermercado","Desayunos Dulces y pan","Desayunos, dulces y pan","Cafés y cacaos","Cacao soluble / instantáneo","NESTLE NESQUIK cacao instantáneo sin gluten bolsa 1,2 kg"],"general_information":["Denominación del alimento: Preparado alimenticio al cacao de disolución instantánea en leche caliente o fría, idóneo para el desayuno o merienda","Nombre del operador: Nestlé España, S.A.","Dirección del operador: NESTLÉ ESPAÑA, S.A. Av. Països Catalans 25-51, 08950 Esplugues de Llobregat (Barcelona).","Cantidad Neta: 1.2 Kilogramos"],"ingredients":[" Azúcar, cacao desgrasado (21,6%), minerales (carbonato de magnesio, pirofosfato férrico, sulfato de zinc), sal, vitaminas (C, B1, D), aceite de girasol, aroma, canela, emulgente (lecitina de soja)"],"conservation":" Conservar en lugar fresco, seco y apartado de olores intensos","ean":"8410100053646"},{"full_name":"NESTLE NESQUIK cacao instantáneo sin gluten bote 800 g","name":"cacao instantáneo sin gluten bote 800 g","brand":"NESTLE NESQUIK ","img":"https://sgfm.elcorteingles.es/SGFM/dctm/MEDIA03/201609/13/00120646400240____3__600x600.jpg","price":"4,14 €","price_unit":"(5,18 € / Kilo)","categories":["Supermercado","Desayunos Dulces y pan","Desayunos, dulces y pan","Cafés y cacaos","Cacao soluble / instantáneo","NESTLE NESQUIK cacao instantáneo sin gluten bote 800 g"],"general_information":["Denominación del alimento: Preparado  alimenticio al cacao de disolución instantánea en leche caliente o fría, idóneo para el desayuno o merienda.","Nombre del operador: Nestlé España, S.A.","Dirección del operador: Nestlé España, S.A. Av. Països Catalans, 25-51 08950 Esplugues de Llobregat (Barcelona).","Cantidad Neta: 800 g"],"ingredients":[" Ingredientes: Azúcar, cacao desgrasado (21,6%), minerales (carbonato de magnesio, pirofosfato férrico, sulfato de zinc), sal, vitaminas (C, B1, D), aceite de girasol, aroma, canela, emulgente (lecitina de soja)"],"conservation":" Conservar en lugar fresco y seco","ean":"8410100025131"},{"full_name":"NESTLE NESQUIK cacao instantáneo sin gluten con 30% menos de azúcares bote 450 g","name":"cacao instantáneo sin gluten con 30% menos de azúcares bote 450 g","brand":"NESTLE NESQUIK ","img":"https://sgfm.elcorteingles.es/SGFM/dctm/MEDIA03/201706/22/00120646401164____1__600x600.jpg","price":"4,45 €","price_unit":"(9,89 € / Kilo)","categories":["Supermercado","Desayunos Dulces y pan","Desayunos, dulces y pan","Cafés y cacaos","Cacao soluble / instantáneo","NESTLE NESQUIK cacao instantáneo sin gluten con 30% menos de azúcares bote 450 g"],"general_information":["Denominación del alimento: Preparado alimenticio al cacao de disolución instantánea en leche caliente o fría","Nombre del operador: Nestlé España, S.A.","Dirección del operador: Nestlé España, S.A. Edificio Nestlé. 08950 Esplugues de Llobregat (Barcelona)","Cantidad Neta: 450 g"],"ingredients":[" Maltodextrina, azúcar, dextrina de maíz, cacao desgrasado (17%), jarabe de glucosa, emulgente (lecitina de soja), minerales (pirofosfato férrico, sulfato de zinc), vitaminas (C, B1, D), sal, canela, aromas."],"conservation":" Conservar en lugar fresco y seco","ean":"7613036095945"},{"full_name":"NESTLE NESQUIK cacao instantáneo sin gluten bote 400 g","name":"cacao instantáneo sin gluten bote 400 g","brand":"NESTLE NESQUIK ","img":"https://sgfm.elcorteingles.es/SGFM/dctm/MEDIA03/201609/13/00120646400232____1__600x600.jpg","price":"2,46 €","price_unit":"(6,15 € / Kilo)","categories":["Supermercado","Desayunos Dulces y pan","Desayunos, dulces y pan","Cafés y cacaos","Cacao soluble / instantáneo","NESTLE NESQUIK cacao instantáneo sin gluten bote 400 g"],"general_information":["Denominación del alimento: Preparado alimenticio al cacao de disolución instantánea en leche caliente o fría, idóneo para el desayuno o merienda","Nombre del operador: Nestlé España, S.A.","Dirección del operador: Avinguda Països Catalans, 51 - 08950 Esplugues de Llobregat (Barcelona)","Cantidad Neta: 400 g"],"ingredients":[" Azúcar, cacao desgrasado (21.6%), minerales (carbonato de magnesio, pirofosfato férrico, sulfato de zinc), sal, vitaminas (C, B1 y D), aceite de girasol, aroma, canela, emulgente (lecitina de soja)."],"conservation":" Conservar en lugar fresco y seco.","ean":"8410100025155"},{"full_name":"NESTLE NESQUIK cacao instantáneo sabor extra choc bote 390 g","name":"cacao instantáneo sabor extra choc bote 390 g","brand":"NESTLE NESQUIK ","img":"https://sgfm.elcorteingles.es/SGFM/dctm/MEDIA03/201703/28/00120646400877____2__600x600.jpg","price":"2,70 €","price_unit":"(6,92 € / Kilo)","categories":["Supermercado","Desayunos Dulces y pan","Desayunos, dulces y pan","Cafés y cacaos","Cacao soluble / instantáneo","NESTLE NESQUIK cacao instantáneo sabor extra choc bote 390 g"],"general_information":["Denominación del alimento: Preparado alimenticio al cacao de disolución instantánea en leche caliente o fría, idóneo para el desayuno o merienda.","Nombre del operador: Nestlé España, S.A.","Dirección del operador: NESTLÉ ESPAÑA S.A. Av. Països Catalans, 25-51 08950 Esplugues de Llobregat (Barcelona)","Cantidad Neta: 390 g"],"ingredients":[" Ingredientes: Azúcar, cacao desgrasado (24%), emulgente (lecitina de soja), sal, aceite de girasol, canela, aromas naturales."],"conservation":" Consérvese en lugar fresco y seco","ean":"7613034139702"},{"full_name":"NESTLE NESQUIK Noche cacao instantáneo con melisa tila y manzanilla sin gluten envase 400 g","name":"Noche cacao instantáneo con melisa tila y manzanilla sin gluten envase 400 g","brand":"NESTLE NESQUIK ","img":"https://sgfm.elcorteingles.es/SGFM/dctm/MEDIA03/201712/11/00120646400539____12__600x600.jpg","price":"3,15 €","price_unit":"(7,88 € / Kilo)","categories":["Supermercado","Desayunos Dulces y pan","Desayunos, dulces y pan","Cafés y cacaos","Cacao soluble / instantáneo","NESTLE NESQUIK Noche cacao instantáneo con melisa tila y manzanilla sin gluten envase 400 g"],"general_information":["Denominación del alimento: Preparado alimenticio al cacao de disolución instantánea en leche caliente, idóneo para después de la cena.","Nombre del operador: Nestlé España, S.A.","Dirección del operador: NESTLÉ ESPAÑA, S.A., Edificio Nestlé, 08950 Esplugues de Llobregat (Barcelona).","Cantidad Neta: 400 g"],"ingredients":[" Azúcar, cacao desgrasado (20,5%), emulgente (lecitina de soja), extractos de melisa, tila y manzanilla (1,0%), miel en polvo (0,9%), sal, aceite de girasol, aroma, canela, maltodextrina."],"conservation":" Consérvese en lugar fresco y seco","ean":"7613031913060"},{"full_name":"INTERMON OXFAM Tierra Madre cacao instantáneo ecológico bote 400 g","name":"Tierra Madre cacao instantáneo ecológico bote 400 g","brand":"INTERMON OXFAM ","img":"https://sgfm.elcorteingles.es/SGFM/dctm/MEDIA03/201706/01/00120646401172____1__600x600.jpg","price":"4,24 €","price_unit":"(9,42 € / Kilo)","categories":["Supermercado","Desayunos Dulces y pan","Desayunos, dulces y pan","Cafés y cacaos","Cacao soluble / instantáneo","INTERMON OXFAM Tierra Madre cacao instantáneo ecológico bote 400 g"],"general_information":["Denominación del alimento: Preparado alimenticio en polvo a base de cacao desgrasado para bebida instantánea.","País de origen: España","Nombre del operador: Oxfam Intermon","Dirección del operador: C/ Louis Pasteur, 1 - NAVE 3 - 46980 Paterna","Cantidad Neta: 400 g","Número de raciones por envase: 20","Otras menciones obligatorias en la etiqueta: Puede contener trazas de leche."],"ingredients":[" Ingredientes: Azúcar de caña*+, cacao desgrasado en polvo*+ (18%),\nemulgente: lecitinas de girasol, vainilla extraída en polvo*, sal."],"conservation":" Conservar en lugar fresco y seco.","ean":"8436568450834"},{"full_name":"INTERMON OXFAM chocolate soluble bote 250 g","name":"chocolate soluble bote 250 g","brand":"INTERMON OXFAM ","img":"https://sgfm.elcorteingles.es/SGFM/00/68/7/0120646400687/0120646400687000g01011.jpg","price":"6,44 €","price_unit":"(25,76 € / Kilo)","categories":["Supermercado","Desayunos Dulces y pan","Desayunos, dulces y pan","Cafés y cacaos","Cacao soluble / instantáneo","INTERMON OXFAM chocolate soluble bote 250 g"],"general_information":["Denominación del alimento: Cacao en polvo.","Nombre del operador: Oxfam Intermón.","Dirección del operador: C/ Louis Pasteur 1, Parque tecnológico 46980 Paterna (Valencia).","Cantidad Neta: 250,0 g"],"ingredients":[" Cacao en polvo desgrasado*(98%), regulador de acidez (carbonato de potasio).                                   *Ingrediente procedente de comercio justo."],"conservation":" Conservar en lugar fresco y  seco.","ean":"8437001415885"},{"full_name":"MAÑOCAO cacao instantáneo bote 500 g","name":"cacao instantáneo bote 500 g","brand":"MAÑOCAO ","img":"https://sgfm.elcorteingles.es/SGFM//00/89/3/0120646400893/0120646400893000g01011.jpg","price":"2,60 €","price_unit":"(2,89 € / Kilo)","categories":["Supermercado","Desayunos Dulces y pan","Desayunos, dulces y pan","Cafés y cacaos","Cacao soluble / instantáneo","MAÑOCAO cacao instantáneo bote 500 g"],"general_information":["Denominación del alimento: Preparado al cacao en polvo","Nombre del operador: Mañocao & Friends, SL","Dirección del operador: C/San Andrés 8, 3º, 50001, Zaragoza.","Cantidad Neta: 500 g"],"ingredients":[" Azúcar, cacao desgrasado en polvo, harina de trigo, aroma y emulgente: lecitina de soja. Puede contener leche."],"conservation":" Preservar del calor y la humedad. Temperatura ideal de conservación 20°C.","ean":"8437013630016"},{"full_name":"MAÑOCAO cacao soluble bote 900 g","name":"cacao soluble bote 900 g","brand":"MAÑOCAO ","img":"https://sgfm.elcorteingles.es/SGFM//00/88/5/0120646400885/0120646400885000g01011.jpg","price":"4,59 €","price_unit":"(5,10 € / Kilo)","categories":["Supermercado","Desayunos Dulces y pan","Desayunos, dulces y pan","Cafés y cacaos","Cacao soluble / instantáneo","MAÑOCAO cacao soluble bote 900 g"],"general_information":["Denominación del alimento: Preparado al cacao en polvo","Nombre del operador: Mañocao & Friends, SL","Dirección del operador: C/San Andrés 8, 3º, 50001, Zaragoza.","Cantidad Neta: 900 g"],"ingredients":[" Azúcar, cacao desgrasado en polvo, harina de trigo, aroma y emulgente: lecitina de soja. Puede contener leche."],"conservation":" Preservar del calor y la humedad. Temperatura ideal de conservación 20°C.","ean":"8437013630009"},{"full_name":"ALTERNATIVA 3 cacao instantáneo ecológico sin lactosa y sin gluten estuche 275 g","name":"cacao instantáneo ecológico sin lactosa y sin gluten estuche 275 g","brand":"ALTERNATIVA 3 ","img":"https://sgfm.elcorteingles.es/SGFM/dctm/MEDIA03/201701/30/00120646600013____2__600x600.jpg","price":"2,85 €","price_unit":"(10,36 € / Kilo)","categories":["Supermercado","Desayunos Dulces y pan","Desayunos, dulces y pan","Cafés y cacaos","Cacao soluble / instantáneo","ALTERNATIVA 3 cacao instantáneo ecológico sin lactosa y sin gluten estuche 275 g"],"general_information":["Denominación del alimento: Cacao instantáneo","País de origen: República Dominicana","Nombre del operador: Alternativa 3, S.C.C.L.","Dirección del operador: Ctra. Castellar, 526, 08227 Terrassa, Barcelona","Cantidad Neta: 250 g","Otras menciones obligatorias en la etiqueta: Comercio justo. Ecológico. Libre de alérgenos. Orígenes: cacao de República Dominicana/Perú y Azúcar de Paraguay."],"ingredients":[" Azúcar de caña y cacao en polvo desgrasado (Min. 35% Cacao Puro desgrasado.)"],"conservation":" Conservar en lugar fresco y seco","ean":"8435030571725"},{"full_name":"MILKY SIP pajitas rellenas de cacao para chocolatear la leche 5 unidades paquete 30 g","name":"pajitas rellenas de cacao para chocolatear la leche 5 unidades paquete 30 g","brand":"MILKY SIP ","img":"https://sgfm.elcorteingles.es/SGFM/dctm/MEDIA03/201706/09/00120606600078____1__600x600.jpg","price":"0,80 €","price_unit":"(26,67 € / Kilo)","categories":["Supermercado","Desayunos Dulces y pan","Desayunos, dulces y pan","Cafés y cacaos","Cacao soluble / instantáneo","MILKY SIP pajitas rellenas de cacao para chocolatear la leche 5 unidades paquete 30 g"],"general_information":["Denominación del alimento: Pajitas para la leche con sabor a chocolate","País de origen: Hungr¡a","Nombre del operador: Inasa Import S.L","Dirección del operador: Calle Zurbarán 7. entreplanta 4-28010 Madrid","Lugar de procedencia del alimento: Hungría","Cantidad Neta: 30 g","Número de raciones por envase: 5"],"ingredients":[" Azúcar, cacao en polvo reducido en grasas, dextrosa, jarabe de glucosa, aroma."],"conservation":" Conservar en lugar fresco y seco.","ean":"5999565270360"},{"full_name":"MILKY SIP pajitas rellenas de fresa para acompañar a la leche 5 unidades paquete 30 g","name":"pajitas rellenas de fresa para acompañar a la leche 5 unidades paquete 30 g","brand":"MILKY SIP ","img":"https://sgfm.elcorteingles.es/SGFM/dctm/MEDIA03/201706/09/00120606600086____1__600x600.jpg","price":"0,80 €","price_unit":"(26,67 € / Kilo)","categories":["Supermercado","Desayunos Dulces y pan","Desayunos, dulces y pan","Cafés y cacaos","Cacao soluble / instantáneo","MILKY SIP pajitas rellenas de fresa para acompañar a la leche 5 unidades paquete 30 g"],"general_information":["Denominación del alimento: Pajitas para la leche con sabor a fresa","País de origen: Hungr¡a","Nombre del operador: Inasa Import S.L","Dirección del operador: Calle Zurbarán 7. entreplanta 4-28010 Madrid","Lugar de procedencia del alimento: Hungría","Cantidad Neta: 30 g","Número de raciones por envase: 5"],"ingredients":[" Azúcar, dextrosa, jarabe de glucosa, aroma, colorante (concentrado de zumo de zanahoria negra)."],"conservation":" Conservar en lugar fresco y seco.","ean":"5999565270384"},{"full_name":"ALIADA chocolate a la taza instantáneo bote 500 g","name":"chocolate a la taza instantáneo bote 500 g","brand":"ALIADA ","img":"https://sgfm.elcorteingles.es/SGFM/dctm/MEDIA02/CONTENIDOS/201410/01/00120646400935____2__600x600.jpg","price":"1,88 €","price_unit":"(3,76 € / Kilo)","categories":["Supermercado","Desayunos Dulces y pan","Desayunos, dulces y pan","Cafés y cacaos","Cacao en polvo","ALIADA chocolate a la taza instantáneo bote 500 g"],"general_information":["Denominación del alimento: Preparado instantáneo en polvo a base de cacao para desayunos y meriendas a la taza.","Nombre del operador: Elaborado para el\nGrupo El Corte Inglés\nHermosilla, 112   28009 Madrid ? España \npor CIF: A80930993","Cantidad Neta: 500 g","Número de raciones por envase: ~ 12"],"ingredients":[" Ingredientes: Azúcar, cacao desgrasado en polvo (25%), espesante: almidón modificado (E-1420), aromas y canela. Puede contener trazas de gluten, leche y soja."],"conservation":" Conservar en lugar fresco, seco y carente de olores. Temperatura óptima de conservación 20º C.","ean":"8433329043724"},{"full_name":"ALIADA cacao en polvo a la taza bolsa 400 g","name":"cacao en polvo a la taza bolsa 400 g","brand":"ALIADA ","img":"https://sgfm.elcorteingles.es/SGFM/dctm/MEDIA03/201710/25/00120646400943____3__600x600.jpg","price":"1,59 €","price_unit":"(3,98 € / Kilo)","categories":["Supermercado","Desayunos Dulces y pan","Desayunos, dulces y pan","Cafés y cacaos","Cacao en polvo","ALIADA cacao en polvo a la taza bolsa 400 g"],"general_information":["Denominación del alimento: Preparado alimenticio al cacao para su consumo cocido.","Nombre del operador: Elaborado para el Grupo El Corte Inglés      Hermosilla, 112 - 28009 Madrid España / Espanha por CIF: A80930993","Cantidad Neta: 400 g","Número de raciones por envase: 8"],"ingredients":[" Ingredientes: Azúcar, cacao en polvo, harina de arroz y aroma.                                                                  Cacao: 19 % mínimo."],"conservation":" Preservar del calor y la humedad. Temperatura óptima de conservación entre 18 º C y 20 º C","ean":"8433329079471"},{"full_name":"VALOR chocolate a la taza soluble azucarado paquete 500 g","name":"chocolate a la taza soluble azucarado paquete 500 g","brand":"VALOR ","img":"https://sgfm.elcorteingles.es/SGFM/dctm/MEDIA03/201702/16/00120646400034____1__600x600.jpg","price":"2,51 €","price_unit":"(5,02 € / Kilo)","categories":["Supermercado","Desayunos Dulces y pan","Desayunos, dulces y pan","Cafés y cacaos","Cacao en polvo","VALOR chocolate a la taza soluble azucarado paquete 500 g"],"general_information":["Denominación del alimento: Preparado alimenticio al cacao para su consumo cocido","Nombre del operador: Chocolates Valor,S.A.","Dirección del operador: Av. Pianista Gonzalo Soriano, 13 - 03570 - Villajoyosa (Alicante)","Cantidad Neta: 500 g"],"ingredients":[" Azúcar, cacao desgrasado en polvo (19%), harina de trigo, emulgente: lecitina de soja, aromas. Puede contener trazas de leche."],"conservation":" Conservar en lugar fresco y seco, alejado de olores.","ean":"8410109000528"},{"full_name":"PALADIN Maestro chocolate a la taza 1 minuto en microondas bote 475 g","name":"Maestro chocolate a la taza 1 minuto en microondas bote 475 g","brand":"PALADIN ","img":"https://sgfm.elcorteingles.es/SGFM/dctm/MEDIA02/CONTENIDOS/201512/10/00120646400125____1__600x600.jpg","price":"3,25 €            ","price_unit":"(6,21 € / Kilo)","categories":["Supermercado","Desayunos Dulces y pan","Desayunos, dulces y pan","Cafés y cacaos","Cacao en polvo","PALADIN Maestro chocolate a la taza 1 minuto en microondas bote 475 g"],"general_information":["Denominación del alimento: Preparado alimenticio al cacao","País de origen: España","Nombre del operador: Idilia Foods SL.","Dirección del operador: Lepanto, 410-414 08025-Barcelona","Cantidad Neta: 0.475 Kilogramos"],"ingredients":[" Azúcar, espesantes (E 1442, goma tara), cacao desgrasado en polvo, aromas, sal. Puede contener trigo, leche."],"conservation":" Mantener en lugar fresco y seco","ean":"8410014871909"},{"full_name":"PALADIN cacao en polvo para hacer chocolate en 1 minuto vaso 33 g","name":"cacao en polvo para hacer chocolate en 1 minuto vaso 33 g","brand":"PALADIN ","img":"https://sgfm.elcorteingles.es/SGFM/dctm/MEDIA03/201710/31/00200246401210____1__600x600.jpg","price":"1,00 €","price_unit":"(30,30 € / Kilo)","categories":["Supermercado","Desayunos Dulces y pan","Desayunos, dulces y pan","Cafés y cacaos","Cacao en polvo","PALADIN cacao en polvo para hacer chocolate en 1 minuto vaso 33 g"],"general_information":["Denominación del alimento: Preparado alimenticio al cacao","País de origen: España","Nombre del operador: IDILIA FOODS, S.L.","Dirección del operador: LEPANTO 410-414 08025-Barcelona","Cantidad Neta: 0.033 Kilogramos"],"ingredients":[" azúcar, espesantes (E 1442, goma tara), cacao desgrasado en polvo, aromas, sal. Puede contener trigo."],"conservation":" Mantener en lugar fresco y seco.","ean":"8410014453396"},{"full_name":"NESTLE BUENOS DIAS chocolate en polvo con magnesio sin gluten lata 390 g","name":"chocolate en polvo con magnesio sin gluten lata 390 g","brand":"NESTLE BUENOS DIAS ","img":"https://sgfm.elcorteingles.es/SGFM/dctm/MEDIA03/201704/10/00120646400661____4__600x600.jpg","price":"3,17 €            ","price_unit":"(8,08 € / Kilo)","categories":["Supermercado","Desayunos Dulces y pan","Desayunos, dulces y pan","Cafés y cacaos","Cacao en polvo","NESTLE BUENOS DIAS chocolate en polvo con magnesio sin gluten lata 390 g"],"general_information":["Denominación del alimento: Chocolate en polvo para beber, con magnesio. Cacao: 32% mínimo.","Nombre del operador: Nestlé España, S.A.","Dirección del operador: Nestlé España, S.A. Av. Països Catalans, 25-51, 08950 Esplugues de Llobregat (Barcelona)","Cantidad Neta: 390 g","Otras menciones obligatorias en la etiqueta: Calcio: 31% VRN, Magnesio: 16% VRN"],"ingredients":[" Azúcar, cacao, carbonato magnésico, aroma, canela, emulgente (lecitina de soja)."],"conservation":" Conservar en lugar fresco y seco","ean":"7613035318724"},{"full_name":"TORRAS chocolate para hacer a la taza paquete 360 g","name":"chocolate para hacer a la taza paquete 360 g","brand":"TORRAS ","img":"https://sgfm.elcorteingles.es/SGFM/dctm/MEDIA03/201606/13/00120646400141____1__600x600.jpg","price":"3,32 €","price_unit":"(9,22 € / Kilo)","categories":["Supermercado","Desayunos Dulces y pan","Desayunos, dulces y pan","Cafés y cacaos","Cacao en polvo","TORRAS chocolate para hacer a la taza paquete 360 g"],"general_information":["Denominación del alimento: Preparado alimenticio de cacao para hacer a la taza","Nombre del operador: Chocolates Torras S.A.","Dirección del operador: Crta. Girona a Banyoles km 15, 17844 Cornella del Terri, Girona.","Cantidad Neta: 360 g","Número de raciones por envase: 10"],"ingredients":[" Azúcar, cacao desgrasado en polvo, fécula de maíz, aroma natural de vainilla y canela el polvo."],"conservation":" Conservar en lugar fresco y seco.","ean":"8410342002228"},{"full_name":"EXPRESS chocolate a la taza paquete 400 g","name":"chocolate a la taza paquete 400 g","brand":"EXPRESS ","img":"https://sgfm.elcorteingles.es/SGFM/00/39/8/0120646400398/0120646400398000g01011.jpg","price":"3,38 €","price_unit":"(8,45 € / Kilo)","categories":["Supermercado","Desayunos Dulces y pan","Desayunos, dulces y pan","Cafés y cacaos","Cacao en polvo","EXPRESS chocolate a la taza paquete 400 g"],"general_information":["Denominación del alimento: Cacao","Nombre del operador: Chocolate Express, S.L.","Dirección del operador: Pol. Pocomaco Parcela B-1-B - A Coruña - España","Cantidad Neta: 400,0 g"],"ingredients":[" azúcar, cacao en polvo desgrasado, harina de arroz."],"ean":"8414119100001"},{"full_name":"DRASANVI COLLMAR-CAO cacao desgrasado con colágeno marino, magnesio, calcio y vitaminas sin gluten bote 300 g","name":"COLLMAR-CAO cacao desgrasado con colágeno marino, magnesio, calcio y vitaminas sin gluten bote 300 g","brand":"DRASANVI ","img":"https://sgfm.elcorteingles.es/SGFM/dctm/MEDIA03/201608/18/00120748704135____1__600x600.jpg","price":"12,35 €","categories":["Supermercado","Desayunos Dulces y pan","Desayunos, dulces y pan","Cafés y cacaos","Cacao en polvo","DRASANVI COLLMAR-CAO cacao desgrasado con colágeno marino, magnesio, calcio y vitaminas sin gluten bote 300 g"],"general_information":[],"ingredients":[],"ean":"8436044515873"},{"full_name":"BARCO café torrefacto 2x 500 g con regalo de tableta de turrón","name":"café torrefacto 2x  500 g","brand":"BARCO ","img":"https://sgfm.elcorteingles.es/SGFM/dctm/MEDIA03/201711/24/00120602000984____1__600x600.jpg","price":"6,78 €","price_unit":"(6,78 € / Kilo)","categories":["Supermercado","Desayunos Dulces y pan","Desayunos, dulces y pan","Cafés y cacaos","Café torrefacto","BARCO café torrefacto 2x 500 g con regalo de tableta de turrón"],"general_information":["Denominación del alimento: Café torrefacto y turrón","Nombre del operador: Novadelta  Comercio Cafés en España S.A.U","Dirección del operador: Ctra Badajoz a Cáceres km 84 06007 Badajoz","Cantidad Neta: 1.150 Kilogramos"],"ingredients":[" Café ingredientes: Café torrefacto (grano. Turrón: contiene huevo y frutos secos como almendras. Puede contener semillas de sésamo."],"conservation":" Conservar los envases en un lugar seco, fresco y sin olores","ean":"5601307002077"},{"full_name":"BARCO café torrefacto molido paquete 250 g","name":"café torrefacto molido paquete 250 g","brand":"BARCO ","img":"https://sgfm.elcorteingles.es/SGFM/dctm/MEDIA02/CONTENIDOS/201410/27/00120604401008____1__600x600.jpg","price":"1,75 €","price_unit":"(7 € / Kilo)","categories":["Supermercado","Desayunos Dulces y pan","Desayunos, dulces y pan","Cafés y cacaos","Café torrefacto","BARCO café torrefacto molido paquete 250 g"],"general_information":["Denominación del alimento: Café Torrefacto molido.","Nombre del operador: Novadelta Comercio e Industria de Café S.A.","Dirección del operador: Herdade das Argamassas 7370-071 Campo Maior - Portugal.","Cantidad Neta: 250 g"],"ingredients":[" Café Torrefacto molido Arabica, Robusta, y azúcar."],"conservation":" Conserve el envase en lugar fresco y seco.","ean":"5601307002053"},{"full_name":"EKO cereales solubles frasco 150g pack 2 300 g","name":"cereales solubles frasco 150g pack 2  300 g","brand":"EKO ","img":"https://sgfm.elcorteingles.es/SGFM/dctm/MEDIA03/201603/15/00120643501164____1__600x600.jpg","price":"4,99 €","price_unit":"(16,63 € / Kilo)","categories":["Supermercado","Desayunos Dulces y pan","Desayunos, dulces y pan","Cafés y cacaos","Soluble de cereales y achicoria","EKO cereales solubles frasco 150g pack 2 300 g"],"general_information":["Denominación del alimento: Extracto soluble de cereales tostados, malta y achicoria","Nombre del operador: Nestlé España, S.A.","Dirección del operador: Edificio Nestlé 08950 Esplugues de Llobregat (Barcelona)","Cantidad Neta: 300 g"],"ingredients":[" Extracto de cereales (78.8%) (cebada, malta de cebada, centeno), achicoria (19,7%), aroma natural, corrector de acidez (E525)"],"conservation":"Modo de empleo: 1- Poner leche caliente o fría en una taza. 2- Añadir dos cucharadas de EKO (3g) y remover.","ean":"7613034773258"},{"full_name":"EKO cereales solubles frasco 150 g","name":"cereales solubles frasco 150 g","brand":"EKO ","img":"https://sgfm.elcorteingles.es/SGFM/dctm/MEDIA03/201603/16/00120643500901____1__600x600.jpg","price":"2,53 €","price_unit":"(16,87 € / Kilo)","categories":["Supermercado","Desayunos Dulces y pan","Desayunos, dulces y pan","Cafés y cacaos","Soluble de cereales y achicoria","EKO cereales solubles frasco 150 g"],"general_information":["Denominación del alimento: Extracto soluble de cereales tostados, malta y achicoria.","Nombre del operador: Nestlé España, S.A.","Dirección del operador: Av. Països Catalans, 25- 51 08950 Esplugues de Llobregat (Barcelona)","Cantidad Neta: 150 g"],"ingredients":[" Extracto de cereales 78,8% (cebada, malta de cebada, centeno), achicoria (19,7%), corrector de acidez (E525)."],"conservation":"Modo de empleo: Prepara tu taza de EKO - Poner leche caliente o fría en una taza - Añadir dos cucharadas de EKO (3g) y remover","ean":"8410100022154"},{"full_name":"EKO Magnesio mezcla de cereales y magnesio frasco 150 g","name":"Magnesio mezcla de cereales y magnesio frasco 150 g","brand":"EKO ","img":"https://sgfm.elcorteingles.es/SGFM/dctm/MEDIA03/201610/20/00120643501255____1__600x600.jpg","price":"2,65 €","price_unit":"(17,67 € / Kilo)","categories":["Supermercado","Desayunos Dulces y pan","Desayunos, dulces y pan","Cafés y cacaos","Soluble de cereales y achicoria","EKO Magnesio mezcla de cereales y magnesio frasco 150 g"],"general_information":["Denominación del alimento: Extracto soluble de cereales tostados, malta y achicoria con magnesio.","Nombre del operador: Nestlé España, S.A.","Dirección del operador: Nestlé España, S.A. Edificio Nestlé. 08950 Esplugues de Llobregat (Barcelona)","Cantidad Neta: 150 g"],"ingredients":[" Extracto de cereales (73,7%) (cebada, malta de cebada, centeno), achicoria (18,5%), sulfato de magnesio (6,2%), aroma natural, corrector de acidez (E525)."],"conservation":" Conservar en lugar fresco y seco","ean":"7613035591066"},{"full_name":"EKO cereales solubles con miel y jalea real frasco 150 g","name":"cereales solubles con miel y jalea real frasco 150 g","brand":"EKO ","img":"https://sgfm.elcorteingles.es/SGFM/dctm/MEDIA03/201603/16/00120643500919____2__600x600.jpg","price":"2,60 €","price_unit":"(17,33 € / Kilo)","categories":["Supermercado","Desayunos Dulces y pan","Desayunos, dulces y pan","Cafés y cacaos","Soluble de cereales y achicoria","EKO cereales solubles con miel y jalea real frasco 150 g"],"general_information":["Denominación del alimento: Extracto soluble de cereales tostados, malta y achicoria, con miel y jalea real","Nombre del operador: Nestlé España, S.A.","Dirección del operador: Nestlé España, S.A. Edificio Nestlé 08950 Esplugues de Llobregat (Barcelona)","Cantidad Neta: 150 g"],"ingredients":[" Ingredientes: extracto de cereales 66,7% (cebada, malta de cebada, centeno), achicoria (16,7%), miel con jalea real (11,9%) (miel 97% de la mezcla, jalea real 3% de la mezcla), azúcar caramelizado, aroma, corrector de acidez (E525)"],"conservation":"Modo de empleo: 1. Pon leche caliente o fría en una taza. 2. Añade dos cucharadas de Eko (3g) y remueve.","ean":"8410100022208"},{"full_name":"EL ARBOL achicoria soluble paquete 500 g","name":"achicoria soluble paquete 500 g","brand":"EL ARBOL ","img":"https://sgfm.elcorteingles.es/SGFM/dctm/CONTENIDOS/201511/24/00120643500885____1__600x600.jpg","price":"2,46 €","price_unit":"(4,92 € / Kilo)","categories":["Supermercado","Desayunos Dulces y pan","Desayunos, dulces y pan","Cafés y cacaos","Soluble de cereales y achicoria","EL ARBOL achicoria soluble paquete 500 g"],"general_information":["Denominación del alimento: Achicoria Tostada","Nombre del operador: MOLABE, S.A.","Dirección del operador: Polígono Ugaldeguren III, P25-4 48170 ZAMUDIO","Cantidad Neta: 500 g"],"ingredients":[" Achicoria y aceite vegetal. Puede contener trazas de gluten."],"conservation":" Una vez abierto, mantener en el envase o recipiente cerrado. Preservar de la humedad","ean":"8410392000052"},{"full_name":"EL ARBOL achicoria soluble paquete 250 g","name":"achicoria soluble paquete 250 g","brand":"EL ARBOL ","img":"https://sgfm.elcorteingles.es/SGFM/dctm/CONTENIDOS/201511/24/00120643500935____1__600x600.jpg","price":"1,32 €","price_unit":"(5,28 € / Kilo)","categories":["Supermercado","Desayunos Dulces y pan","Desayunos, dulces y pan","Cafés y cacaos","Soluble de cereales y achicoria","EL ARBOL achicoria soluble paquete 250 g"],"general_information":["Denominación del alimento: Achicoria Tostada","Nombre del operador: MOLABE, S.A.","Dirección del operador: Polígono Ugaldeguren III, P25-4 48170 ZAMUDIO","Cantidad Neta: 250 g"],"ingredients":[" Achicoria y aceite vegetal. Puede contener trazas de gluten."],"conservation":" Una vez abierto, mantener en el envase o recipiente cerrado. Preservar de la humedad","ean":"8410392000502"},{"full_name":"LEROUX achicoria soluble frasco 200 g","name":"achicoria soluble frasco 200 g","brand":"LEROUX ","img":"https://sgfm.elcorteingles.es/SGFM/dctm/CONTENIDOS/201511/24/00120643500893____1__600x600.jpg","price":"3,02 €","price_unit":"(15,10 € / Kilo)","categories":["Supermercado","Desayunos Dulces y pan","Desayunos, dulces y pan","Cafés y cacaos","Soluble de cereales y achicoria","LEROUX achicoria soluble frasco 200 g"],"general_information":["Denominación del alimento: Achicoria Soluble","Nombre del operador: MOLABE, S.A.","Dirección del operador: Polígono Ugaldeguren III, P25-4 48170 ZAMUDIO","Cantidad Neta: 200 g"],"ingredients":[" Achicoria soluble"],"conservation":" Conservar en sitio fresco y seco.","ean":"3067140013120"},{"full_name":"NESTLE RICORE bebida soluble 60% achicoria 40% café lata 260 g","name":"bebida soluble 60% achicoria 40% café lata 260 g","brand":"NESTLE RICORE ","img":"https://sgfm.elcorteingles.es/SGFM/00/78/6/0120643500786/0120643500786000g01011.jpg","price":"7,25 €","price_unit":"(27,88 € / Kilo)","categories":["Supermercado","Desayunos Dulces y pan","Desayunos, dulces y pan","Cafés y cacaos","Soluble de cereales y achicoria","NESTLE RICORE bebida soluble 60% achicoria 40% café lata 260 g"],"general_information":["Denominación del alimento: Preparado de café soluble y achicoria soluble con oligofructosa","Nombre del operador: Nestlé España, S.A.","Dirección del operador: Avinguda Països Catalans, 51 - 08950 Esplugues de Llobregat (Barcelona)","Cantidad Neta: 260 g"],"ingredients":[" Café soluble (34,3%), oligofructosa (33%), achicoria soluble (30,8%), sulfato de magnesio."],"conservation":" Conservar en lugar fresco y seco","ean":"7613033332913"},{"full_name":"LA PILARICA achicoria torrefactada paquete 500 g","name":"achicoria torrefactada paquete 500 g","brand":"LA PILARICA ","img":"https://sgfm.elcorteingles.es/SGFM/00/90/7/0200243500907/0200243500907000g01011.jpg","price":"3,19 €","price_unit":"(6,38 € / Kilo)","categories":["Supermercado","Desayunos Dulces y pan","Desayunos, dulces y pan","Cafés y cacaos","Soluble de cereales y achicoria","LA PILARICA achicoria torrefactada paquete 500 g"],"general_information":["Denominación del alimento: Achicoria Tostada","Nombre del operador: MOLABE, S.A.","Dirección del operador: Polígono Ugaldeguren III, P25-4 48170 ZAMUDIO","Cantidad Neta: 500 g"],"ingredients":[" Achicoria y aceite vegetal. Puede contener trazas de gluten."],"conservation":" Una vez abierto, mantener en el envase o recipiente cerrado. Preservar de la humedad","ean":"8410392000267"},{"full_name":"MIGUELET malta 25 sobres estuche 38 g","name":"malta 25 sobres estuche 38 g","brand":"MIGUELET ","img":"https://sgfm.elcorteingles.es/SGFM/00/04/2/0120666600042/0120666600042000g01011.jpg","price":"2,59 €","price_unit":"(68,16 € / Kilo)","categories":["Supermercado","Desayunos Dulces y pan","Desayunos, dulces y pan","Cafés y cacaos","Soluble de cereales y achicoria","MIGUELET malta 25 sobres estuche 38 g"],"general_information":["Denominación del alimento: Malta de cebada tostada","Nombre del operador: Camilo Monzo, S.L.","Dirección del operador: C/ Aben Al Abbar, 15 - 46021 Valencia","Cantidad Neta: 67,5 g"],"ingredients":[" Cebada 100% tostada molida. Contiene gluten."],"conservation":" Conservar bien cerrado en lugar fresco y seco.","ean":"8410089200048"}]