[{"full_name":"ALIADA caldo de pollo con aceite de oliva virgen extra envase 1 l","name":"caldo de pollo con aceite de oliva virgen extra envase 1 l","brand":"ALIADA ","img":"https://sgfm.elcorteingles.es/SGFM/dctm/MEDIA02/CONTENIDOS/201409/01/00200102002219____1__600x600.jpg","price":"0,95 €","price_unit":"(0,95 € / Litro)","categories":["Supermercado","Alimentación General","Caldos, sopas, purés y gazpachos","Caldo de pollo y carne","ALIADA caldo de pollo con aceite de oliva virgen extra envase 1 l"],"general_information":["Denominación del alimento: Caldo de pollo. Elaborado con proceso UHT.","Nombre del operador: Elaborado para el\n  Grupo El Corte Inglés \nHermosilla, 112 ? 28009 Madrid ? España \npor NIF: A08267403","Número de raciones por envase: 4.0"],"ingredients":[" Ingredientes: Caldo de pollo (agua, pollo (2%),  zanahoria (1%), cebolla (1%), perejil, aceite de oliva virgen extra (0,3%) y sal), fécula de maíz y aromas Puede contener huevo y leche"],"conservation":" Conservar en lugar fresco y seco.\nUna vez abierto, consérvese en el frigorífico un máximo de 4 días","ean":"8433329004251"},{"full_name":"ALIADA caldo de cocido con aceite de oliva virgen extra envase 1 l","name":"caldo de cocido con aceite de oliva virgen extra envase 1 l","brand":"ALIADA ","img":"https://sgfm.elcorteingles.es/SGFM/dctm/MEDIA02/CONTENIDOS/201409/01/00200102002227____1__600x600.jpg","price":"0,95 €","price_unit":"(0,95 € / Litro)","categories":["Supermercado","Alimentación General","Caldos, sopas, purés y gazpachos","Caldo de pollo y carne","ALIADA caldo de cocido con aceite de oliva virgen extra envase 1 l"],"general_information":["Denominación del alimento: Caldo de cocido. Elaborado con proceso UHT.","Nombre del operador: Elaborado para el\n  Grupo El Corte Inglés \nHermosilla, 112 ? 28009 Madrid ? España \npor NIF: A08267403","Número de raciones por envase: 4.0"],"ingredients":[" Ingredientes: Caldo de cocido (agua, pollo (1%),  ternera (1%), garbanzos (2%), zanahoria (1,5%),  cebolla (1%), perejil, aceite de oliva virgen extra (0,3%) y sal), fécula de maíz y aromas. Puede contener huevo y leche"],"conservation":" Conservar en lugar fresco y seco.\nUna vez abierto, consérvese en el frigorífico un máximo de 4 días","ean":"8433329004268"},{"full_name":"ANETO caldo de Navidad 100% natural envase 1 l","name":"caldo de Navidad 100% natural envase 1 l","brand":"ANETO ","img":"https://sgfm.elcorteingles.es/SGFM/dctm/MEDIA03/201611/17/00118002001404____2__600x600.jpg","price":"4,55 €","price_unit":"(4,55 € / Litro)","categories":["Supermercado","Alimentación General","Caldos, sopas, purés y gazpachos","Caldo de pollo y carne","ANETO caldo de Navidad 100% natural envase 1 l"],"general_information":["Denominación del alimento: Caldo Natural","Nombre del operador: ANETO NATURAL, S.L.","Dirección del operador: Calle Sant Jordi, s/n - 08271 Artés","Cantidad Neta: 1 Litros"],"ingredients":[" Agua, codillo de ternera, costilla de cerdo, jamón ibérico, gallina, cebolla, zanahoria, col, puerro, garbanzos, patata, ajo y sal marina"],"conservation":" Conservar a temperatura ambiente en lugar fresco y seco. Una vez abierto, puede conservarse hasta 4 días en el frigorífico (+4°C), y hasta 1 mes en el congelador*** (-18°C)","ean":"8410748403001"},{"full_name":"ANETO caldo de pollo 100% natural pack ahorro envase 2 l","name":"caldo de pollo 100% natural pack ahorro envase 2 l","brand":"ANETO ","img":"https://sgfm.elcorteingles.es/SGFM/02/52/4/0200102002524/0200102002524000g01011.jpg","price":"6,25 €            ","price_unit":"(3,10 € / Litro)","categories":["Supermercado","Alimentación General","Caldos, sopas, purés y gazpachos","Caldo de pollo y carne","ANETO caldo de pollo 100% natural pack ahorro envase 2 l"],"general_information":["Denominación del alimento: Caldo Natural","Nombre del operador: ANETO NATURAL, S.L.","Dirección del operador: Calle Sant Jordi, s/n - 08271 Artés","Cantidad Neta: 2 Litros"],"ingredients":[" Agua, pollo de corral (22%), cebolla, zanahoria, puerro, col, apio, y sal marina"],"conservation":" Conservar a temperatura ambiente en lugar fresco y seco. Una vez abierto, puede conservarse hasta 4 días en el frigorífico (+4°C), y hasta 1 mes en el congelador*** (-18°C)","ean":"8410748000163"},{"full_name":"ANETO caldo de pollo 100% natural envase 1,04 l","name":"caldo de pollo 100% natural envase 1,04 l","brand":"ANETO ","img":"https://sgfm.elcorteingles.es/SGFM/dctm/MEDIA03/201607/27/00118002003095____1__600x600.jpg","price":"3,59 €","price_unit":"(3,45 € / Litro)","categories":["Supermercado","Alimentación General","Caldos, sopas, purés y gazpachos","Caldo de pollo y carne","ANETO caldo de pollo 100% natural envase 1,04 l"],"general_information":[],"ingredients":[],"ean":"8410748201041"},{"full_name":"ANETO caldo de pollo ecológico 100% natural envase 1 l","name":"caldo de pollo ecológico 100% natural envase 1 l","brand":"ANETO ","img":"https://sgfm.elcorteingles.es/SGFM/00/02/2/0118002200022/0118002200022000g01011.jpg","price":"5,45 €","price_unit":"(5,45 € / Litro)","categories":["Supermercado","Alimentación General","Caldos, sopas, purés y gazpachos","Caldo de pollo y carne","ANETO caldo de pollo ecológico 100% natural envase 1 l"],"general_information":[],"ingredients":[],"ean":"8410748000682"},{"full_name":"ANETO caldo de pollo natural 0% sal añadida envase 1 l","name":"caldo de pollo natural 0% sal añadida envase 1 l","brand":"ANETO ","img":"https://sgfm.elcorteingles.es/SGFM/02/07/1/0118002002071/0118002002071000g01011.jpg","price":"3,59 €","categories":["Supermercado","Alimentación General","Caldos, sopas, purés y gazpachos","Caldo de pollo y carne","ANETO caldo de pollo natural 0% sal añadida envase 1 l"],"general_information":["Denominación del alimento: Caldo Natural","Nombre del operador: ANETO NATURAL, S.L.","Dirección del operador: Calle Sant Jordi, s/n - 08271 Artés","Cantidad Neta: 1 Litros"],"ingredients":[" Agua, pollo de corral (22%), cebolla, zanahoria, puerro, col, apio"],"conservation":" Conservar a temperatura ambiente en lugar fresco y seco. Una vez abierto, puede conservarse hasta 4 días en el frigorífico (+4°C), y hasta 1 mes en el congelador*** (-18°C)","ean":"8410748102119"},{"full_name":"ANETO caldo de pollo natural bajo en sal envase 1 l","name":"caldo de pollo natural bajo en sal envase 1 l","brand":"ANETO ","img":"https://sgfm.elcorteingles.es/SGFM/01/05/4/0200102001054/0200102001054000g01011.jpg","price":"3,59 €","price_unit":"(3,59 € / Litro)","categories":["Supermercado","Alimentación General","Caldos, sopas, purés y gazpachos","Caldo de pollo y carne","ANETO caldo de pollo natural bajo en sal envase 1 l"],"general_information":["Denominación del alimento: Caldo Natural","Nombre del operador: ANETO NATURAL, S.L.","Dirección del operador: Calle Sant Jordi, s/n - 08271 Artés","Cantidad Neta: 1 Litros"],"ingredients":[" Agua, pollo de corral (22%), cebolla, zanahoria, puerro, col, apio, y sal marina"],"conservation":" Conservar a temperatura ambiente en lugar fresco y seco. Una vez abierto, puede conservarse hasta 4 días en el frigorífico (+4°C), y hasta 1 mes en el congelador*** (-18°C)","ean":"8410748201034"},{"full_name":"ANETO caldo de pollo 100%  natural pack 3 envase 200 g","name":"caldo de pollo 100%  natural pack 3 envase 200 g","brand":"ANETO ","img":"https://sgfm.elcorteingles.es/SGFM/dctm/MEDIA02/CONTENIDOS/201408/21/00118002001644____2__600x600.jpg","price":"3,55 €","price_unit":"(5,92 € / Kilo)","categories":["Supermercado","Alimentación General","Caldos, sopas, purés y gazpachos","Caldo de pollo y carne","ANETO caldo de pollo 100%  natural pack 3 envase 200 g"],"general_information":["Denominación del alimento: Caldo Natural","Nombre del operador: ANETO NATURAL, S.L.","Dirección del operador: Calle Sant Jordi, s/n - 08271 Artés","Cantidad Neta: 750 Mililitros"],"ingredients":[" Agua, pollo de corral (22%), cebolla, zanahoria, puerro, col, apio, y sal marina"],"conservation":" Conservar a temperatura ambiente en lugar fresco y seco. Una vez abierto, puede conservarse hasta 4 días en el frigorífico (+4°C), y hasta 1 mes en el congelador*** (-18°C)","ean":"8410748092014"},{"full_name":"ANETO caldo de pollo 100% natural envase 500 ml","name":"caldo de pollo 100% natural envase 500 ml","brand":"ANETO ","img":"https://sgfm.elcorteingles.es/SGFM/dctm/MEDIA02/CONTENIDOS/201409/01/00200102002011____1__600x600.jpg","price":"2,10 €","price_unit":"(4,20 € / Litro)","categories":["Supermercado","Alimentación General","Caldos, sopas, purés y gazpachos","Caldo de pollo y carne","ANETO caldo de pollo 100% natural envase 500 ml"],"general_information":["Denominación del alimento: Caldo Natural","Nombre del operador: ANETO NATURAL, S.L.","Dirección del operador: Calle Sant Jordi, s/n - 08271 Artés","Cantidad Neta: 500 Mililitros"],"ingredients":[" Agua, pollo de corral (22%), cebolla, zanahoria, puerro, col, apio, y sal marina"],"conservation":" Conservar a temperatura ambiente en lugar fresco y seco. Una vez abierto, puede conservarse hasta 4 días en el frigorífico (+4°C), y hasta 1 mes en el congelador*** (-18°C)","ean":"8410748102010"},{"full_name":"ANETO caldo de carne 100% natural envase 1 l","name":"caldo de carne 100% natural envase 1 l","brand":"ANETO ","img":"https://sgfm.elcorteingles.es/SGFM/dctm/MEDIA03/201610/27/00118002003111____1__600x600.jpg","price":"4,28 €","price_unit":"(4,28 € / Litro)","categories":["Supermercado","Alimentación General","Caldos, sopas, purés y gazpachos","Caldo de pollo y carne","ANETO caldo de carne 100% natural envase 1 l"],"general_information":["Denominación del alimento: Caldo Natural","Nombre del operador: ANETO NATURAL, S.L.","Dirección del operador: Calle Sant Jordi, s/n - 08271 Artés","Cantidad Neta: 1 Litros"],"ingredients":[" Agua, carne y huesos de ternera (32%): (Morcillo, Jarrete, Espinazo, Falda, Entraña), cebolla, zanahoria, puerro, col, apio, chirivía, ajo, sal marina, aceite de oliva, laurel, tomillo"],"conservation":" Conservar a temperatura ambiente en lugar fresco y seco. Una vez abierto, puede conservarse hasta 4 días en el frigorífico (+4°C), y hasta 1 mes en el congelador*** (-18°C)","ean":"8410748801005"},{"full_name":"ANETO caldo de jamón 100% natural envase 1 l","name":"caldo de jamón 100% natural envase 1 l","brand":"ANETO ","img":"https://sgfm.elcorteingles.es/SGFM/dctm/MEDIA02/CONTENIDOS/201409/01/00200102000130____1__600x600.jpg","price":"3,59 €","price_unit":"(3,59 € / Litro)","categories":["Supermercado","Alimentación General","Caldos, sopas, purés y gazpachos","Caldo de pollo y carne","ANETO caldo de jamón 100% natural envase 1 l"],"general_information":["Denominación del alimento: Caldo Natural","Nombre del operador: ANETO NATURAL, S.L.","Dirección del operador: Calle Sant Jordi, s/n - 08271 Artés","Cantidad Neta: 1 Litros"],"ingredients":[" Agua, jamón serrano (20%), costilla de cerdo (15%), cebolla, zanahoria, puerro, apio, y sal marina"],"conservation":" Conservar a temperatura ambiente en lugar fresco y seco. Una vez abierto, puede conservarse hasta 4 días en el frigorífico (+4°C), y hasta 1 mes en el congelador*** (-18°C)","ean":"8410748101013"},{"full_name":"ANETO caldo de jamón 100% natural envase 500 ml","name":"caldo de jamón 100% natural envase 500 ml","brand":"ANETO ","img":"https://sgfm.elcorteingles.es/SGFM/dctm/MEDIA03/201707/19/00118002003285____1__600x600.jpg","price":"2,45 €","price_unit":"(4,90 € / Litro)","categories":["Supermercado","Alimentación General","Caldos, sopas, purés y gazpachos","Caldo de pollo y carne","ANETO caldo de jamón 100% natural envase 500 ml"],"general_information":["Denominación del alimento: Caldo Natural","Nombre del operador: ANETO NATURAL, S.L.","Dirección del operador: Calle Sant Jordi, s/n - 08271 Artés","Cantidad Neta: 500 Mililitros"],"ingredients":[" Agua, jamón serrano (20%), costilla de cerdo (15%), cebolla, zanahoria, puerro, apio, y sal marina"],"conservation":" Conservar a temperatura ambiente en lugar fresco y seco. Una vez abierto, puede conservarse hasta 4 días en el frigorífico (+4°C), y hasta 1 mes en el congelador*** (-18°C)","ean":"8410748101204"},{"full_name":"ANETO caldo de puchero 100% natural pack 2 envase 1 l","name":"caldo de puchero 100% natural pack 2 envase 1 l","brand":"ANETO ","img":"https://sgfm.elcorteingles.es/SGFM/dctm/MEDIA02/CONTENIDOS/201409/22/00200102002854____1__600x600.jpg","price":"6,25 €            ","price_unit":"(3,10 € / Litro)","categories":["Supermercado","Alimentación General","Caldos, sopas, purés y gazpachos","Caldo de pollo y carne","ANETO caldo de puchero 100% natural pack 2 envase 1 l"],"general_information":["Denominación del alimento: Caldo Natural","Nombre del operador: ANETO NATURAL, S.L.","Dirección del operador: Calle Sant Jordi, s/n - 08271 Artés","Cantidad Neta: 2 Litros"],"ingredients":[" Agua, codillo de ternera (12%), costillas de cerdo (8%), pollo (3%), jamón serrano (4%), cebolla, zanahoria, arroz, col, garbanzos, puerro, patata, ajo y sal marina"],"conservation":" Conservar a temperatura ambiente en lugar fresco y seco. Una vez abierto, puede conservarse hasta 4 días en el frigorífico (+4°C), y hasta 1 mes en el congelador*** (-18°C)","ean":"8410748000231"},{"full_name":"ANETO caldo de puchero 100% natural envase 1 l","name":"caldo de puchero 100% natural envase 1 l","brand":"ANETO ","img":"https://sgfm.elcorteingles.es/SGFM/dctm/MEDIA02/CONTENIDOS/201408/20/00118002001180____1__600x600.jpg","price":"3,59 €","price_unit":"(3,59 € / Litro)","categories":["Supermercado","Alimentación General","Caldos, sopas, purés y gazpachos","Caldo de pollo y carne","ANETO caldo de puchero 100% natural envase 1 l"],"general_information":["Denominación del alimento: Caldo Natural","Nombre del operador: ANETO NATURAL, S.L.","Dirección del operador: Calle Sant Jordi, s/n - 08271 Artés","Cantidad Neta: 1 Litros"],"ingredients":[" Agua, codillo de ternera (12%), costillas de cerdo (8%), pollo (3%), jamón serrano (4%), cebolla, zanahoria, arroz, col, garbanzos, puerro, patata, ajo y sal marina"],"conservation":" Conservar a temperatura ambiente en lugar fresco y seco. Una vez abierto, puede conservarse hasta 4 días en el frigorífico (+4°C), y hasta 1 mes en el congelador*** (-18°C)","ean":"8410748402004"},{"full_name":"ANETO caldo de puchero 100% natural envase 500 ml","name":"caldo de puchero 100% natural envase 500 ml","brand":"ANETO ","img":"https://sgfm.elcorteingles.es/SGFM/dctm/MEDIA02/CONTENIDOS/201510/05/00118002003038____1__600x600.jpg","price":"2,45 €","price_unit":"(4,90 € / Litro)","categories":["Supermercado","Alimentación General","Caldos, sopas, purés y gazpachos","Caldo de pollo y carne","ANETO caldo de puchero 100% natural envase 500 ml"],"general_information":["Denominación del alimento: Caldo Natural","Nombre del operador: ANETO NATURAL, S.L.","Dirección del operador: Calle Sant Jordi, s/n - 08271 Artés","Cantidad Neta: 500 Mililitros"],"ingredients":[" Agua, codillo de ternera (12%), costillas de cerdo (8%), pollo (3%), jamón serrano (4%), cebolla, zanahoria, arroz, col, garbanzos, puerro, patata, ajo y sal marina"],"conservation":" Conservar a temperatura ambiente en lugar fresco y seco. Una vez abierto, puede conservarse hasta 4 días en el frigorífico (+4°C), y hasta 1 mes en el congelador*** (-18°C)","ean":"8410748402226"},{"full_name":"ANETO caldo de Navidad 100% natural envase 500 ml","name":"caldo de Navidad 100% natural envase 500 ml","brand":"ANETO ","img":"https://sgfm.elcorteingles.es/SGFM/dctm/MEDIA02/CONTENIDOS/201412/10/00200102002748____1__600x600.jpg","price":"2,50 €","price_unit":"(5 € / Litro)","categories":["Supermercado","Alimentación General","Caldos, sopas, purés y gazpachos","Caldo de pollo y carne","ANETO caldo de Navidad 100% natural envase 500 ml"],"general_information":["Denominación del alimento: Caldo Natural","Nombre del operador: ANETO NATURAL, S.L.","Dirección del operador: Calle Sant Jordi, s/n - 08271 Artés","Cantidad Neta: 500 Mililitros"],"ingredients":[" Agua, codillo de ternera, costilla de cerdo, jamón ibérico, gallina, cebolla, zanahoria, col, puerro, garbanzos, patata, ajo y sal marina"],"conservation":" Conservar a temperatura ambiente en lugar fresco y seco. Una vez abierto, puede conservarse hasta 4 días en el frigorífico (+4°C), y hasta 1 mes en el congelador*** (-18°C)","ean":"8410748403308"},{"full_name":"GALLINA BLANCA caldo de pollo casero 100% natural pack 4 envases 1 l","name":"caldo de pollo casero 100% natural pack 4 envases 1 l","brand":"GALLINA BLANCA ","img":"https://sgfm.elcorteingles.es/SGFM/dctm/MEDIA03/201606/23/00118002002675____1__600x600.jpg","price":"6,15 €","price_unit":"(1,54 € / Litro)","categories":["Supermercado","Alimentación General","Caldos, sopas, purés y gazpachos","Caldo de pollo y carne","GALLINA BLANCA caldo de pollo casero 100% natural pack 4 envases 1 l"],"general_information":["Denominación del alimento: Caldo de Pollo","Nombre del operador: Gallina Blanca, S.A.U.","Dirección del operador: Plaza Europa 41, 08908 - Hospitalet de Llobregat (Barcelona)","Cantidad Neta: 1 Litros","Número de raciones por envase: 4","Otras menciones obligatorias en la etiqueta: Sin conservantes."],"ingredients":[" Agua, Pollo fresco 14%, apio 0,5%, patata 0,4%, cebolla 0,2%, zanahoria 0,2%, puerro 0,2%, grasa de cerdo, aroma natural (contiene huevo), aroma natural de zanahoria (contiene apio), sal y especias. Puede contener trazas de leche, pescado, crustáceos y moluscos."],"conservation":" Conservar en lugar fresco y seco.","ean":"8410300349112"},{"full_name":"GALLINA BLANCA caldo de pollo casero 100% natural envase 1 l","name":"caldo de pollo casero 100% natural envase 1 l","brand":"GALLINA BLANCA ","img":"https://sgfm.elcorteingles.es/SGFM/02/55/7/0200102002557/0200102002557000g01011.jpg","price":"1,75 €","price_unit":"(1,75 € / Litro)","categories":["Supermercado","Alimentación General","Caldos, sopas, purés y gazpachos","Caldo de pollo y carne","GALLINA BLANCA caldo de pollo casero 100% natural envase 1 l"],"general_information":["Denominación del alimento: Caldo de Pollo","Nombre del operador: Gallina Blanca, S.A.U.","Dirección del operador: Plaza Europa 42, 08902 - Hospitalet de Llobregat (Barcelona)","Cantidad Neta: 1 Litros","Número de raciones por envase: 4","Otras menciones obligatorias en la etiqueta: Sin conservantes."],"ingredients":[" Agua, Pollo fresco 14%, apio 0,5%, patata 0,4%, cebolla 0,2%, zanahoria 0,2%, puerro 0,2%, grasa de cerdo, aroma natural (contiene huevo), aroma natural de zanahoria (contiene apio), sal y especias. Puede contener trazas de leche, pescado, crustáceos y moluscos."],"conservation":" Conservar a temperatura ambiente en lugar fresco y seco. Conservación del producto una vez abierto: en nevera (+4ºC), máximo 4 días y en el congelador ***(-18ºC) utilizando un recipiente adecuado, 1 mes.","ean":"8410300349051"},{"full_name":"GALLINA BLANCA caldo de pollo casero 100% natural pack 2 envases 1 l","name":"caldo de pollo casero 100% natural pack 2 envases 1 l","brand":"GALLINA BLANCA ","img":"https://sgfm.elcorteingles.es/SGFM/dctm/MEDIA02/CONTENIDOS/201409/01/00200102002623____1__600x600.jpg","price":"3,35 €","price_unit":"(1,68 € / Litro)","categories":["Supermercado","Alimentación General","Caldos, sopas, purés y gazpachos","Caldo de pollo y carne","GALLINA BLANCA caldo de pollo casero 100% natural pack 2 envases 1 l"],"general_information":["Denominación del alimento: Caldo de Pollo","Nombre del operador: Gallina Blanca, S.A.U.","Dirección del operador: Plaza Europa 41, 08908 - Hospitalet de Llobregat (Barcelona)","Cantidad Neta: 1 Litros","Número de raciones por envase: 4","Otras menciones obligatorias en la etiqueta: Sin conservantes."],"ingredients":[" Agua, Pollo fresco 14%, apio 0,5%, patata 0,4%, cebolla 0,2%, zanahoria 0,2%, puerro 0,2%, grasa de cerdo, aroma natural (contiene huevo), aroma natural de zanahoria (contiene apio), sal y especias. Puede contener trazas de leche, pescado, crustáceos y moluscos."],"conservation":" Conservar en lugar fresco y seco.","ean":"8410300349129"},{"full_name":"GALLINA BLANCA caldo de pollo casero 100% natural  bajo en sal envase 1 l","name":"caldo de pollo casero 100% natural  bajo en sal envase 1 l","brand":"GALLINA BLANCA ","img":"https://sgfm.elcorteingles.es/SGFM/dctm/MEDIA03/201606/23/00118002002626____1__600x600.jpg","price":"1,75 €","price_unit":"(1,75 € / Litro)","categories":["Supermercado","Alimentación General","Caldos, sopas, purés y gazpachos","Caldo de pollo y carne","GALLINA BLANCA caldo de pollo casero 100% natural  bajo en sal envase 1 l"],"general_information":["Denominación del alimento: Caldo de Pollo Bajo en Sal","Nombre del operador: Gallina Blanca, S.A.U.","Dirección del operador: Plaza Europa 42, 08902 - Hospitalet de Llobregat (Barcelona)","Cantidad Neta: 1 Litros","Número de raciones por envase: 4","Otras menciones obligatorias en la etiqueta: Sin conservantes."],"ingredients":[" Agua, pollo fresco 7%, aromas naturales (contienen huevo), apio 0,2%, extracto de levadura, patata 0,2%, cebolla 0,1%, zanahoria 0,1%, puerro 0,1%, aroma natural de zanahoria (contiene apio), sal y especias. Puede contener trazas de leche, pescado, crustáceos y moluscos."],"conservation":" Conservar a temperatura ambiente en lugar fresco y seco. Conservación del producto una vez abierto: en nevera (+4ºC), máximo 4 días y en el congelador ***(-18ºC) utilizando un recipiente adecuado, 1 mes.","ean":"8410300348993"},{"full_name":"GALLINA BLANCA caldo de pollo casero 100% natural suave envase 1 l","name":"caldo de pollo casero 100% natural suave envase 1 l","brand":"GALLINA BLANCA ","img":"https://sgfm.elcorteingles.es/SGFM/dctm/MEDIA03/201606/23/00118002002790____1__600x600.jpg","price":"1,75 €","price_unit":"(1,75 € / Litro)","categories":["Supermercado","Alimentación General","Caldos, sopas, purés y gazpachos","Caldo de pollo y carne","GALLINA BLANCA caldo de pollo casero 100% natural suave envase 1 l"],"general_information":["Denominación del alimento: Caldo suave de Pollo","Nombre del operador: Gallina Blanca, S.A.U.","Dirección del operador: Plaza Europa 42, 08902 - Hospitalet de Llobregat (Barcelona)","Cantidad Neta: 1 Litros","Número de raciones por envase: 4","Otras menciones obligatorias en la etiqueta: Sin conservantes."],"ingredients":[" Agua, pollo fresco 18%, apio 0,6%, patata 0,5%, cebolla 0,3%, zanahoria 0,3%, puerro 0,3%, grasa de cerdo, aromas Naturales (contienen apio y huevo), sal y especias. Puede contener trazas de leche, pescado, crustáceos y moluscos."],"conservation":" Conservar a temperatura ambiente en lugar fresco y seco. Conservación del producto una vez abierto: en nevera (+4ºC), máximo 4 días y en el congelador ***(-18ºC) utilizando un recipiente adecuado, 1 mes.","ean":"8410300348818"},{"full_name":"GALLINA BLANCA caldo de cocido gourmet envase 1 l","name":"caldo de cocido gourmet envase 1 l","brand":"GALLINA BLANCA ","img":"https://sgfm.elcorteingles.es/SGFM/dctm/MEDIA03/201609/07/00200102003191____1__600x600.jpg","price":"2,86 €","price_unit":"(2,86 € / Litro)","categories":["Supermercado","Alimentación General","Caldos, sopas, purés y gazpachos","Caldo de pollo y carne","GALLINA BLANCA caldo de cocido gourmet envase 1 l"],"general_information":[],"ingredients":[],"ean":"8410300356448"},{"full_name":"GALLINA BLANCA caldo de pollo gourmet envase 1 l","name":"caldo de pollo gourmet envase 1 l","brand":"GALLINA BLANCA ","img":"https://sgfm.elcorteingles.es/SGFM/dctm/MEDIA03/201606/23/00118002002337____3__600x600.jpg","price":"2,86 €","price_unit":"(2,86 € / Litro)","categories":["Supermercado","Alimentación General","Caldos, sopas, purés y gazpachos","Caldo de pollo y carne","GALLINA BLANCA caldo de pollo gourmet envase 1 l"],"general_information":["Denominación del alimento: Caldo de Pollo de Corral","Nombre del operador: Gallina Blanca, S.A.U.","Dirección del operador: Plaza Europa 42, 08902 - Hospitalet de Llobregat (Barcelona)","Cantidad Neta: 1 Litros","Número de raciones por envase: 4","Otras menciones obligatorias en la etiqueta: Sin conservantes."],"ingredients":[" Agua, Pollo Fresco de Corral 31%, Apio, Patata, Cebolla, Zanahoria , Puerro , Aromas Naturales (contienen huevo y apio), y Sal. Puede contener trazas de leche, pescado, crustáceos y moluscos."],"conservation":" Conservar a temperatura ambiente en lugar fresco y seco. Conservación del producto una vez abierto: en nevera (+4ºC), máximo 4 días y en el congelador ***(-18ºC) utilizando un recipiente adecuado, 1 mes.","ean":"8410300347378"},{"full_name":"GALLINA BLANCA caldo de pollo casero 100% natural pack 2 envase 500 ml","name":"caldo de pollo casero 100% natural pack 2 envase 500 ml","brand":"GALLINA BLANCA ","img":"https://sgfm.elcorteingles.es/SGFM/dctm/MEDIA02/CONTENIDOS/201506/17/00200102003043____1__600x600.jpg","price":"2,35 €","price_unit":"(2,35 € / Litro)","categories":["Supermercado","Alimentación General","Caldos, sopas, purés y gazpachos","Caldo de pollo y carne","GALLINA BLANCA caldo de pollo casero 100% natural pack 2 envase 500 ml"],"general_information":["Denominación del alimento: Caldo de Pollo","Nombre del operador: Gallina Blanca, S.A.U.","Dirección del operador: Plaza Europa 42, 08902 - Hospitalet de Llobregat (Barcelona)","Cantidad Neta: 1 Litros","Número de raciones por envase: 2","Otras menciones obligatorias en la etiqueta: Sin conservantes."],"ingredients":[" Agua, Pollo fresco 14%, apio 0,5%, patata 0,4%, cebolla 0,2%, zanahoria 0,2%, puerro 0,2%, grasa de cerdo, aroma natural (contiene huevo), aroma natural de zanahoria (contiene apio), sal y especias. Puede contener trazas de leche, pescado, crustáceos y moluscos."],"conservation":" Conservar a temperatura ambiente en lugar fresco y seco. Conservación del producto una vez abierto: en nevera (+4ºC), máximo 4 días y en el congelador ***(-18ºC) utilizando un recipiente adecuado, 1 mes.","ean":"8410300353188"},{"full_name":"GALLINA BLANCA caldo de carne casero 100% natural envase 1 l","name":"caldo de carne casero 100% natural envase 1 l","brand":"GALLINA BLANCA ","img":"https://sgfm.elcorteingles.es/SGFM/dctm/MEDIA03/201606/23/00118002002683____1__600x600.jpg","price":"1,75 €","price_unit":"(1,75 € / Litro)","categories":["Supermercado","Alimentación General","Caldos, sopas, purés y gazpachos","Caldo de pollo y carne","GALLINA BLANCA caldo de carne casero 100% natural envase 1 l"],"general_information":["Denominación del alimento: Caldo de Carne","Nombre del operador: Gallina Blanca, S.A.U.","Dirección del operador: Plaza Europa 42, 08902 - Hospitalet de Llobregat (Barcelona)","Cantidad Neta: 1 Litros","Número de raciones por envase: 4","Otras menciones obligatorias en la etiqueta: Sin conservantes."],"ingredients":[" Agua, Ternera 3,5%, Apio 0,3%, Patata 0,2%, Cebolla 0,1%, Zanahoria 0,1%, Puerro 0,1%, Extracto de Carne 0,1%, Aroma Natural  (contiene leche) y Sal. Puede contener trazas de huevo."],"conservation":" Conservar a temperatura ambiente en lugar fresco y seco. Conservación del producto una vez abierto: en nevera (+4ºC), máximo 4 días y en el congelador ***(-18ºC) utilizando un recipiente adecuado, 1 mes.","ean":"8410300349044"},{"full_name":"GALLINA BLANCA caldo de cocido casero 100% natural pack 4 envase 1 l","name":"caldo de cocido casero 100% natural pack 4 envase 1 l","brand":"GALLINA BLANCA ","img":"https://sgfm.elcorteingles.es/SGFM/dctm/MEDIA03/201702/28/00200102003225____6__600x600.jpg","price":"6,15 €","price_unit":"(1,54 € / Litro)","categories":["Supermercado","Alimentación General","Caldos, sopas, purés y gazpachos","Caldo de pollo y carne","GALLINA BLANCA caldo de cocido casero 100% natural pack 4 envase 1 l"],"general_information":["Denominación del alimento: Caldo de Cocido","Nombre del operador: Gallina Blanca, S.A.U.","Dirección del operador: Plaza Europa 42, 08902 - Hospitalet de Llobregat (Barcelona)","Cantidad Neta: 1 Litros","Número de raciones por envase: 4","Otras menciones obligatorias en la etiqueta: Sin conservantes."],"ingredients":[" Agua, Ternera 2,6%, Pollo fresco 1,2%, Cerdo 0,6%, Apio 0,3%, Patata 0,2%, Col 0,2%, Garbanzos 0,2%, Puerro 0,1%, Zanahoria 0,1%, Cebolla 0,1%, Grasa de cerdo, Aromas naturales (contienen huevo), Sal y Especias. Puede contener trazas de leche."],"conservation":" Conservar a temperatura ambiente en lugar fresco y seco. Conservación del producto una vez abierto: en nevera (+4ºC), máximo 4 días y en el congelador ***(-18ºC) utilizando un recipiente adecuado, 1 mes.","ean":"8410300357100"},{"full_name":"GALLINA BLANCA caldo de cocido casero 100% natural pack 2 envase 1 l","name":"caldo de cocido casero 100% natural pack 2 envase 1 l","brand":"GALLINA BLANCA ","img":"https://sgfm.elcorteingles.es/SGFM/dctm/MEDIA02/CONTENIDOS/201510/14/00200102003126____2__600x600.jpg","price":"3,35 €","price_unit":"(1,68 € / Litro)","categories":["Supermercado","Alimentación General","Caldos, sopas, purés y gazpachos","Caldo de pollo y carne","GALLINA BLANCA caldo de cocido casero 100% natural pack 2 envase 1 l"],"general_information":["Denominación del alimento: Caldo de Cocido","Nombre del operador: Gallina Blanca, S.A.","Dirección del operador: Plaza Europa 41, 08908 - Hospitalet de Llobregat (Barcelona)","Cantidad Neta: 2 Litros","Número de raciones por envase: 4","Otras menciones obligatorias en la etiqueta: Sin conservantes."],"ingredients":[" Agua, Ternera 2,6%, Pollo fresco 1,2%, Cerdo 0,6%, Apio 0,3%, Patata 0,2%, Col 0,2%, Garbanzos 0,2%, Puerro 0,1%, Zanahoria 0,1%, Cebolla 0,1%, Grasa de cerdo, Aromas naturales (contienen huevo), Sal y Especias. Puede contener trazas de leche."],"conservation":" Conservar en lugar fresco y seco.","ean":"8410300354758"},{"full_name":"GALLINA BLANCA caldo de cocido casero 100% natural envase 1 l","name":"caldo de cocido casero 100% natural envase 1 l","brand":"GALLINA BLANCA ","img":"https://sgfm.elcorteingles.es/SGFM/dctm/MEDIA03/201606/23/00118002002618____3__600x600.jpg","price":"1,75 €","price_unit":"(1,75 € / Litro)","categories":["Supermercado","Alimentación General","Caldos, sopas, purés y gazpachos","Caldo de pollo y carne","GALLINA BLANCA caldo de cocido casero 100% natural envase 1 l"],"general_information":["Denominación del alimento: Caldo de Cocido","Nombre del operador: Gallina Blanca, S.A.U.","Dirección del operador: Plaza Europa 42, 08902 - Hospitalet de Llobregat (Barcelona)","Cantidad Neta: 1 Litros","Número de raciones por envase: 4","Otras menciones obligatorias en la etiqueta: Sin conservantes."],"ingredients":[" Agua, Ternera 2,6%, Pollo fresco 1,2%, Cerdo 0,6%, Apio 0,3%, Patata 0,2%, Col 0,2%, Garbanzos 0,2%, Puerro 0,1%, Zanahoria 0,1%, Cebolla 0,1%, Grasa de cerdo, Aromas naturales (contienen huevo), Sal y Especias. Puede contener trazas de leche."],"conservation":" Conservar a temperatura ambiente en lugar fresco y seco. Conservación del producto una vez abierto: en nevera (+4ºC), máximo 4 días y en el congelador ***(-18ºC) utilizando un recipiente adecuado, 1 mes.","ean":"8410300349006"},{"full_name":"GALLINA BLANCA caldo de escudella casero 100% natural envase 1 l","name":"caldo de escudella casero 100% natural envase 1 l","brand":"GALLINA BLANCA ","img":"https://sgfm.elcorteingles.es/SGFM/dctm/MEDIA03/201606/23/00118002002634____1__600x600.jpg","price":"1,75 €","price_unit":"(1,75 € / Litro)","categories":["Supermercado","Alimentación General","Caldos, sopas, purés y gazpachos","Caldo de pollo y carne","GALLINA BLANCA caldo de escudella casero 100% natural envase 1 l"],"general_information":["Denominación del alimento: Caldo de escudella","Nombre del operador: Gallina Blanca, S.A.U.","Dirección del operador: Plaza Europa 42, 08902 - Hospitalet de Llobregat (Barcelona)","Cantidad Neta: 1 Litros","Número de raciones por envase: 4","Otras menciones obligatorias en la etiqueta: Sin conservantes."],"ingredients":[" Agua, Ternera 1,4%, Pollo fresco 0,7%, Cerdo 0,3%, Apio 0,2%, Patata 0,1 %, Col 0,1%, Puerro 0,1%, Zanahoria 0,1%, Cebolla 0,1%, Garbanzos 0,1%, Butifarra Blanca 0,06% (Agua, Carne de Cerdo, Tocino de Cerdo, Vientres de Cerdo, Suero Concentrado de Leche, Sal y Especias), Butifarra Negra 0,06% (Agua, Cortezas de Cerdo, Carne de Cerdo, Tocino de Cerdo, Sangre Porcina en Polvo, Suero Concentrado de Leche, Sal y Especias), Aroma Natural (contiene Apio) y Sal. Puede contener trazas de Huevo."],"conservation":" Conservar a temperatura ambiente en lugar fresco y seco. Conservación del producto una vez abierto: en nevera (+4ºC), máximo 4 días y en el congelador ***(-18ºC) utilizando un recipiente adecuado, 1 mes.","ean":"8410300349037"},{"full_name":"GALLINA BLANCA Sopinstant crema de pollo con picatostes 3 sobres estuche 63 g","name":"Sopinstant crema de pollo con picatostes 3 sobres estuche 63 g","brand":"GALLINA BLANCA ","img":"https://sgfm.elcorteingles.es/SGFM/dctm/MEDIA03/201711/24/00118035500240____1__600x600.jpg","price":"1,08 €            ","price_unit":"(16,98 € / Kilo)","categories":["Supermercado","Alimentación General","Caldos, sopas, purés y gazpachos","Caldo de pollo y carne","GALLINA BLANCA Sopinstant crema de pollo con picatostes 3 sobres estuche 63 g"],"general_information":[],"ingredients":[],"ean":"8410300357452"},{"full_name":"GALLINA BLANCA sopa de cocido gourmet con jamón y chorizo ibéricos sobre 97 g","name":"sopa de cocido gourmet con jamón y chorizo ibéricos sobre 97 g","brand":"GALLINA BLANCA ","img":"https://sgfm.elcorteingles.es/SGFM/dctm/MEDIA03/201711/22/00118001501636____1__600x600.jpg","price":"1,25 €","price_unit":"(12,89 € / Kilo)","categories":["Supermercado","Alimentación General","Caldos, sopas, purés y gazpachos","Caldo de pollo y carne","GALLINA BLANCA sopa de cocido gourmet con jamón y chorizo ibéricos sobre 97 g"],"general_information":["Denominación del alimento: Sopa de cocido con fideos finos","Nombre del operador: Gallina Blanca, S.A.U.","Dirección del operador: Plaza Europa 42, 08902 - Hospitalet de Llobregat (Barcelona)","Cantidad Neta: 97 g","Número de raciones por envase: 4"],"ingredients":[" Pasta alimenticia 77,3% (fideos finos): Sémola de trigo duro, sal, ternera 3,7%, harina de trigo , patata ,  aromas naturales (con huevo) , almidón de trigo, pollo de corral 1,6% ,garbanzos, cebolla, extracto de levadura , cerdo, zanahoria , pimentón ahumado, grasa de cerdo , puerro , jamón de cebo ibérico 0,1%, chorizo 0,1% (con leche),  aceite de oliva , especias.    Puede contener trazas de apio, soja, pescado y crustáceos."],"conservation":" Conservar en lugar fresco y seco.","ean":"8410300359005"},{"full_name":"KNORR caldo casero de carne 100% ingredientes naturales envase 750 ml","name":"caldo casero de carne 100% ingredientes naturales envase 750 ml","brand":"KNORR ","img":"https://sgfm.elcorteingles.es/SGFM/dctm/MEDIA03/201710/10/00200102003324____1__600x600.jpg","price":"1,81 €            ","price_unit":"(2,33 € / Litro)","categories":["Supermercado","Alimentación General","Caldos, sopas, purés y gazpachos","Caldo de pollo y carne","KNORR caldo casero de carne 100% ingredientes naturales envase 750 ml"],"general_information":["Denominación del alimento: Caldo líquido de carne de vacuno","Nombre del operador: Unilever España S.A.","Dirección del operador: C/Tecnología 19, 08840 Viladecans (Barcelona)","Cantidad Neta: 750 Mililitros"],"ingredients":[" Agua, verduras y hortalizas (4,6%) (patata¹, cebolla¹ (15%), puerro¹ (13%), puré de tomate¹ (10%), apio (6,5%), zanahoria¹ (1,5%)), extracto de carne de vacuno (0,13%), carne de vacuno (0,04%), sal, aromas naturales (contiene apio). ¹Cultivadas de forma sostenible."],"conservation":" Antes de abrir, conservar a temperatura ambiente. Una vez abierto, conservar en el frigorífico un máximo de tres días.","ean":"8714100815755"},{"full_name":"KNORR caldo casero de pollo 100% ingredientes naturales envase 750 ml","name":"caldo casero de pollo 100% ingredientes naturales envase 750 ml","brand":"KNORR ","img":"https://sgfm.elcorteingles.es/SGFM/dctm/MEDIA03/201710/10/00200102003340____1__600x600.jpg","price":"1,81 €            ","price_unit":"(2,33 € / Litro)","categories":["Supermercado","Alimentación General","Caldos, sopas, purés y gazpachos","Caldo de pollo y carne","KNORR caldo casero de pollo 100% ingredientes naturales envase 750 ml"],"general_information":["Denominación del alimento: Caldo líquido de pollo con un 0,06% de aceite de oliva virgen extra","Nombre del operador: Unilever España S.A.","Dirección del operador: C/Tecnología 19, 08840 Viladecans (Barcelona)","Cantidad Neta: 750 Mililitros"],"ingredients":[" Agua, verduras y hortalizas¹ (5,1%) (patata, cebolla (29%), puerro (29%), zanahoria (10%), apio (2%)), carne de pollo (2,5%), sal, aceite de oliva virgen extra (0,06%), almidón de arroz, aromas naturales. ¹Cultivadas de forma sostenible."],"conservation":" Antes de abrir, conservar a temperatura ambiente. Una vez abierto, conservar en el frigorífico un máximo de tres días.","ean":"8714100815717"},{"full_name":"KNORR consomé de pollo y carne 100% ingredientes naturales envase 750 ml","name":"consomé de pollo y carne 100% ingredientes naturales envase 750 ml","brand":"KNORR ","img":"https://sgfm.elcorteingles.es/SGFM/dctm/MEDIA03/201709/26/00200102003290____1__600x600.jpg","price":"1,81 €            ","price_unit":"(2,33 € / Litro)","categories":["Supermercado","Alimentación General","Caldos, sopas, purés y gazpachos","Caldo de pollo y carne","KNORR consomé de pollo y carne 100% ingredientes naturales envase 750 ml"],"general_information":["Denominación del alimento: Caldo líquido de carne de vacuno y pollo","País de origen: Italia","Nombre del operador: Unilever","Dirección del operador: Atención al consumidor\nUnilever España, S.A.\nC/ Tecnología 19, 08840 Viladecans (Barcelona)\n<Icono teléfono> 900 812 511\nwww.knorr.es","Cantidad Neta: 750 Mililitros","Número de raciones por envase: 3"],"ingredients":[" Ingredientes: agua, verduras y hortalizas (1,4%) (cebolla¹, puré de tomate¹, APIO, zanahoria¹), extracto de carne de vacuno (0,2%), carne de vacuno (0,04%), carne de pollo (0,04%), sal, aromas naturales. ¹Cultivadas de forma sostenible."],"ean":"8714100815779"},{"full_name":"FERRER caldo de pollo casero botella 485 ml","name":"caldo de pollo casero botella 485 ml","brand":"FERRER ","img":"https://sgfm.elcorteingles.es/SGFM/dctm/MEDIA02/CONTENIDOS/201510/29/00118002003061____1__600x600.jpg","price":"1,95 €","price_unit":"(4,02 € / Litro)","categories":["Supermercado","Alimentación General","Caldos, sopas, purés y gazpachos","Caldo de pollo y carne","FERRER caldo de pollo casero botella 485 ml"],"general_information":["Denominación del alimento: Brou casolà de pollastre","Nombre del operador: Ferrer tradicional S.A.","Dirección del operador: Pol. Ind. Sta. Anna, Crta. Santpedor a Navarcles, Km4 -08251 Santpedor (Barcelona)","Cantidad Neta: 485 Mililitros"],"ingredients":[" Agua, carcasas de pollo (14%), gallina, patata, garbanzos, cebolla, fondo de pollo, fondo de verdura, almidón de tapioca, sal y especias."],"conservation":" Agitar bé abans d´obrir. Un cop obert, guardar en refrigeració i consumir en 4 dies.","ean":"8411026015480"},{"full_name":"HEINZ caldo de ternera lata 400 g","name":"caldo de ternera lata 400 g","brand":"HEINZ ","img":"https://sgfm.elcorteingles.es/SGFM/dctm/MEDIA02/CONTENIDOS/201502/16/00200102002987____1__600x600.jpg","price":"2,25 €","price_unit":"(5,62 € / Kilo)","categories":["Supermercado","Alimentación General","Caldos, sopas, purés y gazpachos","Caldo de pollo y carne","HEINZ caldo de ternera lata 400 g"],"general_information":[],"ingredients":[],"ean":"5000157063243"},{"full_name":"ALIADA caldo de verduras con aceite de oliva virgen extra envase 1 l","name":"caldo de verduras con aceite de oliva virgen extra envase 1 l","brand":"ALIADA ","img":"https://sgfm.elcorteingles.es/SGFM/dctm/MEDIA02/CONTENIDOS/201409/01/00200102002235____1__600x600.jpg","price":"0,95 €","price_unit":"(0,95 € / Litro)","categories":["Supermercado","Alimentación General","Caldos, sopas, purés y gazpachos","Caldo de verdura","ALIADA caldo de verduras con aceite de oliva virgen extra envase 1 l"],"general_information":["Denominación del alimento: Caldo de verduras. Elaborado con proceso UHT.","Nombre del operador: Elaborado para el\n  Grupo El Corte Inglés \nHermosilla, 112 ? 28009 Madrid ? España \npor NIF: A08267403","Número de raciones por envase: 4.0"],"ingredients":[" Ingredientes: Caldo de verduras (agua, espinacas (1%), cebolla (1%), puerro (1%), zanahoria (1%),  judía verde (1%), aceite de oliva virgen extra (0,3%) y sal), fécula de maíz y aromas. Puede contener huevo y leche"],"conservation":" Conservar en lugar fresco y seco.\nUna vez abierto, consérvese en el frigorífico un máximo de 4 días","ean":"8433329004275"},{"full_name":"ANETO caldo de verduras 100% natural envase 1 l","name":"caldo de verduras 100% natural envase 1 l","brand":"ANETO ","img":"https://sgfm.elcorteingles.es/SGFM/dctm/MEDIA02/CONTENIDOS/201409/01/00200102000106____1__600x600.jpg","price":"3,59 €","price_unit":"(3,59 € / Litro)","categories":["Supermercado","Alimentación General","Caldos, sopas, purés y gazpachos","Caldo de verdura","ANETO caldo de verduras 100% natural envase 1 l"],"general_information":["Denominación del alimento: Caldo Natural","Nombre del operador: ANETO NATURAL, S.L.","Dirección del operador: Calle Sant Jordi, s/n - 08271 Artés","Cantidad Neta: 1 Litros"],"ingredients":[" Agua, cebolla, zanahoria, puerro, apio, aceite de oliva virgen (0,15%) y sal marina"],"conservation":" Conservar a temperatura ambiente en lugar fresco y seco. Una vez abierto, puede conservarse hasta 4 días en el frigorífico (+4°C), y hasta 1 mes en el congelador*** (-18°C)","ean":"8410748301000"},{"full_name":"ANETO caldo de verdura 100% natural envase 500 ml","name":"caldo de verdura 100% natural envase 500 ml","brand":"ANETO ","img":"https://sgfm.elcorteingles.es/SGFM/dctm/MEDIA03/201707/19/00118002003301____1__600x600.jpg","price":"2,45 €","price_unit":"(4,90 € / Litro)","categories":["Supermercado","Alimentación General","Caldos, sopas, purés y gazpachos","Caldo de verdura","ANETO caldo de verdura 100% natural envase 500 ml"],"general_information":["Denominación del alimento: Caldo Natural","Nombre del operador: ANETO NATURAL, S.L.","Dirección del operador: Calle Sant Jordi, s/n - 08271 Artés","Cantidad Neta: 500 Mililitros"],"ingredients":[" Agua, cebolla, zanahoria, puerro, apio, aceite de oliva virgen (0,15%) y sal marina"],"conservation":" Conservar a temperatura ambiente en lugar fresco y seco. Una vez abierto, puede conservarse hasta 4 días en el frigorífico (+4°C), y hasta 1 mes en el congelador*** (-18°C)","ean":"8410748301222"},{"full_name":"ANETO caldo de verduras de cultivo ecológico 100% natural envase 1 l","name":"caldo de verduras de cultivo ecológico 100% natural envase 1 l","brand":"ANETO ","img":"https://sgfm.elcorteingles.es/SGFM/00/03/7/0200102200037/0200102200037000g01011.jpg","price":"5,45 €","price_unit":"(5,45 € / Litro)","categories":["Supermercado","Alimentación General","Caldos, sopas, purés y gazpachos","Caldo de verdura","ANETO caldo de verduras de cultivo ecológico 100% natural envase 1 l"],"general_information":[],"ingredients":[],"ean":"8410748000699"},{"full_name":"ANETO caldo de cebolla de cultivo ecológico 100% natural envase 1 l","name":"caldo de cebolla de cultivo ecológico 100% natural envase 1 l","brand":"ANETO ","img":"https://sgfm.elcorteingles.es/SGFM/dctm/MEDIA02/CONTENIDOS/201411/25/00200102200078____1__600x600.jpg","price":"5,66 €","price_unit":"(5,66 € / Litro)","categories":["Supermercado","Alimentación General","Caldos, sopas, purés y gazpachos","Caldo de verdura","ANETO caldo de cebolla de cultivo ecológico 100% natural envase 1 l"],"general_information":["Denominación del alimento: Caldo Natural","Nombre del operador: ANETO NATURAL, S.L.","Dirección del operador: Calle Sant Jordi, s/n - 08271 Artés","Cantidad Neta: 1 Litros"],"ingredients":[" Agua, cebolla (21%), puerro, apio, ajo, aceite de oliva virgen y sal marina"],"conservation":" Conservar a temperatura ambiente en lugar fresco y seco. Una vez abierto, puede conservarse hasta 4 días en el frigorífico (+4°C), y hasta 1 mes en el congelador*** (-18°C)","ean":"8410748303004"},{"full_name":"GALLINA BLANCA caldo de verduras casero 100% natural envase 1 l","name":"caldo de verduras casero 100% natural envase 1 l","brand":"GALLINA BLANCA ","img":"https://sgfm.elcorteingles.es/SGFM/dctm/MEDIA03/201606/23/00200102002656____2__600x600.jpg","price":"1,75 €","categories":["Supermercado","Alimentación General","Caldos, sopas, purés y gazpachos","Caldo de verdura","GALLINA BLANCA caldo de verduras casero 100% natural envase 1 l"],"general_information":["Denominación del alimento: Caldo de Verduras","Nombre del operador: Gallina Blanca, S.A.U.","Dirección del operador: Plaza Europa 42, 08902 - Hospitalet de Llobregat (Barcelona)","Cantidad Neta: 1 Litros","Número de raciones por envase: 4","Otras menciones obligatorias en la etiqueta: Sin conservantes."],"ingredients":[" Agua, Verduras 3,7% (Cebolla 34%, Calabacín 18%, Puerro 17%, Zanahoria 15%, Espinacas 11% y Apio 5%), Aceite de oliva virgen extra 0,15%, Aromas Naturales (contienen apio), Aroma natural de zanahoria (contiene apio) y Sal. Puede contener trazas de huevo y leche."],"conservation":" Conservar a temperatura ambiente en lugar fresco y seco. Conservación del producto una vez abierto: en nevera (+4ºC), máximo 4 días y en el congelador ***(-18ºC) utilizando un recipiente adecuado, 1 mes.","ean":"8410300349013"},{"full_name":"GALLINA BLANCA Sopinstant consomé al jerez con picatostes estuche 54 g","name":"Sopinstant consomé al jerez con picatostes estuche 54 g","brand":"GALLINA BLANCA ","img":"https://sgfm.elcorteingles.es/SGFM/dctm/MEDIA03/201711/24/00118035500232____1__600x600.jpg","price":"1,08 €            ","price_unit":"(19,81 € / Kilo)","categories":["Supermercado","Alimentación General","Caldos, sopas, purés y gazpachos","Caldo de verdura","GALLINA BLANCA Sopinstant consomé al jerez con picatostes estuche 54 g"],"general_information":["Denominación del alimento: Consomé al Jerez con picatostes","Nombre del operador: Gallina Blanca, S.A.","Dirección del operador: Plaza Europa 42, 08902 - Hospitalet de Llobregat (Barcelona)","Cantidad Neta: 46.5 g","Número de raciones por envase: 3","Otras menciones obligatorias en la etiqueta: Sin colorantes"],"ingredients":[" Maltodextrina, picatostes 19% (harina de trigo, aceite vegetal de palma, harina de arroz,  sal, levadura), almidón de patata, sal, extracto de levadura, aceite de oliva 2,7%, aromas (con apio y trigo),  extracto de carne de buey 1%, almidón de maíz, vino de  jerez 0,6%, cebolla 0,4%, zanahoria 0,3%,  aceite de girasol. Puede contener trazas de leche, huevo, soja, pescado y crustáceos."],"conservation":" Conservar en lugar fresco y seco.","ean":"8410300100911"},{"full_name":"KNORR caldo casero de verduras 100% ingredientes naturales envase 750 ml","name":"caldo casero de verduras 100% ingredientes naturales envase 750 ml","brand":"KNORR ","img":"https://sgfm.elcorteingles.es/SGFM/dctm/MEDIA03/201710/10/00200102003308____1__600x600.jpg","price":"1,75 €","price_unit":"(2,33 € / Litro)","categories":["Supermercado","Alimentación General","Caldos, sopas, purés y gazpachos","Caldo de verdura","KNORR caldo casero de verduras 100% ingredientes naturales envase 750 ml"],"general_information":["Denominación del alimento: Caldo líquido de verduras con un 0,01% de aceite de oliva virgen extra","Nombre del operador: Unilever España S.A.","Dirección del operador: C/Tecnología 19, 08840 Viladecans (Barcelona)","Cantidad Neta: 750 Mililitros"],"ingredients":[" Agua, verduras y hortalizas (5,7%) (puerro¹ (70%), puré de tomate¹ (10%), apio¹, zanahoria¹ (3,5%), espinaca¹ (3,5%), cebolla¹, patata¹, col), sal, ajo¹ (0,1%), aceite de oliva virgen extra (0,01%), almidón de arroz, aromas naturales (contiene apio). ¹Cultivadas de forma sostenible."],"conservation":" Antes de abrir, conservar a temperatura ambiente. Una vez abierto, conservar en el frigorífico un máximo de tres días.","ean":"8714100815694"},{"full_name":"ALIADA caldo de pescado con aceite de oliva virgen extra envase 1 l","name":"caldo de pescado con aceite de oliva virgen extra envase 1 l","brand":"ALIADA ","img":"https://sgfm.elcorteingles.es/SGFM/dctm/MEDIA02/CONTENIDOS/201409/01/00200102002243____1__600x600.jpg","price":"1,22 €","price_unit":"(1,22 € / Litro)","categories":["Supermercado","Alimentación General","Caldos, sopas, purés y gazpachos","Caldo de pescado","ALIADA caldo de pescado con aceite de oliva virgen extra envase 1 l"],"general_information":["Denominación del alimento: Caldo de verduras. Elaborado con proceso UHT.","Nombre del operador: Elaborado para el\n  Grupo El Corte Inglés \nHermosilla, 112 ? 28009 Madrid ? España \npor NIF: A08267403","Número de raciones por envase: 4.0"],"ingredients":[" Ingredientes: Caldo de pescado y marisco (Crustáceos y moluscos) (agua, pescado (0 5%), marisco (2%), zanahoria 2%),  cebolla (1,5%) aceite de oliva virgen extra (0,3%) y sal), fécula de maíz y aromas. Puede contener huevo y leche"],"conservation":" Conservar en lugar fresco y seco.\nUna vez abierto, consérvese en el frigorífico un máximo de 4 días","ean":"8433329004282"},{"full_name":"ANETO caldo de pescado 100% natural envase 1 l","name":"caldo de pescado 100% natural envase 1 l","brand":"ANETO ","img":"https://sgfm.elcorteingles.es/SGFM/00/37/9/0200102000379/0200102000379000g01011.jpg","price":"4,46 €            ","price_unit":"(4,28 € / Litro)","categories":["Supermercado","Alimentación General","Caldos, sopas, purés y gazpachos","Caldo de pescado","ANETO caldo de pescado 100% natural envase 1 l"],"general_information":["Denominación del alimento: Caldo Natural","Nombre del operador: ANETO NATURAL, S.L.","Dirección del operador: Calle Sant Jordi, s/n - 08271 Artés","Cantidad Neta: 1 Litros"],"ingredients":[" Agua, rape (32%), bacalao (2%), tomate, cebolla, zanahoria, hinojo, puerro, apio, aceite de oliva virgen, ajo y sal marina"],"conservation":" Conservar a temperatura ambiente en lugar fresco y seco. Una vez abierto, puede conservarse hasta 4 días en el frigorífico (+4°C), y hasta 1 mes en el congelador*** (-18°C)","ean":"8410748501004"},{"full_name":"ANETO caldo de pescado 100% natural envase 500 ml","name":"caldo de pescado 100% natural envase 500 ml","brand":"ANETO ","img":"https://sgfm.elcorteingles.es/SGFM/dctm/MEDIA03/201707/19/00118002003293____1__600x600.jpg","price":"2,90 €","price_unit":"(5,80 € / Litro)","categories":["Supermercado","Alimentación General","Caldos, sopas, purés y gazpachos","Caldo de pescado","ANETO caldo de pescado 100% natural envase 500 ml"],"general_information":["Denominación del alimento: Caldo Natural","Nombre del operador: ANETO NATURAL, S.L.","Dirección del operador: Calle Sant Jordi, s/n - 08271 Artés","Cantidad Neta: 500 Mililitros"],"ingredients":[" Agua, rape (32%), bacalao (2%), tomate, cebolla, zanahoria, hinojo, puerro, apio, aceite de oliva virgen, ajo y sal marina"],"conservation":" Conservar a temperatura ambiente en lugar fresco y seco. Una vez abierto, puede conservarse hasta 4 días en el frigorífico (+4°C), y hasta 1 mes en el congelador*** (-18°C)","ean":"8410748501233"},{"full_name":"ANETO fumet caldo de marisco y pescado de roca 100% natural envase 1 l","name":"fumet caldo de marisco y pescado de roca 100% natural envase 1 l","brand":"ANETO ","img":"https://sgfm.elcorteingles.es/SGFM/dctm/MEDIA02/CONTENIDOS/201510/19/00118002003053____1__600x600.jpg","price":"6,80 €            ","price_unit":"(6,75 € / Litro)","categories":["Supermercado","Alimentación General","Caldos, sopas, purés y gazpachos","Caldo de pescado","ANETO fumet caldo de marisco y pescado de roca 100% natural envase 1 l"],"general_information":["Denominación del alimento: Caldo Natural","Nombre del operador: ANETO NATURAL, S.L.","Dirección del operador: Calle Sant Jordi, s/n - 08271 Artés","Cantidad Neta: 1 Litros"],"ingredients":[" Agua, pescado de roca (14%): (congrio, escacho, rape, merluza, gallineta, cabracho), marisco (6%): (gamba roja, galera, cangrejo), tomate, cebolla, zanahoria, aceite de oliva virgen, hinojo, sal, puerro, apio, ñora, ajo, pimentón dulce, azúcar laurel"],"conservation":" Conservar a temperatura ambiente en lugar fresco y seco. Una vez abierto, puede conservarse hasta 4 días en el frigorífico (+4°C), y hasta 1 mes en el congelador*** (-18°C)","ean":"8410748141002"},{"full_name":"GALLINA BLANCA caldo de pescado casero 100% natural envase 1 l","name":"caldo de pescado casero 100% natural envase 1 l","brand":"GALLINA BLANCA ","img":"https://sgfm.elcorteingles.es/SGFM/02/57/3/0200102002573/0200102002573000g01011.jpg","price":"1,75 €","price_unit":"(1,75 € / Litro)","categories":["Supermercado","Alimentación General","Caldos, sopas, purés y gazpachos","Caldo de pescado","GALLINA BLANCA caldo de pescado casero 100% natural envase 1 l"],"general_information":["Denominación del alimento: Caldo de Pescado","Nombre del operador: Gallina Blanca, S.A.U.","Dirección del operador: Plaza Europa 42, 08902 - Hospitalet de Llobregat (Barcelona)","Cantidad Neta: 1 Litros","Número de raciones por envase: 4","Otras menciones obligatorias en la etiqueta: Sin conservantes."],"ingredients":[" Agua, Rape 2,7%, Bacalao 2,2%, Apio 0,4%, Patata 0,3%, Gambas 0,2%, Tomate 0,2%, Aceite de oliva 0,1%, Puerro 0,1%, Zanahoria 0,1%, Cebolla 0,1%, Aromas naturales (contienen pescado, crustáceos), Aroma natural de zanahoria (contiene apio), Sal y Especias. Puede contener trazas de huevo, leche y moluscos."],"conservation":" Conservar a temperatura ambiente en lugar fresco y seco. Conservación del producto una vez abierto: en nevera (+4ºC), máximo 4 días y en el congelador ***(-18ºC) utilizando un recipiente adecuado, 1 mes.","ean":"8410300349020"},{"full_name":"KNORR caldo de pescado casero 100% ingredientes naturales envase 750 ml","name":"caldo de pescado casero 100% ingredientes naturales envase 750 ml","brand":"KNORR ","img":"https://sgfm.elcorteingles.es/SGFM/dctm/MEDIA03/201710/10/00200102003316____1__600x600.jpg","price":"1,81 €            ","price_unit":"(2,33 € / Litro)","categories":["Supermercado","Alimentación General","Caldos, sopas, purés y gazpachos","Caldo de pescado","KNORR caldo de pescado casero 100% ingredientes naturales envase 750 ml"],"general_information":["Denominación del alimento: Caldo líquido de pescado con un 0,04% de aceite de oliva virgen extra","Nombre del operador: Unilever España S.A.","Dirección del operador: C/Tecnología 19, 08840 Viladecans (Barcelona)","Cantidad Neta: 750 Mililitros"],"ingredients":[" Agua, verduras y hortalizas¹ (9,24%) (patata, puré de tomate (19%), cebolla (16%), puerro (16%), zanahoria, apio), extracto de pescado (0,9%), ajo¹, sal, aceite de oliva virgen extra (0,04%), aroma natural. ¹Cultivadas de forma sostenible."],"conservation":" Antes de abrir, conservar a temperatura ambiente. Una vez abierto, conservar en el frigorífico un máximo de tres días.","ean":"8714100815731"},{"full_name":"ANETO caldo de pescado con verduras de procedencia ecológica 100% natural envase 1 l","name":"caldo de pescado con verduras de procedencia ecológica 100% natural envase 1 l","brand":"ANETO ","img":"https://sgfm.elcorteingles.es/SGFM//00/10/5/0118002200105/0118002200105000g01011.jpg","price":"5,45 €","price_unit":"(5,45 € / Litro)","categories":["Supermercado","Alimentación General","Caldos, sopas, purés y gazpachos","Caldo de pescado","ANETO caldo de pescado con verduras de procedencia ecológica 100% natural envase 1 l"],"general_information":["Denominación del alimento: Caldo Natural","Nombre del operador: ANETO NATURAL, S.L.","Dirección del operador: Calle Sant Jordi, s/n - 08271 Artés","Cantidad Neta: 1 Litros"],"ingredients":[" Agua, rape (32%), bacalao (2%), tomate, cebolla, zanahoria, hinojo, puerro, apio, aceite de oliva virgen, ajo y sal marina"],"conservation":" Conservar a temperatura ambiente en lugar fresco y seco. Una vez abierto, puede conservarse hasta 4 días en el frigorífico (+4°C), y hasta 1 mes en el congelador*** (-18°C)","ean":"8410748105035"},{"full_name":"ANETO caldo para paella valenciana 100% natural envase 1 l","name":"caldo para paella valenciana 100% natural envase 1 l","brand":"ANETO ","img":"https://sgfm.elcorteingles.es/SGFM/02/02/9/0200102002029/0200102002029000g01011.jpg","price":"6,45 €","price_unit":"(6,45 € / Litro)","categories":["Supermercado","Alimentación General","Caldos, sopas, purés y gazpachos","Caldo para paella y fideuá","ANETO caldo para paella valenciana 100% natural envase 1 l"],"general_information":["Denominación del alimento: Caldo Natural","Nombre del operador: ANETO NATURAL, S.L.","Dirección del operador: Calle Sant Jordi, s/n - 08271 Artés","Cantidad Neta: 1 Litros"],"ingredients":[" Caldo: agua, pollo de corral (22%), cebolla, zanahoria, col, puerro, apio y sal marina. Sofrito (27%): conejo, pato, tomate, aceite de oliva virgen, ferraúra, garrofón, caracoles, azafrán y romero"],"conservation":" Conservar a temperatura ambiente en lugar fresco y seco. Una vez abierto, puede conservarse hasta 4 días en el frigorífico (+4°C), y hasta 1 mes en el congelador*** (-18°C)","ean":"8410748132215"},{"full_name":"ANETO caldo para paella de pescado y marisco con sofrito 100% natural envase 1 l","name":"caldo para paella de pescado y marisco con sofrito 100% natural envase 1 l","brand":"ANETO ","img":"https://sgfm.elcorteingles.es/SGFM/01/51/1/0118002001511/0118002001511000g01011.jpg","price":"6,45 €","price_unit":"(6,45 € / Litro)","categories":["Supermercado","Alimentación General","Caldos, sopas, purés y gazpachos","Caldo para paella y fideuá","ANETO caldo para paella de pescado y marisco con sofrito 100% natural envase 1 l"],"general_information":["Denominación del alimento: Caldo Natural","Nombre del operador: ANETO NATURAL, S.L.","Dirección del operador: Calle Sant Jordi, s/n - 08271 Artés","Cantidad Neta: 1 Litros"],"ingredients":[" Caldo: agua, rape (32%), bacalao (2%), cebolla, zanahoria, apio, puerro, tomate, hinojo y sal marina. Sofrito (20%): pescado de roca y marisco (31%) (congrio, cabracho, cintas, cangrejo, mejillón, gamba), tomate, cebolla, aceite de oliva virgen, ajo, pimentón y azafrán"],"conservation":" Conservar a temperatura ambiente en lugar fresco y seco. Una vez abierto, puede conservarse hasta 4 días en el frigorífico (+4°C), y hasta 1 mes en el congelador*** (-18°C)","ean":"8410748131010"},{"full_name":"ANETO caldo para paella de carne y verduras con sofrito 100% natural envase 1 l","name":"caldo para paella de carne y verduras con sofrito 100% natural envase 1 l","brand":"ANETO ","img":"https://sgfm.elcorteingles.es/SGFM/01/63/3/0200102001633/0200102001633000g01011.jpg","price":"6,45 €","price_unit":"(6,45 € / Litro)","categories":["Supermercado","Alimentación General","Caldos, sopas, purés y gazpachos","Caldo para paella y fideuá","ANETO caldo para paella de carne y verduras con sofrito 100% natural envase 1 l"],"general_information":["Denominación del alimento: Caldo Natural","Nombre del operador: ANETO NATURAL, S.L.","Dirección del operador: Calle Sant Jordi, s/n - 08271 Artés","Cantidad Neta: 1 Litros"],"ingredients":[" Caldo: agua, pollo de corral (22%), cebolla, zanahoria, col, puerro, apio y sal marina. Sofrito (27%): conejo, pato, costillas de cerdo, tomate, cebolla, setas, aceite de oliva virgen, ajo, pimentón, pimienta blanca, sal y azafrán"],"conservation":" Conservar a temperatura ambiente en lugar fresco y seco. Una vez abierto, puede conservarse hasta 4 días en el frigorífico (+4°C), y hasta 1 mes en el congelador*** (-18°C)","ean":"8410748132017"},{"full_name":"ANETO caldo para arroz negro con sofrito 100% natural envase 1 l","name":"caldo para arroz negro con sofrito 100% natural envase 1 l","brand":"ANETO ","img":"https://sgfm.elcorteingles.es/SGFM/01/42/7/0200102001427/0200102001427000g01011.jpg","price":"6,45 €","price_unit":"(6,45 € / Litro)","categories":["Supermercado","Alimentación General","Caldos, sopas, purés y gazpachos","Caldo para paella y fideuá","ANETO caldo para arroz negro con sofrito 100% natural envase 1 l"],"general_information":["Denominación del alimento: Caldo Natural","Nombre del operador: ANETO NATURAL, S.L.","Dirección del operador: Calle Sant Jordi, s/n - 08271 Artés","Cantidad Neta: 1 Litros"],"ingredients":[" Caldo: agua, rape (32%), bacalao (2%), cebolla, zanahoria, apio, puerro, tomate, hinojo y sal marina. Sofrito (20%): pescado de roca y marisco (31%) (congrio, cabracho, cintas, cangrejo, mejillón, gamba, calamar, sepia), tomate, cebolla, aceite de oliva virgen, ajo, pimentón, tinta de calamar y azafrán"],"conservation":" Conservar a temperatura ambiente en lugar fresco y seco. Una vez abierto, puede conservarse hasta 4 días en el frigorífico (+4°C), y hasta 1 mes en el congelador*** (-18°C)","ean":"8410748133014"},{"full_name":"ANETO caldo para  fideuá de pescado y marisco con sofrito 100% natural envase 1 l","name":"caldo para  fideuá de pescado y marisco con sofrito 100% natural envase 1 l","brand":"ANETO ","img":"https://sgfm.elcorteingles.es/SGFM/01/53/7/0118002001537/0118002001537000g01011.jpg","price":"6,45 €","price_unit":"(6,45 € / Litro)","categories":["Supermercado","Alimentación General","Caldos, sopas, purés y gazpachos","Caldo para paella y fideuá","ANETO caldo para  fideuá de pescado y marisco con sofrito 100% natural envase 1 l"],"general_information":["Denominación del alimento: Caldo Natural","Nombre del operador: ANETO NATURAL, S.L.","Dirección del operador: Calle Sant Jordi, s/n - 08271 Artés","Cantidad Neta: 1 Litros"],"ingredients":[" Caldo: agua, rape (32%), bacalao (2%), cebolla, zanahoria, apio, puerro, tomate, hinojo y sal marina. Sofrito (20%): pescado de roca y marisco (31%) (congrio, cabracho, cintas, cangrejo, mejillón, gamba, calamar), tomate, cebolla, aceite de oliva virgen, ajo, pimentón y azafrán"],"conservation":" Conservar a temperatura ambiente en lugar fresco y seco. Una vez abierto, puede conservarse hasta 4 días en el frigorífico (+4°C), y hasta 1 mes en el congelador*** (-18°C)","ean":"8410748134011"},{"full_name":"GALLINA BLANCA caldo para paella fácil envase 1 l","name":"caldo para paella fácil envase 1 l","brand":"GALLINA BLANCA ","img":"https://sgfm.elcorteingles.es/SGFM/dctm/MEDIA03/201606/23/00118002002725____2__600x600.jpg","price":"2,75 €","price_unit":"(2,75 € / Litro)","categories":["Supermercado","Alimentación General","Caldos, sopas, purés y gazpachos","Caldo para paella y fideuá","GALLINA BLANCA caldo para paella fácil envase 1 l"],"general_information":["Denominación del alimento: Base de caldo de pescado y marisco con sofrito para cocinar paella","Nombre del operador: Gallina Blanca, S.A.U.","Dirección del operador: Plaza Europa 42, 08902 - Hospitalet de Llobregat (Barcelona)","Cantidad Neta: 1 Litros","Número de raciones por envase: 4","Otras menciones obligatorias en la etiqueta: Sin conservantes."],"ingredients":[" Caldo de pescado y marisco 95% (agua, tomate 12,8%, gamba de Huelva 0,3%, bacalao 0,1%, sal, aromas naturales (contienen pescado, crustáceos y apio), aroma natural de marisco (contienen pescado y crustáceos) y especias. Sofrito 5% (cebolla 69%, ajo 19,5%, aceite de oliva). Puede contener trazas de huevo, leche y moluscos."],"conservation":" Conservar a temperatura ambiente en lugar fresco y seco. Conservación del producto una vez abierto: en nevera (+4ºC), máximo 4 días y en el congelador ***(-18ºC) utilizando un recipiente adecuado, 1 mes.","ean":"8410300348955"},{"full_name":"GALLINA BLANCA caldo para fideuá fácil envase 1 l","name":"caldo para fideuá fácil envase 1 l","brand":"GALLINA BLANCA ","img":"https://sgfm.elcorteingles.es/SGFM//02/86/5/0118002002865/0118002002865000g01011.jpg","price":"2,86 €","price_unit":"(2,86 € / Litro)","categories":["Supermercado","Alimentación General","Caldos, sopas, purés y gazpachos","Caldo para paella y fideuá","GALLINA BLANCA caldo para fideuá fácil envase 1 l"],"general_information":["Denominación del alimento: Base de caldo de marisco con sofrito para cocinar fideuá.","Nombre del operador: Gallina Blanca, S.A.U.","Dirección del operador: Plaza Europa 42, 08902 - Hospitalet de Llobregat (Barcelona)","Cantidad Neta: 1 Litros","Número de raciones por envase: 4","Otras menciones obligatorias en la etiqueta: Sin conservantes."],"ingredients":[" Caldo de marisco 95,5% (agua, tomate 14%, cigala 0,3%, calamar 0,2%, gamba de Huelva 0,1%, Buey de mar 0,1% (contiene pescado y moluscos) aromas naturales (contienen pescado y crustáceos), aromas naturales de marisco (contienen pescado, crustáceos y moluscos), aromas naturales de ajo y hortalizas (contiene apio), especias, colorante: caramelo natural. Sofrito 4,5% (cebolla 69%, ajo 19,5%, aceite de oliva). Puede contener trazas de huevo y leche."],"conservation":" Conservar a temperatura ambiente en lugar fresco y seco. Conservación del producto una vez abierto: en nevera (+4ºC) máximo 4 días y en congelador*** (-18ºC) utilizando un recipiente adecuado, 1mes.","ean":"8410300351597"},{"full_name":"GALLINA BLANCA caldo para paella de carne fácil envase 1 l","name":"caldo para paella de carne fácil envase 1 l","brand":"GALLINA BLANCA ","img":"https://sgfm.elcorteingles.es/SGFM/dctm/MEDIA03/201708/07/00118002003335____1__600x600.jpg","price":"2,81 €","price_unit":"(2,81 € / Litro)","categories":["Supermercado","Alimentación General","Caldos, sopas, purés y gazpachos","Caldo para paella y fideuá","GALLINA BLANCA caldo para paella de carne fácil envase 1 l"],"general_information":["Denominación del alimento: Base de caldo de carne con sofrito para cocinar paella de carne","Nombre del operador: Gallina Blanca, S.A.U.","Dirección del operador: Plaza Europa 42, 08902 - Hospitalet de Llobregat (Barcelona)","Cantidad Neta: 1 Litros","Número de raciones por envase: 4","Otras menciones obligatorias en la etiqueta: Sin conservantes."],"ingredients":[" Caldo de carne 95% (agua, carne de pollo de corral 0,5%, extracto de carne de vacuno 0,1%, grasa de pollo, grasa de cerdo, sal, aromas naturales (contiene apio, leche), especias, colorante: caramelo natural). Sofrito 5% (cebolla 69%, ajo 19,5%, aceite de oliva). Puede contener trazas de huevo, pescado y crustáceos."],"conservation":" Conservar a temperatura ambiente en lugar fresco y seco. Conservación del producto una vez abierto: en nevera (+4ºC), máximo 4 días y en el congelador ***(-18ºC) utilizando un recipiente adecuado, 1 mes.","ean":"8410300357933"},{"full_name":"LA FALLERA caldo para paella de marisco y pescado frasco 600 ml","name":"caldo para paella de marisco y pescado frasco 600 ml","brand":"LA FALLERA ","img":"https://sgfm.elcorteingles.es/SGFM/dctm/MEDIA02/CONTENIDOS/201511/05/00118002002956____2__600x600.jpg","price":"3,58 €","price_unit":"(5,97 € / Litro)","categories":["Supermercado","Alimentación General","Caldos, sopas, purés y gazpachos","Caldo para paella y fideuá","LA FALLERA caldo para paella de marisco y pescado frasco 600 ml"],"general_information":["Denominación del alimento: Caldo Marisco La Fallera","Nombre del operador: Fallera Nutrición, S.L.U.","Dirección del operador: Avda. Alacant s/n - 46460 Silla Valencia","Cantidad Neta: 600 Mililitros"],"ingredients":[" Caldo de pescado y crustáceos (84%) (agua, rape, mújol, camarón y cebolla), tomate (7%), aceite de oliva virgen (6%),carne de buey de mar, sal, ajo, colorante natural: extracto de azfrán, pimentón rojo"],"conservation":" Una vez abierto conservar en el frigorífico","ean":"8410084000032"},{"full_name":"LA FALLERA caldo para paella de carne y verdura frasco 600 ml","name":"caldo para paella de carne y verdura frasco 600 ml","brand":"LA FALLERA ","img":"https://sgfm.elcorteingles.es/SGFM/02/66/4/0200102002664/0200102002664000g01011.jpg","price":"3,48 €","price_unit":"(5,80 € / Litro)","categories":["Supermercado","Alimentación General","Caldos, sopas, purés y gazpachos","Caldo para paella y fideuá","LA FALLERA caldo para paella de carne y verdura frasco 600 ml"],"general_information":["Denominación del alimento: Caldo Carne La Fallera","Nombre del operador: Fallera Nutrición, S.L.U.","Dirección del operador: Avda. Alacant s/n - 46460 Silla Valencia","Cantidad Neta: 600 Mililitros"],"ingredients":[" Caldo carne y verdura (83%), (conejo,pato, cardo, judías verdes, cebolla, pimiento verde), salsa (17%) (tomate,aceite de oliva, cebolla, sal, ajo y especias)"],"conservation":" Una vez abierto conservar en el frigorífico","ean":"8410084000018"},{"full_name":"AVECREM caldo de pollo 48 pastillas estuche 517 g","name":"caldo de pollo 48 pastillas estuche 517 g","brand":"AVECREM ","img":"https://sgfm.elcorteingles.es/SGFM/dctm/MEDIA03/201709/08/00118000101214____1__600x600.jpg","price":"4,95 €","price_unit":"(9,57 € / Kilo)","categories":["Supermercado","Alimentación General","Caldos, sopas, purés y gazpachos","Caldos en pastillas y cacitos","AVECREM caldo de pollo 48 pastillas estuche 517 g"],"general_information":[],"ingredients":[],"ean":"8410300354369"},{"full_name":"AVECREM caldo vegetal  pastillas estuche 80 g","name":"caldo vegetal  pastillas estuche 80 g","brand":"AVECREM ","img":"https://sgfm.elcorteingles.es/SGFM/dctm/MEDIA03/201709/04/00118000101248____1__600x600.jpg","price":"1,00 €","price_unit":"(12,50 € / Kilo)","categories":["Supermercado","Alimentación General","Caldos, sopas, purés y gazpachos","Caldos en pastillas y cacitos","AVECREM caldo vegetal  pastillas estuche 80 g"],"general_information":["Denominación del alimento: Caldo deshidratado de vegetales","Nombre del operador: Gallina Blanca, S.A.","Dirección del operador: Plaza Europa 42, 08902 - Hospitalet de Llobregat (Barcelona)","Cantidad Neta: 80 g"],"ingredients":[" Sal, glutamato monosódico, almidón de maiz, grasa vegetal de palma, hortalizas 3,9%(cebolla, ajo, zanahoria, puerro, col), aromas (con apio), patata, perejil, cúrcuma, aceite de oliva virgen extra 0,2%"],"conservation":" Conservar en lugar fresco y seco.","ean":"8410300358152"},{"full_name":"AVECREM Avecrem caldo de pollo 24 pastillas estuche 252 g","name":"Avecrem caldo de pollo 24 pastillas estuche 252 g","brand":"AVECREM ","img":"https://sgfm.elcorteingles.es/SGFM/dctm/MEDIA03/201709/08/00118000100059____1__600x600.jpg","price":"2,72 €","price_unit":"(10,79 € / Kilo)","categories":["Supermercado","Alimentación General","Caldos, sopas, purés y gazpachos","Caldos en pastillas y cacitos","AVECREM Avecrem caldo de pollo 24 pastillas estuche 252 g"],"general_information":[],"ingredients":[],"ean":"8410300357070"},{"full_name":"AVECREM caldo de pollo 12 pastillas estuche 126 g","name":"caldo de pollo 12 pastillas estuche 126 g","brand":"AVECREM ","img":"https://sgfm.elcorteingles.es/SGFM/dctm/MEDIA03/201709/08/00118000100075____3__600x600.jpg","price":"1,80 €","price_unit":"(14,29 € / Kilo)","categories":["Supermercado","Alimentación General","Caldos, sopas, purés y gazpachos","Caldos en pastillas y cacitos","AVECREM caldo de pollo 12 pastillas estuche 126 g"],"general_information":["Denominación del alimento: Caldo deshidratado de pollo","Nombre del operador: Gallina Blanca, S.A.","Dirección del operador: Plaza Europa 42, 08902 - Hospitalet de Llobregat (Barcelona)","Cantidad Neta: 150 g","Número de raciones por envase: 60"],"ingredients":[" Sal, potenciador del sabor (glutamato monosódico), almidón de maíz, grasa vegetal de palma, pollo de corral 5%, aromas (con huevo, trigo), salsa de soja, cebolla, extracto de levadura, hortalizas en proporción variable ( patata, pimiento, zanahoria, perejil, puerro, apio, tomate), especias, grasa de pollo 0,1%, aceite de oliva virgen extra. Puede contener trazas de: leche, pescado y crustáceos."],"conservation":" Conservar en lugar fresco y seco.","ean":"8410300353065"},{"full_name":"AVECREM caldo de pollo 30 pastillas estuche 300 g","name":"caldo de pollo 30 pastillas estuche 300 g","brand":"AVECREM ","img":"https://sgfm.elcorteingles.es/SGFM/dctm/MEDIA03/201709/08/00118000101008____10__600x600.jpg","price":"3,21 €","price_unit":"(10,70 € / Kilo)","categories":["Supermercado","Alimentación General","Caldos, sopas, purés y gazpachos","Caldos en pastillas y cacitos","AVECREM caldo de pollo 30 pastillas estuche 300 g"],"general_information":["Denominación del alimento: Caldo deshidratado de pollo","Nombre del operador: Gallina Blanca, S.A.","Dirección del operador: Plaza Europa 42, 08902 - Hospitalet de Llobregat (Barcelona)","Cantidad Neta: 300 g","Número de raciones por envase: 150"],"ingredients":[" Sal, potenciador del sabor (glutamato monosódico), almidón de maíz, grasa vegetal de palma, pollo de corral 5%, aromas (con huevo, trigo), salsa de soja, cebolla, extracto de levadura, hortalizas en proporción variable ( patata, pimiento, zanahoria, perejil, puerro, apio, tomate), especias, grasa de pollo 0,1%, aceite de oliva virgen extra. Puede contener trazas de: leche, pescado y crustáceos."],"conservation":" Conservar en lugar fresco y seco.","ean":"8410300340676"},{"full_name":"AVECREM caldo de pollo - 30% sal 10 pastillas estuche 252 g","name":"caldo de pollo - 30% sal 10 pastillas estuche 252 g","brand":"AVECREM ","img":"https://sgfm.elcorteingles.es/SGFM/dctm/MEDIA03/201709/08/00118000100984____2__600x600.jpg","price":"1,58 €","price_unit":"(6,27 € / Kilo)","categories":["Supermercado","Alimentación General","Caldos, sopas, purés y gazpachos","Caldos en pastillas y cacitos","AVECREM caldo de pollo - 30% sal 10 pastillas estuche 252 g"],"general_information":[],"ingredients":[],"ean":"8410300356455"},{"full_name":"AVECREM caldo de pollo 8 pastillas estuche 90 g","name":"caldo de pollo 8 pastillas estuche 90 g","brand":"AVECREM ","img":"https://sgfm.elcorteingles.es/SGFM/dctm/MEDIA03/201709/08/00118000100539____1__600x600.jpg","price":"1,25 €","price_unit":"(156,25 € / Kilo)","categories":["Supermercado","Alimentación General","Caldos, sopas, purés y gazpachos","Caldos en pastillas y cacitos","AVECREM caldo de pollo 8 pastillas estuche 90 g"],"general_information":["Denominación del alimento: Caldo deshidratado de pollo","Nombre del operador: Gallina Blanca, S.A.","Dirección del operador: Plaza Europa 42, 08902 - Hospitalet de Llobregat (Barcelona)","Cantidad Neta: 80 g","Número de raciones por envase: 40"],"ingredients":[" Sal, potenciador del sabor (glutamato monosódico), almidón de maíz, grasa vegetal de palma, pollo de corral 5%, aromas (con huevo, trigo), salsa de soja, cebolla, extracto de levadura, hortalizas en proporción variable ( patata, pimiento, zanahoria, perejil, puerro, apio, tomate), especias, grasa de pollo 0,1%, aceite de oliva virgen extra. Puede contener trazas de: leche, pescado y crustáceos."],"conservation":" Conservar en lugar fresco y seco.","ean":"0000084103567"},{"full_name":"AVECREM caldo de pollo 100% natural 10 pastillas estuche 129 g","name":"caldo de pollo 100% natural 10 pastillas estuche 129 g","brand":"AVECREM ","img":"https://sgfm.elcorteingles.es/SGFM/dctm/MEDIA03/201709/08/00118000100968____1__600x600.jpg","price":"1,55 €","price_unit":"(155 € / Kilo)","categories":["Supermercado","Alimentación General","Caldos, sopas, purés y gazpachos","Caldos en pastillas y cacitos","AVECREM caldo de pollo 100% natural 10 pastillas estuche 129 g"],"general_information":["Denominación del alimento: Caldo deshidratado de pollo  con 3% aceite de oliva virgen extra","Nombre del operador: Gallina Blanca, S.A.","Dirección del operador: Plaza Europa 42, 08902 - Hospitalet de Llobregat (Barcelona)","Cantidad Neta: 90 g","Número de raciones por envase: 50"],"ingredients":[" Sal, almidón de maíz, lactosa, extracto de levadura, aceite de oliva virgen extra 3%, carne de pollo de corral 2,5%, cebolla 2%, zanahoria 0,5%, hortalizas en proporción variable 0,4% (perejil, apio, pimiento, puerro, tomate), aroma natural de pollo (con huevo), especias. Puede contener trazas de trigo, soja, leche, pescado y crustáceos."],"conservation":" Conservar en lugar fresco y seco.","ean":"8410300348689"},{"full_name":"AVECREM caldo de pescado estuche 80 g","name":"caldo de pescado estuche 80 g","brand":"AVECREM ","img":"https://sgfm.elcorteingles.es/SGFM/dctm/MEDIA03/201709/04/00118000101222____1__600x600.jpg","price":"1,00 €","price_unit":"(12,50 € / Kilo)","categories":["Supermercado","Alimentación General","Caldos, sopas, purés y gazpachos","Caldos en pastillas y cacitos","AVECREM caldo de pescado estuche 80 g"],"general_information":["Denominación del alimento: Caldo deshidratado de pescado","Nombre del operador: Gallina Blanca, S.A.","Dirección del operador: Plaza Europa 42, 08902 - Hospitalet de Llobregat (Barcelona)","Cantidad Neta: 80 g"],"ingredients":[" Sal, potenciador del sabor (glutamato monosódico), almidón de maíz, grasa vegetal de palma, gamba boreal 3%, pescado 3%, hidrolizado vegetal de proteínas, azúcar, hortalizas 0,9% (cebolla, tomate), especias, aromas, aceite de oliva virgen extra 0,2%, caramelo colorante (E150d), laurel."],"conservation":" Conservar en lugar fresco y seco.","ean":"8410300358145"},{"full_name":"KNORR caldo para paella 8 pastillas estuche 92 g","name":"caldo para paella 8 pastillas estuche 92 g","brand":"KNORR ","img":"https://sgfm.elcorteingles.es/SGFM/dctm/MEDIA03/201701/03/00118000101131____7__600x600.jpg","price":"1,63 €","categories":["Supermercado","Alimentación General","Caldos, sopas, purés y gazpachos","Caldos en pastillas y cacitos","KNORR caldo para paella 8 pastillas estuche 92 g"],"general_information":[],"ingredients":[],"ean":"8710908971495"},{"full_name":"KNORR caldo de carne con verduras - 30% sal 12 pastillas estuche 109 g","name":"caldo de carne con verduras - 30% sal 12 pastillas estuche 109 g","brand":"KNORR ","img":"https://sgfm.elcorteingles.es/SGFM/dctm/MEDIA03/201709/25/00118000100737____1__600x600.jpg","price":"1,80 €","price_unit":"(16,51 € / Kilo)","categories":["Supermercado","Alimentación General","Caldos, sopas, purés y gazpachos","Caldos en pastillas y cacitos","KNORR caldo de carne con verduras - 30% sal 12 pastillas estuche 109 g"],"general_information":["Denominación del alimento: Caldo de carne deshidratado","Nombre del operador: Unilever España S.A.","Dirección del operador: C/Tecnología 19, 08840 Viladecans (Barcelona)","Cantidad Neta: 109 g"],"ingredients":[" Sal, Maltodextrina, Grasa De Palma, Aromas (Contiene Leche), Almidón De Patata, Azúcar, Extracto De Levadura, Extracto De Carne (2,5%), Sal De Potasio (Cloruro Potásico), Jarabe De Caramelo, Cebolla, Perejil, Especias (Contiene Apio). Puede Contener Gluten Y Huevo."],"conservation":"Modo de empleo: Utiliza las pastillas de caldo Knorr para potencia el sabor de tus guisos. Disolviendo 2 pastillas en 1 litro de agua, obtendrás una base para preparar tus sopas y caldos.","ean":"8712566058808"},{"full_name":"KNORR caldo de pescado con aceite de oliva virgen extra envase 8 pastillas","name":"caldo de pescado con aceite de oliva virgen extra envase 8 pastillas","brand":"KNORR ","img":"https://sgfm.elcorteingles.es/SGFM/00/97/6/0118000100976/0118000100976000g01011.jpg","price":"1,24 €","price_unit":"(6,46 € / Kilo)","categories":["Supermercado","Alimentación General","Caldos, sopas, purés y gazpachos","Caldos en pastillas y cacitos","KNORR caldo de pescado con aceite de oliva virgen extra envase 8 pastillas"],"general_information":["Denominación del alimento: Caldo pescado deshidratado","Nombre del operador: Unilever España S.A.","Dirección del operador: C/Tecnología 19, 08840 Viladecans (Barcelona)","Cantidad Neta: 80 g"],"ingredients":[" Sal, Grasas Y Aceite Vegetales (21%)(Grasa De Palma, Grasa De Palma Totalmente Hidrogenada, Aceite De Oliva Virgen Extra (9%)), Potenciadores Del Sabor (Glutamato Monosódico, Inosinato Y Guanilato Disódicos), Pescado En Polvo (5,4%), Extracto De Levadura, Azúcar, Especias (Contiene Apio), Harina De Camarón (0,6%), Cebolla Deshidratada, Jarabe De Caramelo, Extracto De Vino Blanco Y Aromas."],"conservation":" Conservar en lugar fresco y seco.","ean":"8410127062553"},{"full_name":"KNORR caldo de carne en cacitos pack 4 tarrinas 112 g","name":"caldo de carne en cacitos pack 4 tarrinas 112 g","brand":"KNORR ","img":"https://sgfm.elcorteingles.es/SGFM/dctm/MEDIA02/CONTENIDOS/201505/21/00118000101081____1__600x600.jpg","price":"1,18 €","price_unit":"(0,30 € / Unidad)","categories":["Supermercado","Alimentación General","Caldos, sopas, purés y gazpachos","Caldos en pastillas y cacitos","KNORR caldo de carne en cacitos pack 4 tarrinas 112 g"],"general_information":["Denominación del alimento: Caldo de carne concentrado","Nombre del operador: Unilever España S.A.","Dirección del operador: C/Tecnología 19, 08840 Viladecans (Barcelona)","Cantidad Neta: 112 g"],"ingredients":[" Ingredintes: Agua, sal, grasa de vacuno (5,4%), extracto de levadura, verduras y hortalizas (2.6%) (zanahoria, puerro, perejil), azúcar, aromas (contienen leche), extracto de carne de vacuno (1,7%), grasa de palma, espesantes (goma xantana, harina de garrofin), jarabe de caramelo."],"conservation":" Conservar En Un Lugar Fresco Y Seco. Una Vez Abierto, Consérvese En El Frigorífico Y Usar En 3-4 Días. El Producto Puede Cristalizarse, Lo Cual Es Normal Y No Influye En La Calidad Del Mismo.","ean":"8722700263975"},{"full_name":"KNORR caldo de pollo en cacitos pack 4 tarrinas 112 g","name":"caldo de pollo en cacitos pack 4 tarrinas 112 g","brand":"KNORR ","img":"https://sgfm.elcorteingles.es/SGFM/dctm/MEDIA02/CONTENIDOS/201505/21/00118000101073____1__600x600.jpg","price":"1,18 €","price_unit":"(0,30 € / Unidad)","categories":["Supermercado","Alimentación General","Caldos, sopas, purés y gazpachos","Caldos en pastillas y cacitos","KNORR caldo de pollo en cacitos pack 4 tarrinas 112 g"],"general_information":["Denominación del alimento: Caldo de pollo concentrado","País de origen: Italia","Nombre del operador: Unilever","Dirección del operador: Unilever España, S.A.\nC/ Tecnología 19, 08840 Viladecans (Barcelona)\nServicio al consumidor\n<icono teléfono> 900 812 511\n<icono web> www.knorr.es","Cantidad Neta: 112 g","Número de raciones por envase: 4"],"ingredients":[" Ingredientes: Agua, sal, grasa de palma, azúcar, verduras y hortalizas (3%) (zanahoria, puerro, ajo, perejil), extracto de levadura (contiene CEBADA), pollo (2,8%) (grasa de pollo, carne de pollo (32%)), aromas, espesantes (goma xantana, harina garrofin), especias, jarabe de caramelo, colorante (carotenos)."],"conservation":" Conservar en un lugar fresco y seco. Una vez abierto, consérvese en el frigorífico y usar en 3-4 días. El producto puede cristalizarse, lo cual es normal y no influye en la calidad del mismo.","ean":"8722700263951"},{"full_name":"KNORR caldo de pescado en cacitos pack 4 tarrinas 112 g","name":"caldo de pescado en cacitos pack 4 tarrinas 112 g","brand":"KNORR ","img":"https://sgfm.elcorteingles.es/SGFM/00/86/9/0118000100869/0118000100869000g01011.jpg","price":"1,18 €","price_unit":"(10,54 € / Kilo)","categories":["Supermercado","Alimentación General","Caldos, sopas, purés y gazpachos","Caldos en pastillas y cacitos","KNORR caldo de pescado en cacitos pack 4 tarrinas 112 g"],"general_information":["Denominación del alimento: Caldo de pescado concentrado","Nombre del operador: Unilever España S.A.","Dirección del operador: C/Tecnología 19, 08840 Viladecans (Barcelona)","Cantidad Neta: 112 g"],"ingredients":[" Verduras y hortalizas (39%)(cebolla, puré de tomate*, puerro deshidratado), jarabe de glucosa, sal, pescado (10%), grasa de palma, aromas, extracto de levadura, azúcar, ajo, espesantes (goma xantana, harina de garrofín), cloruro potásico, especias. Puede contener moluscos y crustáceos. *Elaborado con tomates cultivados de forma sostenible."],"conservation":" Conservar en un lugar fresco y seco. Una vez abierto, consérvese en el frigorífico y usar en 3-4 días. El producto puede cristalizarse, lo cual es normal y no influye en la calidad del mismo.","ean":"8712566255757"},{"full_name":"KNORR caldo vegetal en cacitos pack 4 tarrinas 112 g","name":"caldo vegetal en cacitos pack 4 tarrinas 112 g","brand":"KNORR ","img":"https://sgfm.elcorteingles.es/SGFM/00/85/1/0118000100851/0118000100851000g01011.jpg","price":"1,18 €","price_unit":"(10,54 € / Kilo)","categories":["Supermercado","Alimentación General","Caldos, sopas, purés y gazpachos","Caldos en pastillas y cacitos","KNORR caldo vegetal en cacitos pack 4 tarrinas 112 g"],"general_information":["Denominación del alimento: Caldo de verduras concentrado","Nombre del operador: Unilever España S.A.","Dirección del operador: C/Tecnología 19, 08840 Viladecans (Barcelona)","Cantidad Neta: 112 g"],"ingredients":[" Agua, sal, verduras y hortalizas (16%) (zanahoria, puerro, pimiento rojo, perejil, raíz de apio), grasa de palma, azúcar, extracto de levadura, espesantes (goma xantana, harina de garrofin), aromas, especias (contiene apio), jarabe de caramelo.Puede contener leche."],"conservation":" Conservar En Un Lugar Fresco Y Seco. Una Vez Abierto, Consérvese En El Frigorífico Y Usar En 3-4 Días. El Producto Puede Cristalizarse, Lo Cual Es Normal Y No Influye En La Calidad Del Mismo.","ean":"8722700263081"},{"full_name":"KNORR caldo de pollo granulado bote 150 g","name":"caldo de pollo granulado bote 150 g","brand":"KNORR ","img":"https://sgfm.elcorteingles.es/SGFM/dctm/MEDIA02/CONTENIDOS/201509/14/00118000100216____1__600x600.jpg","price":"2,05 €","price_unit":"(13,67 € / Kilo)","categories":["Supermercado","Alimentación General","Caldos, sopas, purés y gazpachos","Caldos en pastillas y cacitos","KNORR caldo de pollo granulado bote 150 g"],"general_information":["Denominación del alimento: Caldo de pollo deshidratado","País de origen: Italia","Dirección del operador: UNILEVER ESPAÑA S.A.\nC/ Tecnología 19\n08840 Viladecans (Barcelona)\n\nServicio de atención al consumidor 900 812 511","Cantidad Neta: 150 g"],"ingredients":[" Ingredientes: Sal, maltodextrina, potenciadores del sabor (glutamato monosódico, inosinato y guanilato disódicos), extracto de levadura, aromas, pollo deshidratado (2%), LACTOSA, especias (contiene APIO), plantas aromáticas, zumo de limón deshidratado, antioxidante (extracto de romero). Puede contener leche."],"conservation":" Guardar el bote bien cerrado en lugar seco.","ean":"8712100606892"},{"full_name":"KNORR caldo de pescado con un toque de aceite de oliva virgen 12 pastillas estuche 120 g","name":"caldo de pescado con un toque de aceite de oliva virgen 12 pastillas estuche 120 g","brand":"KNORR ","img":"https://sgfm.elcorteingles.es/SGFM/dctm/MEDIA03/201701/04/00118000101156____6__600x600.jpg","price":"1,80 €","categories":["Supermercado","Alimentación General","Caldos, sopas, purés y gazpachos","Caldos en pastillas y cacitos","KNORR caldo de pescado con un toque de aceite de oliva virgen 12 pastillas estuche 120 g"],"general_information":["Denominación del alimento: Caldo pescado deshidratado","Nombre del operador: Unilever España S.A.","Dirección del operador: C/Tecnología 19, 08840 Viladecans (Barcelona)","Cantidad Neta: 120 g"],"ingredients":[" Sal, Grasas Y Aceite Vegetales (21%)(Grasa De Palma, Grasa De Palma Totalmente Hidrogenada, Aceite De Oliva Virgen Extra (9%)), Potenciadores Del Sabor (Glutamato Monosódico, Inosinato Y Guanilato Disódicos), Pescado En Polvo (5,4%), Extracto De Levadura, Azúcar, Especias (Contiene Apio), Harina De Camarón (0,6%), Cebolla Deshidratada, Jarabe De Caramelo, Extracto De Vino Blanco Y Aromas."],"conservation":" Conservar en lugar fresco y seco.","ean":"8410127066414"},{"full_name":"KNORR caldo de pollo 12 pasillas estuche 120 g","name":"caldo de pollo 12 pasillas estuche 120 g","brand":"KNORR ","img":"https://sgfm.elcorteingles.es/SGFM/dctm/MEDIA03/201609/02/00200100101187____1__600x600.jpg","price":"1,80 €","categories":["Supermercado","Alimentación General","Caldos, sopas, purés y gazpachos","Caldos en pastillas y cacitos","KNORR caldo de pollo 12 pasillas estuche 120 g"],"general_information":["Denominación del alimento: Caldo de pollo deshidratado con un 13% de aceite de oliva virgen extra sobre un 15% de materia grasa","Nombre del operador: Unilever España S.A.","Dirección del operador: C/Tecnología 19, 08840 Viladecans (Barcelona)","Cantidad Neta: 2400 Kilogramos"],"ingredients":[" Caldo de Pollo: Sal, almidón de patata, grasas y aceites vegetales (15%) (grasa de palma, grasa de palma totalmente hidrogenada, aceite de oliva virgen extra (13%)), potenciadores del sabor (glutamato monosódico, inosinato y guanilato disódicos), azúcar, aromas, pollo (3%) (grasa de pollo, carne de pollo (33%)), cebolla en polvo*, especias (semillas de apio, ajo en polvo*, cúrcuma*, raíz de perejil*), jarabe de caramelo, maltodextrina, antioxidante (extracto de romero).* Cultivadas de forma sostenible"],"conservation":" Conservar en lugar fresco y seco","ean":"8714100385951"},{"full_name":"KNORR caldo vegetal con un toque de aceite de oliva virgen extra 12 pastillas paquete 120 g","name":"caldo vegetal con un toque de aceite de oliva virgen extra 12 pastillas paquete 120 g","brand":"KNORR ","img":"https://sgfm.elcorteingles.es/SGFM/dctm/MEDIA03/201612/28/00200100100593____1__600x600.jpg","price":"1,80 €","price_unit":"(15 € / Kilo)","categories":["Supermercado","Alimentación General","Caldos, sopas, purés y gazpachos","Caldos en pastillas y cacitos","KNORR caldo vegetal con un toque de aceite de oliva virgen extra 12 pastillas paquete 120 g"],"general_information":["Denominación del alimento: Caldo deshidratado vegetal con un 9,7% de aceite de oliva virgen extra sobre 20% de materia grasa","Nombre del operador: Unilever España S.A.","Dirección del operador: C/Tecnología 19, 08840 Viladecans (Barcelona)","Cantidad Neta: 120 g"],"ingredients":[" Sal, grasas y aceite vegetales (20%) (grasa de palma, grasa de palma totalmente hidrogenada, aceite de oliva virgen extra (9,7%)), potenciadores del sabor (glutamato monosódico, inosinato y guanilato disódicos), hortalizas y verduras deshidratadas (7,5%)(cebolla, puerro, espinacas, tomate*, col, zanahoria), extracto de levadura, almidón de patata, azúcar, especias (contiene apio), zumo de zanahoria deshidratado, jarabe de caramelo, aromas. *cultivados de forma sostenible"],"conservation":" Conservar en lugar fresco y seco.","ean":"8412200020504"},{"full_name":"KNORR caldo para hervir pasta y arroz con pollo y especias 8 pastillas estuche 80 g","name":"caldo para hervir pasta y arroz con pollo y especias 8 pastillas estuche 80 g","brand":"KNORR ","img":"https://sgfm.elcorteingles.es/SGFM/dctm/MEDIA03/201609/21/00118000101180____1__600x600.jpg","price":"1,20 €","categories":["Supermercado","Alimentación General","Caldos, sopas, purés y gazpachos","Caldos en pastillas y cacitos","KNORR caldo para hervir pasta y arroz con pollo y especias 8 pastillas estuche 80 g"],"general_information":["Denominación del alimento: Caldo deshidratado de pollo","Nombre del operador: Unilever España S.A.","Dirección del operador: C/Tecnología 19, 08840 Viladecans (Barcelona)","Cantidad Neta: 1920 Kilogramos"],"ingredients":[" Caldo para hervir pasta y arroz: Sal, grasas vegetales (palma, palma totalmente hidrogenada), potenciadores del sabor (glutamato monosódico, inosinato y guanilato disódicos), extracto de levadura, azúcar, pollo (0,4%), especias (contiene apio), perejil y raíz de perejil, jarabe de caramelo, aromas, antioxidante (extracto de romero)."],"conservation":" Conservar en un lugar fresco y seco.","ean":"8714100692080"},{"full_name":"KNORR caldo para cocido 8 pastillas estuche 80 g","name":"caldo para cocido 8 pastillas estuche 80 g","brand":"KNORR ","img":"https://sgfm.elcorteingles.es/SGFM/dctm/MEDIA03/201609/21/00118000101198____1__600x600.jpg","price":"1,75 €","price_unit":"(21,88 € / Kilo)","categories":["Supermercado","Alimentación General","Caldos, sopas, purés y gazpachos","Caldos en pastillas y cacitos","KNORR caldo para cocido 8 pastillas estuche 80 g"],"general_information":["Denominación del alimento: Caldo para cocido con ternera, pollo, cerdo, hortalizas y legumbres deshidratado","Nombre del operador: Unilever España S.A.","Dirección del operador: C/Tecnología 19, 08840 Viladecans (Barcelona)","Cantidad Neta: 1440 Kilogramos"],"ingredients":[" Caldo para cocido: Sal, grasas vegetales (palma, karité, fruto de la sal), potenciador del sabor (glutamato monosódico), cloruro potásico, hortalizas (5,5%) (cebolla¹ (36%), raíz de APIO¹, col, puerro¹ (12%)), ternera (2,2%), pollo (2%), cerdo (1,4%), judías blancas, jarabe de glucosa, aroma (contiene leche), proteínas de la leche, azúcar, bacon (0,3%) (bacon, sal, antioxidante (extractos de romero), humo), cúrcuma¹, extracto de bacon ahumado, antioxidantes (extractos de romero, butilhidroxianisol, galato de propilo). ¹ Cultivadas de forma sostenible"],"conservation":" Conservar en un lugar fresco y seco.","ean":"8714100666135"},{"full_name":"KNORR doble caldo de carne con aceite de oliva 24 pastillas estuche 240 g","name":"doble caldo de carne con aceite de oliva 24 pastillas estuche 240 g","brand":"KNORR ","img":"https://sgfm.elcorteingles.es/SGFM/dctm/MEDIA02/CONTENIDOS/201408/20/00118000100091____1__600x600.jpg","price":"2,62 €","price_unit":"(10,92 € / Kilo)","categories":["Supermercado","Alimentación General","Caldos, sopas, purés y gazpachos","Caldos en pastillas y cacitos","KNORR doble caldo de carne con aceite de oliva 24 pastillas estuche 240 g"],"general_information":["Denominación del alimento: Knorr Doble Caldo 24p 240g: Caldo deshidratado sabor carne con un 10% de aceite de oliva virgen extra sobre 20% de materia grasa; KNORR Pastilla Caldo para cocido: Caldo para cocido con ternera, pollo, cerdo, hortalizas y legumbres deshidratado","Nombre del operador: Unilever España S.A.","Dirección del operador: C/Tecnología 19, 08840 Viladecans (Barcelona)","Cantidad Neta: 320 g"],"ingredients":[" KNORR DOBLE CALDO 24p 240g: Sal, grasas y aceites (20%)(grasa de palma, grasa de palma totalmente hidrogenada, aceite de oliva virgen extra (10%)), potenciadores del sabor (glutamato monosódico, inosinato y guanilato disódicos), almidón de patata, extracto de levadura, aromas, azúcar, colorante (caramelo E150c), extracto de carne de vacuno. KNORR PASTILLA CALDO PARA COCIDO: Sal, grasas vegetales (palma, karité, fruto de la sal), potenciador del sabor (glutamato monosódico), cloruro potásico, hortalizas (5,5%) (cebolla¹ (36%), raíz de apio¹, col, puerro¹ (12%)), ternera (2,2%), pollo (2%), cerdo (1,4%), judías blancas, jarabe de glucosa, aroma (contiene leche), proteínas de la leche, azúcar, bacon (0,3%) (bacon, sal, antioxidante (extractos de romero), humo), cúrcuma¹, extracto de bacon ahumado, antioxidantes (extractos de romero, butilhidroxianisol, galato de propilo)."],"conservation":" Conservar en un lugar fresco y seco.","ean":"8714100337189"},{"full_name":"KNORR doble caldo de carne 12 pastillas con aceite de oliva Virgen extra estuche 120 g","name":"doble caldo de carne 12 pastillas con aceite de oliva Virgen extra estuche 120 g","brand":"KNORR ","img":"https://sgfm.elcorteingles.es/SGFM/dctm/MEDIA03/201710/19/00118000100083____6__600x600.jpg","price":"1,80 €","price_unit":"(15 € / Kilo)","categories":["Supermercado","Alimentación General","Caldos, sopas, purés y gazpachos","Caldos en pastillas y cacitos","KNORR doble caldo de carne 12 pastillas con aceite de oliva Virgen extra estuche 120 g"],"general_information":[],"ingredients":[],"ean":"8714100816622"},{"full_name":"KNORR caldo suave hortalizas y verduras menos 30% de sal 12 pastillas estuche 109 g","name":"caldo suave hortalizas y verduras menos 30% de sal 12 pastillas estuche 109 g","brand":"KNORR ","img":"https://sgfm.elcorteingles.es/SGFM/dctm/MEDIA03/201709/25/00118000100125____1__600x600.jpg","price":"1,80 €","price_unit":"(16,51 € / Kilo)","categories":["Supermercado","Alimentación General","Caldos, sopas, purés y gazpachos","Caldos en pastillas y cacitos","KNORR caldo suave hortalizas y verduras menos 30% de sal 12 pastillas estuche 109 g"],"general_information":["Denominación del alimento: Caldo de hortalizas deshidratado","Nombre del operador: Unilever España S.A.","Dirección del operador: C/Tecnología 19, 08840 Viladecans (Barcelona)","Cantidad Neta: 109 g"],"ingredients":[" Sal, Maltodextrina, Grasa De Palma, Hortalizas (8,8%)(Raíz De Apio, Cebolla, Zanahoria, Puerro), Azúcar, Extracto De Levadura, Aromas, Especias, Zumos Concentrados De Hortalizas (Apio, Zanahoria, Puerro, Cebolla Y Manzana), Perejil. Puede Contener Gluten, Leche Y Huevo."],"ean":"8712566058761"},{"full_name":"KNORR caldo vegetal ecólogico estuche 60 g","name":"caldo vegetal ecólogico estuche 60 g","brand":"KNORR ","img":"https://sgfm.elcorteingles.es/SGFM/dctm/MEDIA03/201711/08/00118001100058____11__600x600.jpg","price":"1,96 €","price_unit":"(32,67 € / Kilo)","categories":["Supermercado","Alimentación General","Caldos, sopas, purés y gazpachos","Caldos en pastillas y cacitos","KNORR caldo vegetal ecólogico estuche 60 g"],"general_information":[],"ingredients":[],"ean":"8714100870099"},{"full_name":"KNORR caldo de pollo ecológico 6 pastillas estuche 60 g","name":"caldo de pollo ecológico 6 pastillas estuche 60 g","brand":"KNORR ","img":"https://sgfm.elcorteingles.es/SGFM/dctm/MEDIA03/201711/08/00118001100041____11__600x600.jpg","price":"1,96 €","price_unit":"(32,67 € / Kilo)","categories":["Supermercado","Alimentación General","Caldos, sopas, purés y gazpachos","Caldos en pastillas y cacitos","KNORR caldo de pollo ecológico 6 pastillas estuche 60 g"],"general_information":["Denominación del alimento: Caldo deshidratado de pollo","Nombre del operador: Unilever España S.A.","Dirección del operador: C/Tecnología 19, 08840 Viladecans (Barcelona)","Cantidad Neta: 0.900 Kilogramos"],"ingredients":[" Caldo deshidratado de pollo: Sal, azúcar de caña¹, grasa de palma¹, maltodextrina¹, extracto de levadura¹ (contiene cebada), pollo (5,8%) (pollo¹ (68%), grasa de pollo¹), almidón de maíz¹, cebolla en polvo¹, aromas naturales, especias¹, plantas aromáticas¹, antioxidante (extractos de romero¹). ¹Procedente de agricultura ecológica."],"conservation":" Conservar en un lugar fresco y seco.","ean":"8714100692028"},{"full_name":"MAGGI El Original consomé vegetal concentrado en cubitos bote 24 unidades","name":"El Original consomé vegetal concentrado en cubitos bote 24 unidades","brand":"MAGGI ","img":"https://sgfm.elcorteingles.es/SGFM/00/29/9/0118000100299/0118000100299000g01011.jpg","price":"1,72 €","price_unit":"(71,67 € / Kilo)","categories":["Supermercado","Alimentación General","Caldos, sopas, purés y gazpachos","Caldos en pastillas y cacitos","MAGGI El Original consomé vegetal concentrado en cubitos bote 24 unidades"],"general_information":["Denominación del alimento: Caldo de verduras deshidratado","Nombre del operador: Nestlé España, S.A.","Dirección del operador: Avinguda Països Catalans, 51 - 08950 Esplugues de Llobregat (Barcelona)","Cantidad Neta: 96 g","Número de raciones por envase: 24"],"ingredients":[" Sal, potenciadores del sabor (E621, E627, E631), grasa de palma, extracto de levadura, maltodextrina, cebolla, colorante E150c, aromas (con apio), zanahoria, cúrcuma, tomate, perejil. Puede contener trazas de leche, huevo, soja, gluten, y mostaza."],"conservation":" Conservar en lugar fresco y seco.","ean":"8410100061009"},{"full_name":"AVECREM Dúo legumbres estofadas 8 pastillas estuche 117 g","name":"Dúo legumbres estofadas 8 pastillas estuche 117 g","brand":"AVECREM ","img":"https://sgfm.elcorteingles.es/SGFM/dctm/MEDIA03/201606/13/00118000101123____1__600x600.jpg","price":"1,40 €","price_unit":"(0,18 € / Unidad)","categories":["Supermercado","Alimentación General","Caldos, sopas, purés y gazpachos","Caldos en pastillas y cacitos","AVECREM Dúo legumbres estofadas 8 pastillas estuche 117 g"],"general_information":["Denominación del alimento: Aderezo deshidratado para legumbres estofadas","Nombre del operador: Gallina Blanca, S.A.","Dirección del operador: Plaza Europa 42, 08902 - Hospitalet de Llobregat (Barcelona)","Cantidad Neta: 112 g","Número de raciones por envase: 32"],"ingredients":[" Sal, Potenciadores del sabor (glutamato monosódico, 5?ribonucleótidos de disodio), almidón de maíz, grasa vegetal de palma, aromas (con trigo, leche y huevo ), aroma de humo, lactosa, pimentón dulce ahumado 3,6%, azúcar, cebolla 1,2%, espesante (goma xantana), aceite de oliva virgen extra, especias, colorante (E160c), zanahoria 0,07%, ajo 0,07%. Puede contener trazas de: soja, apio, pescado y crustáceos."],"conservation":" Conservar en lugar fresco y seco.","ean":"8410300355403"},{"full_name":"AVECREM Dúo caldo para guisos de carne estuche 117 g","name":"Dúo caldo para guisos de carne estuche 117 g","brand":"AVECREM ","img":"https://sgfm.elcorteingles.es/SGFM/dctm/MEDIA03/201606/13/00118000101115____1__600x600.jpg","price":"1,40 €","price_unit":"(0,18 € / Unidad)","categories":["Supermercado","Alimentación General","Caldos, sopas, purés y gazpachos","Caldos en pastillas y cacitos","AVECREM Dúo caldo para guisos de carne estuche 117 g"],"general_information":["Denominación del alimento: Aderezo deshidratado para guisos de carne","Nombre del operador: Gallina Blanca, S.A.","Dirección del operador: Plaza Europa 42, 08902 - Hospitalet de Llobregat (Barcelona)","Cantidad Neta: 112 g","Número de raciones por envase: 32"],"ingredients":[" Sal, potenciadores del sabor (glutamato monosódico, 5´ribonucleótidos de disodio), almidón de maíz, grasa vegetal de palma, aromas, lactosa, azúcar, espesante (goma xantana), verduras 0,8% (ajo, remolacha, zanahoria, tomate), aroma (vino), aceite de oliva virgen extra, hierbas aromáticas (salvia, romero, laurel), colorante (E150d), especias. Puede contener trazas de trigo, soja, huevo, leche, apio, pescado y crustáceos"],"conservation":" Conservar en lugar fresco y seco.","ean":"8410300355397"},{"full_name":"AVECREM Dúo caldo para salsa de tomate estuche 117 g","name":"Dúo caldo para salsa de tomate estuche 117 g","brand":"AVECREM ","img":"https://sgfm.elcorteingles.es/SGFM/dctm/MEDIA03/201606/13/00118000101107____1__600x600.jpg","price":"1,40 €","price_unit":"(0,18 € / Unidad)","categories":["Supermercado","Alimentación General","Caldos, sopas, purés y gazpachos","Caldos en pastillas y cacitos","AVECREM Dúo caldo para salsa de tomate estuche 117 g"],"general_information":["Denominación del alimento: Aderezo deshidratado para salsa de tomate","Nombre del operador: Gallina Blanca, S.A.","Dirección del operador: Plaza Europa 42, 08902 - Hospitalet de Llobregat (Barcelona)","Cantidad Neta: 112 g","Número de raciones por envase: 32"],"ingredients":[" Sal, Potenciadores del sabor (glutamato monosódico, 5´ribonucleótido de disodio), lactosa, almidón de maíz, grasa vegetal de palma, aromas, Azúcar, cebolla 1,2%, ajo 0,5%, hierbas aromáticas 0,8% (albahaca, perejil), colorantes (E141 y E-160c), especias, espinacas, tomate 0,2%, zanahoria, aceite de oliva extra virgen. Puede contener trazas de: trigo, huevo, soja, leche, apio, pescado y crustáceos."],"conservation":" Conservar en lugar fresco y seco.","ean":"8410300355410"},{"full_name":"AVECREM Dúo caldo para paella de pescado estuche 117 g","name":"Dúo caldo para paella de pescado estuche 117 g","brand":"AVECREM ","img":"https://sgfm.elcorteingles.es/SGFM/dctm/MEDIA03/201606/13/00118000101099____1__600x600.jpg","price":"1,40 €","price_unit":"(0,18 € / Unidad)","categories":["Supermercado","Alimentación General","Caldos, sopas, purés y gazpachos","Caldos en pastillas y cacitos","AVECREM Dúo caldo para paella de pescado estuche 117 g"],"general_information":["Denominación del alimento: Aderezo deshidratado para paella","Nombre del operador: Gallina Blanca, S.A.","Dirección del operador: Plaza Europa 42, 08902 - Hospitalet de Llobregat (Barcelona)","Cantidad Neta: 112 g","Número de raciones por envase: 32"],"ingredients":[" Sal, Potenciadores del sabor (glutamato monosódico, 5´ribonucleótidos de disodio), almidón de maíz, grasa vegetal de palma, aromas (con apio, pescado y crustáceos ), azúcar, ajo, pescado 0,2%, especias, marisco 0,1 % (con crustáceos: gamba), colorante: (E160c), laurel, azafrán . Puede contener trazas de: trigo, huevo, soja, leche y moluscos."],"conservation":" Conservar en lugar fresco y seco.","ean":"8410300355427"},{"full_name":"BIOGORET caldo de carne con verduras ecológico en cubitos estuche 66 g","name":"caldo de carne con verduras ecológico en cubitos estuche 66 g","brand":"BIOGORET ","img":"https://sgfm.elcorteingles.es/SGFM/00/03/3/0118001100033/0118001100033000g01011.jpg","price":"1,79 €","price_unit":"(27,12 € / Kilo)","categories":["Supermercado","Alimentación General","Caldos, sopas, purés y gazpachos","Caldos en pastillas y cacitos","BIOGORET caldo de carne con verduras ecológico en cubitos estuche 66 g"],"general_information":["Denominación del alimento: Cubitos de caldo de ternera y verduras de agricultura ecológica","Nombre del operador: Bionsan, SCCL","Dirección del operador: Pol. Ind. Camins Nous P-4, nº3, 43740 Móra d'Ebre, Tarragona.","Cantidad Neta: 66 g"],"ingredients":[" Sal marina, aceites vegetales* ( manteca de karité* y aceite de oliva extra virgen*), miso* (soja*, arroz*, agua, sal, koji), vegetales deshidratados* (cebolla*, apio*, zanahoria*, perejil*, ajo* romero*), carne de ternera cocida en polvo* 5 %, extracto de levadura y especias*. * Procedentes de cultivo ecológico.  Contiene soja  y apio. Puede contener mariscos y derivados, pescado y derivados, leche y derivados, sésamo y derivados."],"conservation":" Conservar en un lugar fresco y seco, lejos de la luz y el calor.","ean":"8436015598287"},{"full_name":"BIOGORET caldo de pollo con verduras ecológico en cubitos estuche 66 g","name":"caldo de pollo con verduras ecológico en cubitos estuche 66 g","brand":"BIOGORET ","img":"https://sgfm.elcorteingles.es/SGFM/00/01/7/0118001100017/0118001100017000g01011.jpg","price":"1,85 €","price_unit":"(28,03 € / Kilo)","categories":["Supermercado","Alimentación General","Caldos, sopas, purés y gazpachos","Caldos en pastillas y cacitos","BIOGORET caldo de pollo con verduras ecológico en cubitos estuche 66 g"],"general_information":["Denominación del alimento: Cubitos de caldo de pollo de agricultura ecológica.","Nombre del operador: Bionsan, SCCL","Dirección del operador: Pol. Ind. Camins Nous P-4, nº3, 43740 Móra d'Ebre, Tarragona.","Cantidad Neta: 66 g"],"ingredients":[" Sal marina, almidón de maíz*, miso* (soja*, arroz*, agua, sal, koji), aceites vegetales* ( manteca de karité* y aceite de oliva extra virgen*), grasa de pollo*, carne de pollo* 5 % (pollo cocido* y antioxidante: extracto de romero*), extracto de levadura, vegetales deshidratados* ( cebolla*, apio*, zanahoria*, perejil*, ajo*) y especias*. *Procedentes de cultivo ecológico. Contiene soja y apio. Puede contener mariscos y derivados, pescado y derivados, leche y derivados, sésamo y derivados."],"conservation":" Conservar en un lugar fresco y seco, lejos de la luz y el calor.","ean":"8436015597907"},{"full_name":"AVECREM caldo de carne 8 pastillas estuche 100 g","name":"caldo de carne 8 pastillas estuche 100 g","brand":"AVECREM ","img":"https://sgfm.elcorteingles.es/SGFM/dctm/MEDIA03/201709/04/00118000101230____1__600x600.jpg","price":"1,07 €            ","price_unit":"(10 € / Kilo)","categories":["Supermercado","Alimentación General","Caldos, sopas, purés y gazpachos","Caldos en pastillas y cacitos","AVECREM caldo de carne 8 pastillas estuche 100 g"],"general_information":["Denominación del alimento: Caldo deshidratado de carne","Nombre del operador: Gallina Blanca, S.A.","Dirección del operador: Plaza Europa 42, 08902 - Hospitalet de Llobregat (Barcelona)","Cantidad Neta: 100 g"],"ingredients":[" Sal yodada, grasa vegetal de palma, potenciadores del sabor (glutamato monosodico, guanilato disodico , inosinato disodico), extractos de proteína vegetal (con soja), aceite de oliva extravirgen , aromas, hortalizas (cebolla, zanahoria, apio), hierbas aromáticas, extracto de cebolla, extracto de carne"],"conservation":" Conservar en lugar fresco y seco.","ean":"8410300358138"},{"full_name":"GALLINA BLANCA sopa de pollo con fideos finos sobre 71 g","name":"sopa de pollo con fideos finos sobre 71 g","brand":"GALLINA BLANCA ","img":"https://sgfm.elcorteingles.es/SGFM/dctm/MEDIA03/201606/22/00200101500031____1__600x600.jpg","price":"0,60 €","price_unit":"(8,45 € / Kilo)","categories":["Supermercado","Alimentación General","Caldos, sopas, purés y gazpachos","Sopas de aves y carne","GALLINA BLANCA sopa de pollo con fideos finos sobre 71 g"],"general_information":["Denominación del alimento: Sopa de Pollo con Fideos Finos","Nombre del operador: Gallina Blanca, S.A.","Dirección del operador: Plaza Europa 41, 08908 - Hospitalet de Llobregat (Barcelona)","Cantidad Neta: 71 g","Número de raciones por envase: 4","Otras menciones obligatorias en la etiqueta: Sin conservantes."],"ingredients":[" Pasta alimenticia (fideos finos) 73% : sémola de trigo duro, almidón de trigo, sal de cocina, potenciador del sabor (glutamato monosódico), aromas (con huevo), pollo de corral 0,9%, cebolla 0,9%, almidón de maíz, patata 0,6%, aceite de oliva 0,5%, grasa de gallina, puerro 0,3%, extracto de levadura, especias, apio, zanahoria.  Puede contener trazas de leche, soja, pescado y crustáceos."],"conservation":" Conservar en lugar fresco y seco.","ean":"8410300101598"},{"full_name":"KNORR Las Rústicas sopa de pollo con fideos envase 1 l","name":"Las Rústicas sopa de pollo con fideos envase 1 l","brand":"KNORR ","img":"https://sgfm.elcorteingles.es/SGFM/dctm/MEDIA03/201710/10/00118002003467____1__600x600.jpg","price":"3,25 €","categories":["Supermercado","Alimentación General","Caldos, sopas, purés y gazpachos","Sopas de aves y carne","KNORR Las Rústicas sopa de pollo con fideos envase 1 l"],"general_information":["Denominación del alimento: Sopa de pollo con pasta alimenticia","Nombre del operador: Unilever España S.A.","Dirección del operador: C/Tecnología 19, 08840 Viladecans (Barcelona)","Cantidad Neta: 1 Litros"],"ingredients":[" Agua, pasta alimenticia (12%)(semolina de trigo duro, clara de huevo), verduras y hortalizas¹ (4,6%)(zanahoria, cebolla, raíz de apio, puerro), pollo (3,8%)(carne de pollo (81%), grasa de pollo), almidón modificado de maíz, sal, aromas, plantas aromáticas¹, especias, aceite de girasol, zumos concentrados (zanahoria, limón). Puede contener leche y mostaza. ¹Cultivados de forma sostenible"],"conservation":" Una vez abierto, conservar en el frigorífico un máximo de dos días.","ean":"8714100859148"},{"full_name":"GALLINA BLANCA sopa de pollo con fideos finos pack 3 sobres 80 g","name":"sopa de pollo con fideos finos pack 3 sobres 80 g","brand":"GALLINA BLANCA ","img":"https://sgfm.elcorteingles.es/SGFM/dctm/MEDIA03/201709/14/00118001501255____1__600x600.jpg","price":"1,60 €","price_unit":"(6,67 € / Kilo)","categories":["Supermercado","Alimentación General","Caldos, sopas, purés y gazpachos","Sopas de aves y carne","GALLINA BLANCA sopa de pollo con fideos finos pack 3 sobres 80 g"],"general_information":[],"ingredients":[],"ean":"8410300359456"},{"full_name":"GALLINA BLANCA sopa de cocido pack 3 sobre 80 g","name":"sopa de cocido pack 3 sobre 80 g","brand":"GALLINA BLANCA ","img":"https://sgfm.elcorteingles.es/SGFM/dctm/MEDIA03/201603/21/00200101501526____1__600x600.jpg","price":"1,60 €","price_unit":"(6,67 € / Kilo)","categories":["Supermercado","Alimentación General","Caldos, sopas, purés y gazpachos","Sopas de aves y carne","GALLINA BLANCA sopa de cocido pack 3 sobre 80 g"],"general_information":["Denominación del alimento: Sopa deshidratada de Cocido","Nombre del operador: Gallina Blanca, S.A.","Dirección del operador: Plaza Europa 41, 08908 - Hospitalet de Llobregat (Barcelona)","Cantidad Neta: 231 g","Número de raciones por envase: 4","Otras menciones obligatorias en la etiqueta: Sin conservantes"],"ingredients":[" Pasta alimenticia (fideos finos) 75% : sémola de trigo duro, sal de cocina, harina de trigo,  potenciador del sabor (glutamato monosódico), almidón de trigo, patata, cebolla 1,3%, aromas (con huevo, leche), aroma de humo,  especias, carne de pollo 0,5%, grasa de cerdo, carne de ternera 0,4%, zanahoria 0,3%, garbanzo 0,3%, puerro 0,3%. Puede contener trazas de apio, soja, pescado y crustáceos."],"conservation":" Conservar en lugar fresco y seco.","ean":"8410300355571"},{"full_name":"GALLINA BLANCA sopa de ave con fideos formato ahorro pack 3 sobres 80 g","name":"sopa de ave con fideos formato ahorro pack 3 sobres 80 g","brand":"GALLINA BLANCA ","img":"https://sgfm.elcorteingles.es/SGFM/dctm/MEDIA03/201709/14/00118001501248____1__600x600.jpg","price":"1,60 €","price_unit":"(6,67 € / Kilo)","categories":["Supermercado","Alimentación General","Caldos, sopas, purés y gazpachos","Sopas de aves y carne","GALLINA BLANCA sopa de ave con fideos formato ahorro pack 3 sobres 80 g"],"general_information":["Denominación del alimento: Sopa de Ave con Fideos","Nombre del operador: Gallina Blanca, S.A.","Dirección del operador: Plaza Europa 41, 08908 - Hospitalet de Llobregat (Barcelona)","Cantidad Neta: 228 g","Número de raciones por envase: 12","Otras menciones obligatorias en la etiqueta: Sin conservantes"],"ingredients":[" Pasta alimenticia (fideos) 76%   : sémola de trigo duro, sal de cocina, potenciador del sabor (glutamato monosódico), almidón de trigo, harina de trigo,  patata 2%, aromas (con soja, leche, huevo), almidón de maíz, pollo de corral 0,7%, cebolla 0,5%, grasa de gallina, aceite de oliva 0,3%, extracto de levadura, especias, puerro 0,1, ajo, apio, zanahoria. Puede contener trazas de pescado y crustáceos."],"conservation":" Conservar en lugar fresco y seco.","ean":"8410300323570"},{"full_name":"GALLINA BLANCA sopa de ternera con estrellitas pack 3 sobre 80 g","name":"sopa de ternera con estrellitas pack 3 sobre 80 g","brand":"GALLINA BLANCA ","img":"https://sgfm.elcorteingles.es/SGFM/dctm/MEDIA03/201712/11/00118001501602____1__600x600.jpg","price":"1,65 €","price_unit":"(7,43 € / Kilo)","categories":["Supermercado","Alimentación General","Caldos, sopas, purés y gazpachos","Sopas de aves y carne","GALLINA BLANCA sopa de ternera con estrellitas pack 3 sobre 80 g"],"general_information":[],"ingredients":[],"ean":"8410300357919"},{"full_name":"GALLINA BLANCA sopa de ave con fideos sobre 80 g","name":"sopa de ave con fideos sobre 80 g","brand":"GALLINA BLANCA ","img":"https://sgfm.elcorteingles.es/SGFM/00/01/8/0118001500018/0118001500018000g01011.jpg","price":"0,60 €","price_unit":"(7,50 € / Kilo)","categories":["Supermercado","Alimentación General","Caldos, sopas, purés y gazpachos","Sopas de aves y carne","GALLINA BLANCA sopa de ave con fideos sobre 80 g"],"general_information":["Denominación del alimento: Sopa de Ave con Fideos","Nombre del operador: Gallina Blanca, S.A.","Dirección del operador: Plaza Europa 41, 08908 - Hospitalet de Llobregat (Barcelona)","Cantidad Neta: 76 g","Número de raciones por envase: 4","Otras menciones obligatorias en la etiqueta: Sin conservantes"],"ingredients":[" Pasta alimenticia (fideos) 76%   : sémola de trigo duro, sal de cocina, potenciador del sabor (glutamato monosódico), almidón de trigo, harina de trigo,  patata 2%, aromas (con soja, leche, huevo), almidón de maíz, pollo de corral 0,7%, cebolla 0,5%, grasa de gallina, aceite de oliva 0,3%, extracto de levadura, especias, puerro 0,1, ajo, apio, zanahoria. Puede contener trazas de pescado y crustáceos."],"conservation":" Conservar en lugar fresco y seco.","ean":"8410300101345"},{"full_name":"GALLINA BLANCA sopa de ternera con estrellitas sobre 74 g","name":"sopa de ternera con estrellitas sobre 74 g","brand":"GALLINA BLANCA ","img":"https://sgfm.elcorteingles.es/SGFM/dctm/MEDIA03/201705/23/00118001500711____1__600x600.jpg","price":"0,60 €","price_unit":"(8,11 € / Kilo)","categories":["Supermercado","Alimentación General","Caldos, sopas, purés y gazpachos","Sopas de aves y carne","GALLINA BLANCA sopa de ternera con estrellitas sobre 74 g"],"general_information":["Denominación del alimento: Sopa de Ternera con Estrellitas","Nombre del operador: Gallina Blanca, S.A.","Dirección del operador: Plaza Europa 41, 08908 - Hospitalet de Llobregat (Barcelona)","Cantidad Neta: 74 g","Otras menciones obligatorias en la etiqueta: Sin conservantes"],"ingredients":[" Pasta alimenticia  (estrellitas) 73% : sémola de trigo duro, sal de cocina, almidón de trigo, cebolla 3%, potenciador del sabor (glutamato monosódico), suero de leche, tomate 1,5%, carne de ternera 1%, extracto de proteínas vegetales, aromas, aceite de oliva 0,7%, almidón de maíz, zanahoria 0,4%, ajo, especias. Puede contener trazas de apio, huevo, soja, pescado y crustáceos."],"conservation":" Conservar en lugar fresco y seco.","ean":"8410300101642"},{"full_name":"GALLINA BLANCA sopa de pollo gourmet con pollo de corral y fideos sobre 97 g","name":"sopa de pollo gourmet con pollo de corral y fideos sobre 97 g","brand":"GALLINA BLANCA ","img":"https://sgfm.elcorteingles.es/SGFM/dctm/MEDIA03/201711/22/00118001501628____1__600x600.jpg","price":"1,25 €","price_unit":"(12,89 € / Kilo)","categories":["Supermercado","Alimentación General","Caldos, sopas, purés y gazpachos","Sopas de aves y carne","GALLINA BLANCA sopa de pollo gourmet con pollo de corral y fideos sobre 97 g"],"general_information":["Denominación del alimento: Sopa de pollo de corral con fideos finos","Nombre del operador: Gallina Blanca, S.A.U.","Dirección del operador: Plaza Europa 42, 08902 - Hospitalet de Llobregat (Barcelona)","Cantidad Neta: 97 g","Número de raciones por envase: 4"],"ingredients":[" Pasta alimenticia (fideos finos) 77,3%: sémola de trigo duro, sal, pollo de corral 5,2%, harina de trigo ,  almidon de trigo, patata, aromas naturales (con huevo) , extracto de levadura , cebolla , zanahoria , grasa de pollo , puerro , apio , aceite de oliva , especias.  Puede contener trazas de leche, soja, pescado y crustáceos."],"conservation":" Conservar en lugar fresco y seco.","ean":"8410300358992"},{"full_name":"KNORR sopa de pollo con cabello ángel sobre 74 g","name":"sopa de pollo con cabello ángel sobre 74 g","brand":"KNORR ","img":"https://sgfm.elcorteingles.es/SGFM/dctm/MEDIA03/201610/14/00118001500364____1__600x600.jpg","price":"0,70 €","price_unit":"(9,46 € / Kilo)","categories":["Supermercado","Alimentación General","Caldos, sopas, purés y gazpachos","Sopas de aves y carne","KNORR sopa de pollo con cabello ángel sobre 74 g"],"general_information":["Denominación del alimento: Sopa de pollo deshidratada con pasta alimenticia","País de origen: Francia","Cantidad Neta: 71 g","Número de raciones por envase: 4"],"ingredients":[" Ingredientes: Pasta alimenticia (69%) (sémola de TRIGO duro, semolina de TRIGO), sal, fécula de patata, potenciador de sabor (glutamato monosódico), cebolla (2,1%), aromas, pollo (1,6%) (carne de pollo (62%), grasa de pollo), grasa de palma, cloruro potásico, especias, jarabe de caramelo, antioxidante (extracto romero).\nPuede contener huevo, leche, apio y mostaza."],"conservation":" Conservar en un lugar fresco y seco.","ean":"8712566127276"},{"full_name":"KNORR sopa de pollo con fideos sobre 61 g","name":"sopa de pollo con fideos sobre 61 g","brand":"KNORR ","img":"https://sgfm.elcorteingles.es/SGFM/dctm/MEDIA03/201610/25/00118001500042____7__600x600.jpg","price":"0,70 €","price_unit":"(11,48 € / Kilo)","categories":["Supermercado","Alimentación General","Caldos, sopas, purés y gazpachos","Sopas de aves y carne","KNORR sopa de pollo con fideos sobre 61 g"],"general_information":["Denominación del alimento: Sopa deshidratada de pollo con pasta alimenticia","País de origen: Francia","Cantidad Neta: 63 g","Número de raciones por envase: 4"],"ingredients":[" Ingredientes: Pasta alimenticia (68%) (sémola de TRIGO duro), sal, potenciadores del sabor (glutamato monosódico, inosinato y guanilato disódico), harina de TRIGO, almidón de patata, aromas, cebolla en polvo (1,7%), grasa de palma, pollo (1,6%) (carne de pollo (50%), grasa de pollo), cloruro potásico, especias, jarabe de caramelo, anitoxidante (extracto de romero). Puede contener leche, huevo y apio."],"conservation":" Conservar en un lugar fresco y seco.","ean":"8410127041145"},{"full_name":"GALLINA BLANCA sopa de pollo con fideos finos baja en sal sobre 68 g","name":"sopa de pollo con fideos finos baja en sal sobre 68 g","brand":"GALLINA BLANCA ","img":"https://sgfm.elcorteingles.es/SGFM/dctm/MEDIA03/201705/23/00118001501453____2__600x600.jpg","price":"0,60 €","price_unit":"(8,82 € / Kilo)","categories":["Supermercado","Alimentación General","Caldos, sopas, purés y gazpachos","Sopas de aves y carne","GALLINA BLANCA sopa de pollo con fideos finos baja en sal sobre 68 g"],"general_information":["Denominación del alimento: Sopa de pollo con fideos finos baja en sal","Nombre del operador: Gallina Blanca, S.A.","Dirección del operador: Plaza Europa 42, 08902 - Hospitalet de Llobregat (Barcelona)","Cantidad Neta: 68 g","Otras menciones obligatorias en la etiqueta: Sello FEC (Federación Española del Corazón) Sin conservantes"],"ingredients":[" Pasta alimenticia (fideos finos) 76% (sémola de trigo duro), almidón de trigo, aromas (con huevo), potenciador del sabor (glutamato monosódico), harina de trigo, sal, cebolla 0,9%, almidón de maíz, patata 0,6%, grasa de gallina,  carne de pollo 0,3%, puerro 0,3%, aceite de oliva 0,3%, extracto de levadura, grasa vegetal de palma, especias. Puede contener trazas de leche, soja, apio, pescado y crustáceos."],"conservation":" Conservar en un lugar fresco y seco","ean":"8410300354048"},{"full_name":"GALLINA BLANCA Sopinstant sopa de pollo con pasta pack 3 sobre 39 g","name":"Sopinstant sopa de pollo con pasta pack 3 sobre 39 g","brand":"GALLINA BLANCA ","img":"https://sgfm.elcorteingles.es/SGFM/dctm/MEDIA03/201711/24/00118035500174____6__600x600.jpg","price":"1,08 €            ","price_unit":"(27,44 € / Kilo)","categories":["Supermercado","Alimentación General","Caldos, sopas, purés y gazpachos","Sopas de aves y carne","GALLINA BLANCA Sopinstant sopa de pollo con pasta pack 3 sobre 39 g"],"general_information":["Denominación del alimento: Sopa de pollo con pasta","Nombre del operador: Gallina Blanca, S.A.","Dirección del operador: Plaza Europa 42, 08902 - Hospitalet de Llobregat (Barcelona)","Cantidad Neta: 49.5 g","Número de raciones por envase: 3","Otras menciones obligatorias en la etiqueta: Sin colorantes"],"ingredients":[" Maltodextrina, Pasta alimenticia (estrellitas) 24% (sémola de trigo blando, huevos, sal), harina de trigo, almidón de patata, sal, patata, extracto de levadura, aromas (con trigo y huevo), almidón de maíz, carne de pollo 1%, cebolla 0,4%, grasa de pollo,  aceite de oliva virgen extra 0,2%, especias, aceite de girasol. Puede contener trazas de leche, apio, soja, pescado y crustáceos."],"conservation":" Conservar en lugar fresco y seco.","ean":"8410300100799"},{"full_name":"HEINZ sopa rabo de buey lata 400 g","name":"sopa rabo de buey lata 400 g","brand":"HEINZ ","img":"https://sgfm.elcorteingles.es/SGFM/dctm/MEDIA02/CONTENIDOS/201502/16/00200102002961____1__600x600.jpg","price":"2,25 €","price_unit":"(5,62 € / Kilo)","categories":["Supermercado","Alimentación General","Caldos, sopas, purés y gazpachos","Sopas de aves y carne","HEINZ sopa rabo de buey lata 400 g"],"general_information":[],"ingredients":[],"ean":"5000157062710"},{"full_name":"HEINZ sopa de ternera curry lata 400 g","name":"sopa de ternera curry lata 400 g","brand":"HEINZ ","img":"https://sgfm.elcorteingles.es/SGFM/dctm/MEDIA02/CONTENIDOS/201502/16/00200102002979____1__600x600.jpg","price":"2,25 €","price_unit":"(5,62 € / Kilo)","categories":["Supermercado","Alimentación General","Caldos, sopas, purés y gazpachos","Sopas de aves y carne","HEINZ sopa de ternera curry lata 400 g"],"general_information":[],"ingredients":[],"ean":"5000157062727"},{"full_name":"HEINZ sopa de pollo lata 400 g","name":"sopa de pollo lata 400 g","brand":"HEINZ ","img":"https://sgfm.elcorteingles.es/SGFM/dctm/MEDIA02/CONTENIDOS/201503/13/00200102002920000_1__600x600.jpg","price":"2,25 €","price_unit":"(5,62 € / Kilo)","categories":["Supermercado","Alimentación General","Caldos, sopas, purés y gazpachos","Sopas de aves y carne","HEINZ sopa de pollo lata 400 g"],"general_information":[],"ingredients":[],"ean":"5000157062680"},{"full_name":"GALLINA BLANCA sopa de pollo con maravilla sobre 85 g","name":"sopa de pollo con maravilla sobre 85 g","brand":"GALLINA BLANCA ","img":"https://sgfm.elcorteingles.es/SGFM/dctm/MEDIA03/201709/11/00118001500729____1__600x600.jpg","price":"0,60 €","price_unit":"(7,06 € / Kilo)","categories":["Supermercado","Alimentación General","Caldos, sopas, purés y gazpachos","Sopa de verdura","GALLINA BLANCA sopa de pollo con maravilla sobre 85 g"],"general_information":["Denominación del alimento: Sopa de Pollo con Maravilla","Nombre del operador: Gallina Blanca, S.A.","Dirección del operador: Plaza Europa 41, 08908 - Hospitalet de Llobregat (Barcelona)","Cantidad Neta: 85 g","Número de raciones por envase: 4","Otras menciones obligatorias en la etiqueta: Sin conservantes"],"ingredients":[" Pasta alimenticia  (maravilla) 79% : sémola de trigo duro, sal de cocina, almidón de trigo, potenciador del sabor (glutamato monosódico), patata 1,6%, cebolla 1,3%, aromas (con huevo), pollo de corral 0,7%, grasa de gallina, aceite de oliva 0,3%, extracto de levadura, almidón de maíz, zanahoria 0,2%, especias, apio, ajo. Puede contener trazas de leche, soja, pescado y crustáceos."],"conservation":" Conservar en lugar fresco y seco.","ean":"8410300101840"},{"full_name":"GALLINA BLANCA sopa de verduras sobre 51 g","name":"sopa de verduras sobre 51 g","brand":"GALLINA BLANCA ","img":"https://sgfm.elcorteingles.es/SGFM/dctm/MEDIA03/201709/14/00118001500703____1__600x600.jpg","price":"0,60 €","price_unit":"(11,76 € / Kilo)","categories":["Supermercado","Alimentación General","Caldos, sopas, purés y gazpachos","Sopa de verdura","GALLINA BLANCA sopa de verduras sobre 51 g"],"general_information":["Denominación del alimento: Sopa de Verduras","Nombre del operador: Gallina Blanca, S.A.","Dirección del operador: Plaza Europa 41, 08908 - Hospitalet de Llobregat (Barcelona)","Cantidad Neta: 51 g","Otras menciones obligatorias en la etiqueta: Sin conservantes"],"ingredients":[" Hortalizas y verduras 56%(patata 36%, cebolla 25%, zanahoria 11%, chirivía 9%, col 7%, tomate 7%, puerro 3,7%, ajo 0,4), almidón de trigo, sal de cocina, lactosa, potenciador del sabor (glutamato monosódico), aceite de oliva 1,1%, aromas (con apio), aroma de humo, extracto de levadura, extracto de proteínas vegetales, almidón de maíz, especias. Puede contener trazas de  leche, huevo, soja, pescado y crustáceos."],"conservation":" Conservar en lugar fresco y seco.","ean":"8410300101796"},{"full_name":"GALLINA BLANCA Sopinstant sopa de verduras 3 sobres estuche 60 g","name":"Sopinstant sopa de verduras 3 sobres estuche 60 g","brand":"GALLINA BLANCA ","img":"https://sgfm.elcorteingles.es/SGFM/dctm/MEDIA03/201711/24/00118035500166____2__600x600.jpg","price":"1,08 €            ","price_unit":"(17,83 € / Kilo)","categories":["Supermercado","Alimentación General","Caldos, sopas, purés y gazpachos","Sopa de verdura","GALLINA BLANCA Sopinstant sopa de verduras 3 sobres estuche 60 g"],"general_information":["Denominación del alimento: Sopa de Verduras con picatostes","Nombre del operador: Gallina Blanca, S.A.","Dirección del operador: Plaza Europa 42, 08902 - Hospitalet de Llobregat (Barcelona)","Cantidad Neta: 51 g","Número de raciones por envase: 3","Otras menciones obligatorias en la etiqueta: Sin colorantes"],"ingredients":[" Maltodextrina, almidón de patata, picatostes 18% (harina de trigo, aceite vegetal de palma, harina de arroz, sal, levadura), hortalizas y verduras 11% (zanahoria 41%, puerro 21%, cebolla 18%, patata 7,8%, cebollino 6,0%, espinacas3,1%), sal, pasta alimenticia (sémola de trigo blando, huevos, sal), extracto de levadura, aceite de oliva 1,8%, aromas  (con huevo ), almidón de maíz, extracto de proteínas vegetales, especias, aceite de girasol. Puede contener trazas de leche, apio, soja, pescado y crustáceos."],"conservation":" Conservar en lugar fresco y seco.","ean":"8410300100775"},{"full_name":"KNORR sopa de cebolla sobre 55 g","name":"sopa de cebolla sobre 55 g","brand":"KNORR ","img":"https://sgfm.elcorteingles.es/SGFM/dctm/MEDIA03/201610/14/00118001500075____2__600x600.jpg","price":"0,70 €","price_unit":"(12,73 € / Kilo)","categories":["Supermercado","Alimentación General","Caldos, sopas, purés y gazpachos","Sopa de verdura","KNORR sopa de cebolla sobre 55 g"],"general_information":["Denominación del alimento: Sopa de cebolla deshidratada","País de origen: Francia","Nombre del operador: Unilever","Dirección del operador: SERVICIO AL CONSUMIDOR 900 812 511 www.knorr.es Unilever Espana S.A C/ Tecnología 1908840 Viladecans (Barcelona)","Cantidad Neta: 50 g","Número de raciones por envase: 4"],"ingredients":[" Ingredientes: Cebolla (34%), harina de TRIGO, azúcar, sal, fécula de patata, grasa de palma, extracto de levadura, cloruro potásico, jarabe de caramelo, especias, aromas. Puede contener huevo, leche, apio.\nElaborado con cebollas cultivadas de forma sostenible."],"conservation":" Conservar en un lugar fresco y seco.","ean":"8718114882475"},{"full_name":"KNORR sopa doce verduras sobre 41 g","name":"sopa doce verduras sobre 41 g","brand":"KNORR ","img":"https://sgfm.elcorteingles.es/SGFM/dctm/MEDIA02/CONTENIDOS/201602/01/00118001500380____1__600x600.jpg","price":"0,70 €","price_unit":"(17,07 € / Kilo)","categories":["Supermercado","Alimentación General","Caldos, sopas, purés y gazpachos","Sopa de verdura","KNORR sopa doce verduras sobre 41 g"],"general_information":["Denominación del alimento: Sopa deshidratada de verduras","País de origen: Francia","Cantidad Neta: 41 g","Número de raciones por envase: 4"],"ingredients":[" Ingredientes: Verduras y hortalizas (32%) [(zanahoria, puerro, judias verdes, raíz de APIO, calabaza, coliflor) (43%), cebolla, guisante, chirivia y nabo], fécula de patata, sal, patata, cloruro potásico, azúcar, grasa de palma, proteína vegetal hidrolizada, especias, jarabe de caramelo, aromas (contiene APIO), salsa de soja (SOJA, TRIGO), antioxidante (E-320). Puede contener huevo, leche, mostaza."],"conservation":" Conservar en un lugar fresco y seco.","ean":"8410127045556"},{"full_name":"HEINZ sopa de verduras lata 405 g","name":"sopa de verduras lata 405 g","brand":"HEINZ ","img":"https://sgfm.elcorteingles.es/SGFM/dctm/MEDIA02/CONTENIDOS/201501/08/00200102002904____1__600x600.jpg","price":"2,25 €","price_unit":"(5,56 € / Kilo)","categories":["Supermercado","Alimentación General","Caldos, sopas, purés y gazpachos","Sopa de verdura","HEINZ sopa de verduras lata 405 g"],"general_information":[],"ingredients":[],"ean":"5000157062741"},{"full_name":"HEINZ sopa de patata y puerro lata 400 g","name":"sopa de patata y puerro lata 400 g","brand":"HEINZ ","img":"https://sgfm.elcorteingles.es/SGFM/dctm/MEDIA02/CONTENIDOS/201502/16/00200102002896____2__600x600.jpg","price":"2,25 €","price_unit":"(5,62 € / Kilo)","categories":["Supermercado","Alimentación General","Caldos, sopas, purés y gazpachos","Sopa de verdura","HEINZ sopa de patata y puerro lata 400 g"],"general_information":[],"ingredients":[],"ean":"5000157062659"},{"full_name":"HEINZ sopa minestrone lata 405 g","name":"sopa minestrone lata 405 g","brand":"HEINZ ","img":"https://sgfm.elcorteingles.es/SGFM/dctm/MEDIA02/CONTENIDOS/201502/16/00200102002953____1__600x600.jpg","price":"2,25 €","price_unit":"(5,56 € / Kilo)","categories":["Supermercado","Alimentación General","Caldos, sopas, purés y gazpachos","Sopa de verdura","HEINZ sopa minestrone lata 405 g"],"general_information":[],"ingredients":[],"ean":"5000157062635"},{"full_name":"FERRER sopa de tomate con albahaca y aceite de oliva botella 720 ml","name":"sopa de tomate con albahaca y aceite de oliva botella 720 ml","brand":"FERRER ","img":"https://sgfm.elcorteingles.es/SGFM/dctm/MEDIA02/CONTENIDOS/201601/08/00118020900793____2__600x600.jpg","price":"3,10 €","price_unit":"(4,31 € / Litro)","categories":["Supermercado","Alimentación General","Caldos, sopas, purés y gazpachos","Sopa de verdura","FERRER sopa de tomate con albahaca y aceite de oliva botella 720 ml"],"general_information":["Denominación del alimento: Sopa de tomate con basílico","Nombre del operador: Ferrer tradicional, S.L.","Dirección del operador: Pol.  Ind.  Sta. Anna, Crta. Santpedor a Navarcles, Km4  -08251 Santpedor (Barcelona)","Cantidad Neta: 720,0 Mililitros"],"ingredients":[" agua, tomate (32%), cebolla, aceite de oliva, leche en polvo, queso mozzarella, albahaca (0.4%), sal, azúcar y estabilizante: goma xantana."],"conservation":" Agitar bien antes de servir. Una vez abierto, mantener refrigerado y consumir antes de una semana.","ean":"8411026040987"},{"full_name":"KNORR Misopa verdura con pasta y picatostes envase 48 g","name":"Misopa verdura con pasta y picatostes envase 48 g","brand":"KNORR ","img":"https://sgfm.elcorteingles.es/SGFM/dctm/MEDIA03/201610/25/00118035500463____1__600x600.jpg","price":"1,15 €","price_unit":"(23,96 € / Kilo)","categories":["Supermercado","Alimentación General","Caldos, sopas, purés y gazpachos","Sopa de verdura","KNORR Misopa verdura con pasta y picatostes envase 48 g"],"general_information":["Denominación del alimento: Sopa de verduras deshidratada con pasta alimenticia y picatostes","Nombre del operador: Unilever España S.A.","Dirección del operador: C/Tecnología 19, 08840 Viladecans (Barcelona)","Cantidad Neta: 48 g"],"ingredients":[" Almidón de patata, pasta alimenticia (17%) (sémola de trigo duro, sal), jarabe de glucosa deshidratado, verduras y hortalizas (16%) (cebolla¹, zanahoria¹, guisantes¹, raíz de apio, puerro¹, pimiento rojo), picatostes (10%) (pan blanco (harina de trigo, sal, levadura, aceite de nabina), grasa de palma, antioxidante (extracto de romero)), sal, grasa de palma, azúcar, aromas, extracto de levadura, perejil¹, especias. Puede contener leche, huevo y mostaza. ¹Cultivados de forma sostenible"],"conservation":" Conservar en un lugar fresco y seco.","ean":"8714100383407"},{"full_name":"KNORR las Clásicas crema de calabacín con queso de cabra envase 1 l","name":"las Clásicas crema de calabacín con queso de cabra envase 1 l","brand":"KNORR ","img":"https://sgfm.elcorteingles.es/SGFM/dctm/MEDIA03/201711/08/00118020900843____1__600x600.jpg","price":"2,95 €","price_unit":"(2,95 € / Litro)","categories":["Supermercado","Alimentación General","Caldos, sopas, purés y gazpachos","Cremas y purés de verdura","KNORR las Clásicas crema de calabacín con queso de cabra envase 1 l"],"general_information":["Denominación del alimento: Crema de calabacín con verduras, hortalizas y queso de cabra","Nombre del operador: Unilever España S.A.","Dirección del operador: C/Tecnología 19, 08840 Viladecans (Barcelona)","Cantidad Neta: 1 Litros"],"ingredients":[" Agua, verduras y hortalizas¹ (32%) (calabacín (81%), cebolla, espinaca), patata¹ (4%), nata (2,5%), almidón modificado de maiz, leche mazada, leche desnatada, queso de cabra fundido (0,4%) queso de cabra, suero de leche, sal), queso de cabra (0,3%), azúcar, sal, aceite de girasol, aceite de oliva virgen extra (0,4%), aromas (contiene trigo), pimienta negra. Puede contener: apio, mostaza y huevo ¹Cultivadas de forma sostenible"],"conservation":" Una vez abierto, conservar en el frigorífico un máximo de dos días.","ean":"8714100743997"},{"full_name":"KNORR Las Clásicas crema de pollo con verduras envase 1 l","name":"Las Clásicas crema de pollo con verduras envase 1 l","brand":"KNORR ","img":"https://sgfm.elcorteingles.es/SGFM/dctm/MEDIA03/201709/19/00118020901007____6__600x600.jpg","price":"3,01 €","price_unit":"(3,01 € / Litro)","categories":["Supermercado","Alimentación General","Caldos, sopas, purés y gazpachos","Cremas y purés de verdura","KNORR Las Clásicas crema de pollo con verduras envase 1 l"],"general_information":["Denominación del alimento: Crema pollo con hortalizas","Nombre del operador: Unilever España S.A.","Dirección del operador: C/Tecnología 19, 08840 Viladecans (Barcelona)","Cantidad Neta: 8224 Kilogramos","Otras menciones obligatorias en la etiqueta: Modo de preparación: Agitar y verter todo el contenido en un recipiente. Calentar a fuego lento, removiendo de vez en cuando.#En microondas:Verter el contenido en un recipiente adaptado para microondas y dejar calentar un instante. NO HERVIR"],"ingredients":[" Crema pollo con hortalizas: Agua, hortalizas¹ (26%) (zanahoria, cebolla, chirivía, puerro, raíz de apio), patata (6%), pollo (2,8%) (pollo (89%), grasa de pollo), aceite de girasol, aceite de oliva, almidón modificado de maíz, leche mazada, leche desnatada, sal, aromas, plantas aromáticas, antioxidante (extracto de romero). Puede contener huevo, gluten y mostaza. ¹Cultivadas de forma sostenible"],"conservation":" Antes de abrir, conservar a temperatura ambiente. Una vez abierto, conservar en el frigorífico un máximo de dos días.","ean":"8714100685815"},{"full_name":"KNORR Las Clásicas crema de tomate con mascarpone envase 1 l","name":"Las Clásicas crema de tomate con mascarpone envase 1 l","brand":"KNORR ","img":"https://sgfm.elcorteingles.es/SGFM/dctm/MEDIA03/201709/19/00118020900942____2__600x600.jpg","price":"2,95 €","price_unit":"(2,95 € / Litro)","categories":["Supermercado","Alimentación General","Caldos, sopas, purés y gazpachos","Cremas y purés de verdura","KNORR Las Clásicas crema de tomate con mascarpone envase 1 l"],"general_information":["Denominación del alimento: Crema de tomate con queso Mascarpone","Nombre del operador: Unilever España S.A.","Dirección del operador: C/Tecnología 19, 08840 Viladecans (Barcelona)","Cantidad Neta: 1 Litros"],"ingredients":[" Tomate* (45%) (puré de tomate, tomate troceado), agua, almidón modificado de maíz, queso Mascarpone (2%), nata (1,5%), azúcar, sal, cebolla* (0,7%), aceite de girasol, leche mazada en polvo, leche desnatada en polvo, especias, aroma. *Cultivados de forma sostenible. Puede contener: gluten, huevo, apio y mostaza."],"conservation":" El modo de preparación y envasado de este producto son la garantía de su conservación. Antes de abrir, consevar a temperatura ambiente. Una vez abierto, conservar en el frigorífico un máximo de dos días.","ean":"8712100799716"},{"full_name":"KNORR Las Clásicas crema de verduras mediterráneas envase 1 l","name":"Las Clásicas crema de verduras mediterráneas envase 1 l","brand":"KNORR ","img":"https://sgfm.elcorteingles.es/SGFM/dctm/MEDIA03/201709/19/00118020900579____2__600x600.jpg","price":"2,95 €","price_unit":"(2,95 € / Litro)","categories":["Supermercado","Alimentación General","Caldos, sopas, purés y gazpachos","Cremas y purés de verdura","KNORR Las Clásicas crema de verduras mediterráneas envase 1 l"],"general_information":["Denominación del alimento: Crema de verduras y hortalizas","Nombre del operador: Unilever España S.A.","Dirección del operador: C/Tecnología 19, 08840 Viladecans (Barcelona)","Cantidad Neta: 1 Litros"],"ingredients":[" Agua, verduras y hortalizas¹ (30%) (zanahoria, raíz de apio, cebolla, tomate, chirivía, calabaza, nabo, puerro), patata¹ (9,3%), leche mazada, almidón modificado de maíz, aceite de girasol, leche desnatada, azúcar, sal, aromas, zumo concentrado de hortalizas (apio, zanahoria¹, puerro, cebolla). Puede contener gluten, mostaza y huevo. ¹Cultivadas de forma sostenible"],"conservation":" Una vez abierto, conservar en el frigorífico un máximo de dos días.","ean":"8712100644740"},{"full_name":"KNORR Las Clásicas crema suave de verduras mediterráneas envase 500 ml","name":"Las Clásicas crema suave de verduras mediterráneas envase 500 ml","brand":"KNORR ","img":"https://sgfm.elcorteingles.es/SGFM/dctm/MEDIA03/201709/19/00118020900439____6__600x600.jpg","price":"1,74 €","price_unit":"(3,48 € / Litro)","categories":["Supermercado","Alimentación General","Caldos, sopas, purés y gazpachos","Cremas y purés de verdura","KNORR Las Clásicas crema suave de verduras mediterráneas envase 500 ml"],"general_information":["Denominación del alimento: Crema de verduras y hortalizas","País de origen: Francia","Nombre del operador: Unilever","Dirección del operador: Atención al consumidor Unilever España, S.A.C/ Tecnología 19, 08840 Viladecans (Barcelona) 900 812 511 www.knorr.es","Cantidad Neta: 500 Mililitros","Número de raciones por envase: 2"],"ingredients":[" Agua, verduras y hortalizas¹ (30%) (zanahoria, raíz de APIO, cebolla, tomate, chirivía, calabaza, nabo, puerro), patata¹  (9,3%), LECHE mazada, almidón modificado de maíz, aceite de girasol, LECHE desnatada, azúcar, sal, aromas, zumo concentrado de hortalizas (APIO, zanahoria¹, puerro, cebolla). Puede contener gluten, mostaza y huevo. ¹Cultivadas de forma sostenible"],"conservation":"Modo de empleo: CONSEJOS DE PREPARACIÓN 1. AGITAR 2. VERTER 3. CALENTAR    OLLA:     REMOVER SIN LLEVAR A EBULLICIÓN    MICROONDAS²:    CALENTAR UN INSTANTE EN UN RECIPIENTE ADECUADO 4. DISFRUTAR","ean":"8712100645969"},{"full_name":"KNORR Las Clásicas crema de calabaza con suave toque de nata envase 1 l","name":"Las Clásicas crema de calabaza con suave toque de nata envase 1 l","brand":"KNORR ","img":"https://sgfm.elcorteingles.es/SGFM/dctm/MEDIA03/201709/19/00118020900561____2__600x600.jpg","price":"2,95 €","price_unit":"(2,95 € / Litro)","categories":["Supermercado","Alimentación General","Caldos, sopas, purés y gazpachos","Cremas y purés de verdura","KNORR Las Clásicas crema de calabaza con suave toque de nata envase 1 l"],"general_information":["Denominación del alimento: Crema de calabaza","País de origen: Francia","Nombre del operador: Unilever","Dirección del operador: Atención al consumidor Unilever Espana, S.A C/ Tecnología 19, 08840 Viladecans (Barcelona) 900 812 511 www.knorr.es","Cantidad Neta: 1000 Mililitros"],"ingredients":[" Agua, hortalizas* (49%) (calabaza (58%), zanahoria, cebolla, puré de tomate), patata (4%), NATA (1,6 %), MANTEQUILLA, sal, azúcar, aromas (contiene LECHE).  Puede contener gluten, huevo y apio.* Cultivadas de forma sostenible."],"ean":"8712100645983"},{"full_name":"KNORR Las Clásicas crema de calabaza con suave toque de nata envase 500 ml","name":"Las Clásicas crema de calabaza con suave toque de nata envase 500 ml","brand":"KNORR ","img":"https://sgfm.elcorteingles.es/SGFM/dctm/MEDIA03/201709/19/00118020900421____7__600x600.jpg","price":"1,74 €","price_unit":"(3,48 € / Litro)","categories":["Supermercado","Alimentación General","Caldos, sopas, purés y gazpachos","Cremas y purés de verdura","KNORR Las Clásicas crema de calabaza con suave toque de nata envase 500 ml"],"general_information":["Denominación del alimento: Crema de calabaza","País de origen: Francia","Nombre del operador: ^^","Dirección del operador: Atención al consumidorUnilever Espana, S.A C/ Tecnología 19, 08840 Viladecans (Barcelona) 900 812 511www.knorr.es","Cantidad Neta: 500 Mililitros","Otras menciones obligatorias en la etiqueta: ^^"],"ingredients":[" Ingredientes: Agua, hortalizas* (49%) (calabaza (58%), zanahoria, cebolla, puré de tomate), patata, NATA (1,6 %), MANTEQUILLA, sal, azúcar, aromas (contiene LECHE).  Puede contener gluten, huevo y apio. * Cultivadas de forma sostenible."],"ean":"8712100646096"},{"full_name":"KNORR Las Clásicas crema de calabacín con queso de cabra envase 500 ml","name":"Las Clásicas crema de calabacín con queso de cabra envase 500 ml","brand":"KNORR ","img":"https://sgfm.elcorteingles.es/SGFM/dctm/MEDIA03/201709/19/00118020900538____4__600x600.jpg","price":"1,74 €","price_unit":"(3,48 € / Litro)","categories":["Supermercado","Alimentación General","Caldos, sopas, purés y gazpachos","Cremas y purés de verdura","KNORR Las Clásicas crema de calabacín con queso de cabra envase 500 ml"],"general_information":["Denominación del alimento: Crema de calabacín con verduras, hortalizas y queso de cabra","Nombre del operador: Unilever España S.A.","Dirección del operador: C/Tecnología 19, 08840 Viladecans (Barcelona)","Cantidad Neta: 500 Mililitros"],"ingredients":[" Agua, verduras y hortalizas¹ (32%) (calabacín (81%), cebolla, espinaca), patata¹ (4%), nata (2,5%), almidón modificado de maiz, leche mazada, leche desnatada, queso de cabra fundido (0,4%) queso de cabra, suero de leche, sal), queso de cabra (0,3%), azúcar, sal, aceite de girasol, aceite de oliva virgen extra (0,4%), aromas (contiene trigo), pimienta negra. Puede contener: apio, mostaza y huevo ¹Cultivadas de forma sostenible"],"conservation":" Una vez abierto, conservar en el frigorífico un máximo de dos días.","ean":"8714100743980"},{"full_name":"KNORR Las Clásicas crema de setas del bosque con champiñones envase 500 ml","name":"Las Clásicas crema de setas del bosque con champiñones envase 500 ml","brand":"KNORR ","img":"https://sgfm.elcorteingles.es/SGFM/dctm/MEDIA03/201709/19/00118020900546____2__600x600.jpg","price":"1,74 €","price_unit":"(3,48 € / Litro)","categories":["Supermercado","Alimentación General","Caldos, sopas, purés y gazpachos","Cremas y purés de verdura","KNORR Las Clásicas crema de setas del bosque con champiñones envase 500 ml"],"general_information":["Denominación del alimento: Crema de setas del bosque con champiñones","País de origen: Francia","Nombre del operador: Unilever","Dirección del operador: Atención al consumidor Unilever España, S.A.C/ Tecnología 19, 08840 Viladecans (Barcelona) 900 812 511 www.knorr.es","Cantidad Neta: 500 Mililitros","Número de raciones por envase: 2"],"ingredients":[" Agua, setas (12%) (boletus (58%) (edulis, badius), champiñones¹ (42%)), NATA (7%), almidón modificado de maíz, harina de TRIGO, LECHE mazada, sal, aceite de girasol, aroma, chalota (0,2%), cebollino¹, cebolla tostada en polvo¹, azúcar, ajo, zumo concentrado de champiñones, extracto de pimienta. Puede contener apio, mostaza y huevo. ¹Cultivados de forma sostenible."],"conservation":"Modo de empleo: CONSEJOS DE PREPARACIÓN 1. AGITAR 2. VERTER 3. CALENTAR    OLLA:     REMOVER SIN LLEVAR A EBULLICIÓN    MICROONDAS²:    CALENTAR UN INSTANTE EN UN RECIPIENTE ADECUADO 4. DISFRUTAR","ean":"8712100645945"},{"full_name":"KNORR Las Clásicas crema vichyssoise envase 500 ml","name":"Las Clásicas crema vichyssoise envase 500 ml","brand":"KNORR ","img":"https://sgfm.elcorteingles.es/SGFM/dctm/MEDIA03/201709/19/00118020900611____1__600x600.jpg","price":"1,74 €","price_unit":"(3,48 € / Litro)","categories":["Supermercado","Alimentación General","Caldos, sopas, purés y gazpachos","Cremas y purés de verdura","KNORR Las Clásicas crema vichyssoise envase 500 ml"],"general_information":["Denominación del alimento: Crema de Vichyssoise puerro y patata","País de origen: Francia","Nombre del operador: Unilever","Dirección del operador: Unilever Espana, S.A. C/ Tecnología 19, 08840 Viladecans (Barcelona) 900 812 511www.knorr.es","Cantidad Neta: 500 Mililitros","Número de raciones por envase: 2"],"ingredients":[" \"Ingredientes: Agua, verduras y hortalizas* (18%) (puerro y cebolla), NATA (8%), patata (7%), almidón de arroz, sal, extracto de levadura, especias.  Puede contener huevo, gluten y apio.* Cultivadas de forma sostenible.\""],"ean":"8712100647055"},{"full_name":"KNORR Las Clásicas crema selección de verduras envase 500 ml","name":"Las Clásicas crema selección de verduras envase 500 ml","brand":"KNORR ","img":"https://sgfm.elcorteingles.es/SGFM/dctm/MEDIA03/201709/19/00118020900314____2__600x600.jpg","price":"1,74 €","price_unit":"(3,48 € / Litro)","categories":["Supermercado","Alimentación General","Caldos, sopas, purés y gazpachos","Cremas y purés de verdura","KNORR Las Clásicas crema selección de verduras envase 500 ml"],"general_information":["Denominación del alimento: Crema de verduras y hortalizas (32%)","País de origen: Francia","Nombre del operador: Unilever","Dirección del operador: Atención al consumidor\nUnilever España, S.A.\nC/ Tecnología 19, 08840 Viladecans (Barcelona)\n<Icono teléfono> 900 812 511\nwww.knorr.es","Cantidad Neta: 500 Mililitros","Número de raciones por envase: 2"],"ingredients":[" Ingredientes: Agua, puerro* (7%), raíz de APIO* (6,9%), patata, brécol* (5,1%), copos de patata reconstituídos* (4,2%), zanahoria* (4%), espinacas* (3%), cebolla* (2%), judías verdes* (2%), berros* (1,5%), guisantes* (0,5%), perifollo* (0,2%), acedera (0,1%), almidón modificado de maíz, MANTEQUILLA, sal, azúcar, extracto de levadura. Puede contener gluten, huevo.\n* Cultivadas de forma sostenible"],"conservation":" Una vez abierto conservar en el frigorífico un máximo de 2 días.","ean":"8712100645822"},{"full_name":"KNORR Las Clásicas crema de espárragos con suave toque de nata envase 500 ml","name":"Las Clásicas crema de espárragos con suave toque de nata envase 500 ml","brand":"KNORR ","img":"https://sgfm.elcorteingles.es/SGFM/dctm/MEDIA03/201709/19/00118020900678____2__600x600.jpg","price":"1,74 €","price_unit":"(3,48 € / Litro)","categories":["Supermercado","Alimentación General","Caldos, sopas, purés y gazpachos","Cremas y purés de verdura","KNORR Las Clásicas crema de espárragos con suave toque de nata envase 500 ml"],"general_information":["Denominación del alimento: Crema de espárragos blancos","País de origen: Francia","Nombre del operador: Unilever","Dirección del operador: Atención al consumidorUnilever Espana S.A.c/Tecnología 1908840 Viladecans, Barcelona< icono teléfono> 900 812 511www.knorr.es\"","Cantidad Neta: 500 Mililitros"],"ingredients":[" Ingredientes: Agua, hortalizas (13,7%)(espárragos blancos (50%), raíz de APIO, cebolla), patata (13,6%), NATA (2,4%), almidón modificado de maíz, sal, azúcar, LECHE desnatada en polvo, aromas. Puede contener huevo y gluten."],"ean":"8712100645808"},{"full_name":"KNORR Las Cremas crema de champiñón sobre 65 g","name":"Las Cremas crema de champiñón sobre 65 g","brand":"KNORR ","img":"https://sgfm.elcorteingles.es/SGFM/dctm/MEDIA03/201709/14/00118001500091____11__600x600.jpg","price":"0,70 €","price_unit":"(10,77 € / Kilo)","categories":["Supermercado","Alimentación General","Caldos, sopas, purés y gazpachos","Cremas y purés de verdura","KNORR Las Cremas crema de champiñón sobre 65 g"],"general_information":["Denominación del alimento: Crema deshidratada de champiñones","Nombre del operador: Unilever España S.A.","Dirección del operador: C/Tecnología 19, 08840 Viladecans (Barcelona)","Cantidad Neta: 62 g"],"ingredients":[" Harina de trigo, sal, fécula de patata, grasa de palma, cloruro potásico, proteína vegetal hidrolizada, azúcar, cebolla (2,1%), extracto de levadura, champiñones (0,8%), lactosa, proteinas de la leche, aromas, especias. Puede contener huevo, apio, mostaza."],"conservation":"Modo de empleo: 1.Verter el contenido del sobre en 1L de agua fría, remover con un agitador y llevarlo a ebullición. 2.Tapar parcialmente y dejar cocer a fuego lento durante 5 minutos, removiendo de vez en cuando.","ean":"8718114882239"},{"full_name":"KNORR Las Cremas crema de espárragos sobre 70 g","name":"Las Cremas crema de espárragos sobre 70 g","brand":"KNORR ","img":"https://sgfm.elcorteingles.es/SGFM/dctm/MEDIA03/201610/14/00118001501321____1__600x600.jpg","price":"0,70 €","price_unit":"(10 € / Kilo)","categories":["Supermercado","Alimentación General","Caldos, sopas, purés y gazpachos","Cremas y purés de verdura","KNORR Las Cremas crema de espárragos sobre 70 g"],"general_information":["Denominación del alimento: Crema de espárragos deshidratada","Nombre del operador: Unilever España S.A.","Dirección del operador: C/Tecnología 19, 08840 Viladecans (Barcelona)","Cantidad Neta: 70 g"],"ingredients":[" Harina de trigo, almidón de maíz y patata, grasa de palma, sal, espárragos blanco y verdes (7,8%), aromas (contiene apio), jarabe de glucosa, cloruro potásico, proteínas de la leche, cebolla (0,4%), especia, espinacas.  Puede contener huevo."],"conservation":" Conservar en un lugar fresco y seco.","ean":"8410127041473"},{"full_name":"KNORR Las Cremas crema de tomate sobre 76 g","name":"Las Cremas crema de tomate sobre 76 g","brand":"KNORR ","img":"https://sgfm.elcorteingles.es/SGFM/dctm/MEDIA02/CONTENIDOS/201512/02/00118001501313____1__600x600.jpg","price":"0,85 €","price_unit":"(11,18 € / Kilo)","categories":["Supermercado","Alimentación General","Caldos, sopas, purés y gazpachos","Cremas y purés de verdura","KNORR Las Cremas crema de tomate sobre 76 g"],"general_information":["Denominación del alimento: Crema deshidratada de tomate","País de origen: Francia","Nombre del operador: Unilever","Dirección del operador: SERVICIO AL CONSUMIDOR<Icono teléfono> 900 812 511< Icono internet> www.knorr.esUnilever Espana S.AC/ Tecnología 1908840 Viladecans (Barcelona)\"","Cantidad Neta: 76 g","Número de raciones por envase: 4"],"ingredients":[" Ingredientes: Tomate2 (31%), harina de TRIGO, azúcar, almidón de patata, grasa de palma, sal, cebolla (1,5%), cloruro potásico, proteina vegetal hidrolizada, remolacha, especias, aromas (contiene SOJA, TRIGO). Puede contener huevo, leche, apio y mostaza.\n2 Tomates cultivados de forma sostenible"],"conservation":" Conservar en un lugar fresco y seco.","ean":"5601038010570"},{"full_name":"KNORR Las Clásicas crema Alicia de calabaza, zanahorias y guisantes envase 1 l","name":"Las Clásicas crema Alicia de calabaza, zanahorias y guisantes envase 1 l","brand":"KNORR ","img":"https://sgfm.elcorteingles.es/SGFM/dctm/MEDIA03/201709/19/00118020900827____3__600x600.jpg","price":"2,95 €","price_unit":"(2,95 € / Litro)","categories":["Supermercado","Alimentación General","Caldos, sopas, purés y gazpachos","Cremas y purés de verdura","KNORR Las Clásicas crema Alicia de calabaza, zanahorias y guisantes envase 1 l"],"general_information":["Denominación del alimento: Crema de zanahoria, calabaza y guisantes","Nombre del operador: Unilever España S.A.","Dirección del operador: C/Tecnología 19, 08840 Viladecans (Barcelona)","Cantidad Neta: 1 Litros"],"ingredients":[" Agua, verduras y hortalizas¹ (34%) (tomate y puré de tomate, zanahoria (31%), cebolla, raíz de apio, calabaza (8%), puerro, guisantes (3%)), patata¹ (11%), nata (7%), leche mazada, almidón modificado de maíz, azúcar, aceites vegetales (girasol, maíz, nabina totalmente hidrogenado), sal, fibra de tomate, aromas, ajo. Puede contener gluten, huevo y mostaza. ¹Cultivadas de forma sostenible."],"conservation":" Una vez abierto, conservar en el frigorífico un máximo de dos días.","ean":"8712100652691"},{"full_name":"KNORR Las Clásicas crema de Alicia con calabaza zanahoria y guisantes envase 500 ml","name":"Las Clásicas crema de Alicia con calabaza zanahoria y guisantes envase 500 ml","brand":"KNORR ","img":"https://sgfm.elcorteingles.es/SGFM/dctm/MEDIA03/201709/19/00118020900447____3__600x600.jpg","price":"1,74 €","price_unit":"(3,48 € / Litro)","categories":["Supermercado","Alimentación General","Caldos, sopas, purés y gazpachos","Cremas y purés de verdura","KNORR Las Clásicas crema de Alicia con calabaza zanahoria y guisantes envase 500 ml"],"general_information":["Denominación del alimento: Crema de calabaza, zanahoria y guisantes","País de origen: Francia","Nombre del operador: Unilever","Dirección del operador: Unilever Espana, S.A.C/ Tecnología 19, 08840 Viladecans (Barcelona) 900 812 511www.knorr.es","Cantidad Neta: 500 Mililitros","Número de raciones por envase: 2"],"ingredients":[" \"Ingredientes: Agua, verduras y hortalizas* (35%) (zanahoria (44%), tomate y puré de tomate, cebolla, calabaza (8%), puerro, guisantes (3%), raíz de APIO), patata*(6%), LECHE mazada, NATA, aceites vegetales (girasol, nabina totalmente hidrogenado), almidón modificado de maíz, LECHE desnatada, azúcar, MANTEQUILLA, sal, grasa de pollo, aromas, ajo, almidón de patata, antioxidante (extracto de romero). Puede contener gluten, huevo.* Cultivados de forma sostenible.\""],"ean":"8712100645204"},{"full_name":"KNORR Ligeresa crema de verduras de la huerta baja en grasas envase 500 ml","name":"Ligeresa crema de verduras de la huerta baja en grasas envase 500 ml","brand":"KNORR ","img":"https://sgfm.elcorteingles.es/SGFM/dctm/MEDIA03/201709/14/00118020900454____2__600x600.jpg","price":"1,66 €","price_unit":"(3,32 € / Litro)","categories":["Supermercado","Alimentación General","Caldos, sopas, purés y gazpachos","Cremas y purés de verdura","KNORR Ligeresa crema de verduras de la huerta baja en grasas envase 500 ml"],"general_information":["Denominación del alimento: Crema de verduras","País de origen: Francia","Nombre del operador: Unilever","Dirección del operador: Atención al consumidor\nUnilever España, S.A.\nC/ Tecnología 19\n08840 Viladecans (Barcelona)\n<icono teléfono> 900 812 511\nwww.knorr.es","Cantidad Neta: 500 Mililitros","Número de raciones por envase: 2"],"ingredients":[" Ingredientes: Agua, verduras y hortalizas* (30%)(zanahoria, raíz de APIO, cebolla, brécol, tomate, puerro, nabo, col), patata (9%), almidón modificado de maíz, sal, NATA, azúcar, aroma, zumo de acerola en polvo. Puede contener gluten, mostaza y huevo.                                                                          \n*Cultivadas de forma sostenible"],"conservation":"Modo de empleo: es: Modo de preparación:\nAgitar y verter todo el contenido en un recipiente.\nCalentar a fuego lento, removiendo de vez en cuando.\nTambién se puede calentar en microondas. NO HERVIR.\n\n\nCortar toda la parte superior del envase.","ean":"8712100645907"},{"full_name":"KNORR Ligeresa puré de zanahoria y puerro bajo en grasas envase 500 ml","name":"Ligeresa puré de zanahoria y puerro bajo en grasas envase 500 ml","brand":"KNORR ","img":"https://sgfm.elcorteingles.es/SGFM/dctm/MEDIA03/201709/14/00118020900462____2__600x600.jpg","price":"1,66 €","price_unit":"(3,32 € / Litro)","categories":["Supermercado","Alimentación General","Caldos, sopas, purés y gazpachos","Cremas y purés de verdura","KNORR Ligeresa puré de zanahoria y puerro bajo en grasas envase 500 ml"],"general_information":["Denominación del alimento: Crema de zanahoria, puerro y cebolla salteada","Nombre del operador: Unilever España S.A.","Dirección del operador: C/Tecnología 19, 08840 Viladecans (Barcelona)","Cantidad Neta: 513 g"],"ingredients":[" Agua, verduras y hortalizas* (33%)(zanahoria (55%), puerro (14%), judías verdes, tomate, cebolla (7%), espinacas), patata (7%), almidón modificado de maíz, sal, aceite de girasol, azúcar, aromas, especia. Puede contener gluten, huevo, leche, apio y mostaza.*Cultivadas de forma sostenible."],"conservation":" Una vez abierto conservar en el frigorífico un máximo de 2 días.","ean":"8712100644689"},{"full_name":"KNORR Eco puré de verduras de la huerta ecológico envase 1 l","name":"Eco puré de verduras de la huerta ecológico envase 1 l","brand":"KNORR ","img":"https://sgfm.elcorteingles.es/SGFM/dctm/MEDIA03/201710/19/00118002200162____1__600x600.jpg","price":"3,70 €","price_unit":"(3,70 € / Litro)","categories":["Supermercado","Alimentación General","Caldos, sopas, purés y gazpachos","Cremas y purés de verdura","KNORR Eco puré de verduras de la huerta ecológico envase 1 l"],"general_information":["Denominación del alimento: Crema de verduras","Nombre del operador: Unilever España S.A.","Dirección del operador: C/Tecnología 19, 08840 Viladecans (Barcelona)","Cantidad Neta: 1 Litros"],"ingredients":[" Hortalizas¹ (48%) (patata, zanahoria, raíz de apio, cebolla, judía verde, brócoli, puerro), agua, nata¹, almidón de maiz¹, sal y extracto de levadura. ¹Procedente de agricultura ecológica."],"conservation":" Una vez abierto, conservar en el frigorífico un máximo de dos días.","ean":"8714100843673"},{"full_name":"KNORR Eco puré de verduras de la huerta ecológico envase 300 ml","name":"Eco puré de verduras de la huerta ecológico envase 300 ml","brand":"KNORR ","img":"https://sgfm.elcorteingles.es/SGFM/dctm/MEDIA03/201710/19/00118002200147____1__600x600.jpg","price":"1,69 €","price_unit":"(5,63 € / Litro)","categories":["Supermercado","Alimentación General","Caldos, sopas, purés y gazpachos","Cremas y purés de verdura","KNORR Eco puré de verduras de la huerta ecológico envase 300 ml"],"general_information":["Denominación del alimento: Crema de verduras","Nombre del operador: Unilever España S.A.","Dirección del operador: C/Tecnología 19, 08840 Viladecans (Barcelona)","Cantidad Neta: 300 Mililitros"],"ingredients":[" Hortalizas¹ (48%) (patata¹, zanahoria¹, raíz de apio¹, cebolla¹, judía verde¹, brocoli¹, puerro¹), agua, nata¹, almidón de maiz¹, sal y extracto de levadura. ¹Procedente de agricultura ecológica."],"conservation":" Una vez abierto, conservar en el frigorífico un máximo de dos días. El modo de preparación y envasado de este producto son la garantía de su conservación.","ean":"8714100769973"},{"full_name":"KNORR Eco puré de calabazaa con zanahoria ecológico envase 1 l","name":"Eco puré de calabazaa con zanahoria ecológico envase 1 l","brand":"KNORR ","img":"https://sgfm.elcorteingles.es/SGFM/dctm/MEDIA03/201710/19/00118002200154____1__600x600.jpg","price":"3,70 €","price_unit":"(3,70 € / Litro)","categories":["Supermercado","Alimentación General","Caldos, sopas, purés y gazpachos","Cremas y purés de verdura","KNORR Eco puré de calabazaa con zanahoria ecológico envase 1 l"],"general_information":["Denominación del alimento: Crema de calabaza con zanahoria","Nombre del operador: Unilever España S.A.","Dirección del operador: C/Tecnología 19, 08840 Viladecans (Barcelona)","Cantidad Neta: 1 Litros"],"ingredients":[" Agua, hortalizas (46%) (calabaza¹ (25%), zanahoria¹ (13%), cebolla¹, patata¹, tomate¹), nata¹, almidón de maíz¹, mantequilla¹, azúcar de caña¹, sal, aromas (contiene leche), zumo de limón concentrado¹. ¹Procedente de agricultura ecológica."],"conservation":" Una vez abierto, conservar en el frigorífico un máximo de dos días.","ean":"8714100843666"},{"full_name":"KNORR Eco puré de calabaza con zanahoria ecológico envase 300 ml","name":"Eco puré de calabaza con zanahoria ecológico envase 300 ml","brand":"KNORR ","img":"https://sgfm.elcorteingles.es/SGFM/dctm/MEDIA03/201710/19/00118002200139____1__600x600.jpg","price":"1,69 €","price_unit":"(5,63 € / Litro)","categories":["Supermercado","Alimentación General","Caldos, sopas, purés y gazpachos","Cremas y purés de verdura","KNORR Eco puré de calabaza con zanahoria ecológico envase 300 ml"],"general_information":["Denominación del alimento: Crema de calabaza con zanahoria","Nombre del operador: Unilever España S.A.","Dirección del operador: C/Tecnología 19, 08840 Viladecans (Barcelona)","Cantidad Neta: 300 Mililitros"],"ingredients":[" Agua, hortalizas (46%) (calabaza¹ (25%), zanahoria¹ (13%), cebolla¹, patata¹, tomate¹), nata¹, almidón de maíz¹, mantequilla¹, azúcar de caña¹, sal, aromas (contiene leche), zumo de limón concentrado¹. ¹Procedente de agricultura ecológica."],"conservation":" Una vez abierto, conservar en el frigorífico un máximo de dos días. El modo de preparación y envasado de este producto son la garantía de su conservación.","ean":"8714100742884"},{"full_name":"KNORR Los Momentos Gourmet crema de boletus al aroma de trufa envase 500 ml","name":"Los Momentos Gourmet crema de boletus al aroma de trufa envase 500 ml","brand":"KNORR ","img":"https://sgfm.elcorteingles.es/SGFM/dctm/MEDIA03/201611/17/00118020900306____3__600x600.jpg","price":"2,75 €","price_unit":"(5,50 € / Litro)","categories":["Supermercado","Alimentación General","Caldos, sopas, purés y gazpachos","Cremas y purés de verdura","KNORR Los Momentos Gourmet crema de boletus al aroma de trufa envase 500 ml"],"general_information":["Denominación del alimento: Crema de setas con aceite aromatizado a la trufa","Nombre del operador: Unilever España S.A.","Dirección del operador: C/Tecnología 19, 08840 Viladecans (Barcelona)","Cantidad Neta: 500 Mililitros"],"ingredients":[" Agua, patata, nata (8,6%), setas (6%) (boletus edulis, setas nameko, boletus luteus, chantarelles), almidón modificado de maíz, raíz de apio, chalotas (1,7%), aceite aromatizado (0,7%) (aceite de girasol, aroma de trufa), sal, aceite de girasol, extracto de levadura, azúcar, especias, ajo, aromas, zumo concentrado de champiñones, cebolla.  Puede contener gluten y huevo."],"conservation":" -","ean":"8712100644702"},{"full_name":"KNORR las rústicas puré de verduras campesinas envase 500 ml","name":"las rústicas puré de verduras campesinas envase 500 ml","brand":"KNORR ","img":"https://sgfm.elcorteingles.es/SGFM/dctm/MEDIA03/201710/04/00118020901213____1__600x600.jpg","price":"1,98 €","categories":["Supermercado","Alimentación General","Caldos, sopas, purés y gazpachos","Cremas y purés de verdura","KNORR las rústicas puré de verduras campesinas envase 500 ml"],"general_information":["Denominación del alimento: Crema de verduras","Nombre del operador: Unilever España S.A.","Dirección del operador: C/Tecnología 19, 08840 Viladecans (Barcelona)","Cantidad Neta: 500 Mililitros"],"ingredients":[" Agua, verduras y hortalizas¹ (32%) (zanahoria, raíz de apio, cebolla, puerro, brócoli, judías verdes), patata¹ (16%), nata (1%), leche mazada, almidón modificado de maíz, sal, aceite de girasol, aroma. Puede contener gluten, huevo y mostaza. ¹Cultivadas de forma sostenible."],"conservation":" Una vez abierto, conservar en el frigorífico un máximo de dos días.","ean":"8714100847985"},{"full_name":"KNORR Las Rústicas puré de verduras jardineras envase 500 ml","name":"Las Rústicas puré de verduras jardineras envase 500 ml","brand":"KNORR ","img":"https://sgfm.elcorteingles.es/SGFM/dctm/MEDIA03/201710/10/00118020901205____1__600x600.jpg","price":"1,98 €","categories":["Supermercado","Alimentación General","Caldos, sopas, purés y gazpachos","Cremas y purés de verdura","KNORR Las Rústicas puré de verduras jardineras envase 500 ml"],"general_information":["Denominación del alimento: Crema de verduras","Nombre del operador: Unilever España S.A.","Dirección del operador: C/Tecnología 19, 08840 Viladecans (Barcelona)","Cantidad Neta: 500 Mililitros"],"ingredients":[" Agua, verduras y hortalizas (30%) (raíz de apio¹, cebolla¹, judía verde¹, brocoli¹, puerro¹, espinaca¹, berro¹, zanahoria¹, perifollo¹, acedera), patata¹ (16%), leche mazada, almidón de maíz, sal, azúcar, aceite de girasol, aromas, albahaca¹. Puede contener: gluten, huevo y mostaza. ¹Cultivadas de forma sostenible."],"conservation":" Una vez abierto, conservar en el frigorífico un máximo de dos días.","ean":"8714100847992"},{"full_name":"KNORR Las Rústicas puré de verduras con berenjenas asadas envase 500 ml","name":"Las Rústicas puré de verduras con berenjenas asadas envase 500 ml","brand":"KNORR ","img":"https://sgfm.elcorteingles.es/SGFM/dctm/MEDIA03/201710/04/00118020901221____1__600x600.jpg","price":"1,98 €","categories":["Supermercado","Alimentación General","Caldos, sopas, purés y gazpachos","Cremas y purés de verdura","KNORR Las Rústicas puré de verduras con berenjenas asadas envase 500 ml"],"general_information":["Denominación del alimento: Crema de verduras y hortalizas con berenjenas","Nombre del operador: Unilever España S.A.","Dirección del operador: C/Tecnología 19, 08840 Viladecans (Barcelona)","Cantidad Neta: 500 Mililitros"],"ingredients":[" Agua, verduras y hortalizas¹ (28%) (tomate, berenjena (36%), cebolla), patata¹ (8%), queso fundido (4%), nata (2%), leche mazada, leche desnatada, sal, aceite de girasol, almidón modificado de maíz, azúcar, aceite de oliva virgen extra (0,2%), especias, extracto de pimienta. Puede contener gluten, huevo, apio y mostaza. ¹Cultivadas de forma sostenible."],"conservation":" Una vez abierto, conservar en el frigorífico un máximo de dos días.","ean":"8714100848005"},{"full_name":"KNORR Micrema de tomate con picatostes y pasta envase 54 g","name":"Micrema de tomate con picatostes y pasta envase 54 g","brand":"KNORR ","img":"https://sgfm.elcorteingles.es/SGFM/dctm/MEDIA03/201610/25/00118035500455____1__600x600.jpg","price":"1,15 €","price_unit":"(21,30 € / Kilo)","categories":["Supermercado","Alimentación General","Caldos, sopas, purés y gazpachos","Cremas y purés de verdura","KNORR Micrema de tomate con picatostes y pasta envase 54 g"],"general_information":["Denominación del alimento: Crema de tomate deshidratada con picatostes y pasta alimenticia","Nombre del operador: Unilever España S.A.","Dirección del operador: C/Tecnología 19, 08840 Viladecans (Barcelona)","Cantidad Neta: 54 g"],"ingredients":[" Tomate¹ (38%), almidón de patata, azúcar, picatostes (11%) (pan blanco (harina de trigo, sal, levadura, aceite de nabina), grasa de palma, antioxidante (extracto de romero)), pasta alimenticia (8%) (sémola de trigo duro, sal), sal, extracto de levadura, grasa de palma, cebolla¹, perejil¹, especias, zumo concentrado de hortalizas (raíz de apio, zanahoria¹, puerro, cebolla). Puede contener leche, huevo y mostaza ¹Cultivados de forma sostenible"],"conservation":" Conservar en un lugar fresco y seco.","ean":"8714100383711"},{"full_name":"FERRER crema de verduras con aceite de oliva botella 720 ml","name":"crema de verduras con aceite de oliva botella 720 ml","brand":"FERRER ","img":"https://sgfm.elcorteingles.es/SGFM/dctm/MEDIA02/CONTENIDOS/201601/08/00118020900736____2__600x600.jpg","price":"3,10 €","price_unit":"(4,31 € / Litro)","categories":["Supermercado","Alimentación General","Caldos, sopas, purés y gazpachos","Cremas y purés de verdura","FERRER crema de verduras con aceite de oliva botella 720 ml"],"general_information":["Denominación del alimento: Crema de verduras con mozzarella","Nombre del operador: Ferrer tradicional, S.L.","Dirección del operador: Pol.  Ind.  Sta. Anna, Crta. Santpedor a Navarcles, Km4  -08251 Santpedor (Barcelona)","Cantidad Neta: 720,0 Mililitros"],"ingredients":[" Agua, verduras (32%) (cebolla, zanahoria, calabacín, patata y puerro), queso mozzarella (1.1%), aceite de oliva (1%), mantequilla, leche en polvo, fondo de verduras, extracto de apio, sal, almidón modificado de maíz y estabilizante: goma xantana."],"conservation":" Agitar bien antes de servir. Una vez abierto, mantener refrigerado y consumir antes de una semana.","ean":"8411026040505"},{"full_name":"SOLFRIO crema de verduras tarrina 500 ml","name":"crema de verduras tarrina 500 ml","brand":"SOLFRIO ","img":"https://sgfm.elcorteingles.es/SGFM/dctm/MEDIA03/201709/08/00118160101533____2__600x600.jpg","price":"2,45 €","price_unit":"(4,90 € / Litro)","categories":["Supermercado","Alimentación General","Caldos, sopas, purés y gazpachos","Cremas y purés de verdura","SOLFRIO crema de verduras tarrina 500 ml"],"general_information":[],"ingredients":[],"ean":"8437002736798"},{"full_name":"FERRER crema de calabacín con aceite de oliva botella 720 ml","name":"crema de calabacín con aceite de oliva botella 720 ml","brand":"FERRER ","img":"https://sgfm.elcorteingles.es/SGFM/dctm/MEDIA02/CONTENIDOS/201409/03/00118020900744____1__600x600.jpg","price":"3,10 €","price_unit":"(4,31 € / Litro)","categories":["Supermercado","Alimentación General","Caldos, sopas, purés y gazpachos","Cremas y purés de verdura","FERRER crema de calabacín con aceite de oliva botella 720 ml"],"general_information":["Denominación del alimento: Crema de calabacín con mascarpone","Nombre del operador: Ferrer tradicional, S.L.","Dirección del operador: Pol.  Ind.  Sta. Anna, Crta. Santpedor a Navarcles, Km4  -08251 Santpedor (Barcelona)","Cantidad Neta: 720,0 Mililitros"],"ingredients":[" Agua, calabacín (22%), cebolla, patata, aceite de oliva (1%), queso mascarpone (1%), mantequilla, leche en polvo, sal, fondo de verduras, almidón modificado de maíz y estabilizante: goma xantana."],"conservation":" Agitar bien antes de servir. Una vez abierto, mantener refrigerado y consumir antes de una semana.","ean":"8411026040512"},{"full_name":"FERRER crema de boletus con aceite de oliva botella 720 ml","name":"crema de boletus con aceite de oliva botella 720 ml","brand":"FERRER ","img":"https://sgfm.elcorteingles.es/SGFM/dctm/MEDIA02/CONTENIDOS/201601/08/00118020900769____2__600x600.jpg","price":"3,15 €","price_unit":"(4,38 € / Litro)","categories":["Supermercado","Alimentación General","Caldos, sopas, purés y gazpachos","Cremas y purés de verdura","FERRER crema de boletus con aceite de oliva botella 720 ml"],"general_information":["Denominación del alimento: Crema de boletus","Nombre del operador: Ferrer tradicional, S.L.","Dirección del operador: Pol.  Ind.  Sta. Anna, Crta. Santpedor a Navarcles, Km4  -08251 Santpedor (Barcelona)","Cantidad Neta: 720,0 Mililitros"],"ingredients":[" Agua, cebolla, boletus (Boletus edulis) (12%), patata, leche en polvo, aceite de oliva (1.5%), queso mascarpone, aceite de girasol, sal, almidón modificado de maíz y estabilizante: goma xantana."],"conservation":" Agitar bien antes de servir. Una vez abierto, mantener refrigerado y consumir antes de una semana.","ean":"8411026040666"},{"full_name":"FERRER crema de alcachofas con jamón y aceite de oliva botella 720 ml","name":"crema de alcachofas con jamón y aceite de oliva botella 720 ml","brand":"FERRER ","img":"https://sgfm.elcorteingles.es/SGFM/dctm/MEDIA02/CONTENIDOS/201601/08/00118020900785____2__600x600.jpg","price":"3,15 €","price_unit":"(4,38 € / Litro)","categories":["Supermercado","Alimentación General","Caldos, sopas, purés y gazpachos","Cremas y purés de verdura","FERRER crema de alcachofas con jamón y aceite de oliva botella 720 ml"],"general_information":["Denominación del alimento: Crema de alcachofas con jamón","Nombre del operador: Ferrer tradicional, S.L.","Dirección del operador: Pol.  Ind.  Sta. Anna, Crta. Santpedor a Navarcles, Km4  -08251 Santpedor (Barcelona)","Cantidad Neta: 720 Mililitros"],"ingredients":[" Agua, alcachofas (14%), patata, aceite de oliva, jamón (1.5%), cebolla, ajo, sal, estabilizante: goma xantana y espesante: almidón modificado de maíz."],"conservation":" Agitar bien antes de servir. Una vez abierto, mantener refrigerado y consumir antes de una semana.","ean":"8411026011284"},{"full_name":"FERRER crema de verduras con aceite de oliva botella 485 ml","name":"crema de verduras con aceite de oliva botella 485 ml","brand":"FERRER ","img":"https://sgfm.elcorteingles.es/SGFM/dctm/MEDIA02/CONTENIDOS/201510/29/00118020900959____1__600x600.jpg","price":"1,95 €","price_unit":"(4,02 € / Litro)","categories":["Supermercado","Alimentación General","Caldos, sopas, purés y gazpachos","Cremas y purés de verdura","FERRER crema de verduras con aceite de oliva botella 485 ml"],"general_information":["Denominación del alimento: Crema de verduras","Nombre del operador: Ferrer tradicional S.A.","Dirección del operador: Pol. Ind. Sta. Anna, Crta. Santpedor a Navarcles, Km4 -08251 Santpedor (Barcelona)","Cantidad Neta: 485 Mililitros"],"ingredients":[" Agua, verduras (43%) (cebolla, calabacín, zanahoria, patata, puerro, col, espinacas, apio, brócoli, tomate, calabaza), aceite de oliva (3,4%), sal y estabilizador: goma xantana. Contiene: Apio."],"conservation":" Agitar bien antes de servir. Una vez abierto, mantener refrigerado y consumir antes de una semana.","ean":"8411026015411"},{"full_name":"FERRER crema de calabacín con aceite de oliva botella 485 ml","name":"crema de calabacín con aceite de oliva botella 485 ml","brand":"FERRER ","img":"https://sgfm.elcorteingles.es/SGFM/dctm/MEDIA02/CONTENIDOS/201510/29/00118020900967____1__600x600.jpg","price":"1,95 €","price_unit":"(4,02 € / Litro)","categories":["Supermercado","Alimentación General","Caldos, sopas, purés y gazpachos","Cremas y purés de verdura","FERRER crema de calabacín con aceite de oliva botella 485 ml"],"general_information":["Denominación del alimento: Crema de calabacín","Nombre del operador: Ferrer tradicional S.A.","Dirección del operador: Pol. Ind. Sta. Anna, Crta. Santpedor a Navarcles, Km4 -08251 Santpedor (Barcelona)","Cantidad Neta: 485 Mililitros"],"ingredients":[" Agua, calabacín (25,5%), cebolla, patata, aceite de oliva (2,68%), zanahoria, puerro, calabaza, tomate, brócoli, sal, espesante: almidón modificado de maíz y estabilizante: goma xantana."],"conservation":" Agitar bien antes de servir. Una vez abierto, mantener refrigerado y consumir antes de una semana.","ean":"8411026015404"},{"full_name":"FERRER crema de calabaza y zanahoria con aceite de oliva botella 485 ml","name":"crema de calabaza y zanahoria con aceite de oliva botella 485 ml","brand":"FERRER ","img":"https://sgfm.elcorteingles.es/SGFM/dctm/MEDIA02/CONTENIDOS/201510/29/00118020900975____1__600x600.jpg","price":"1,95 €","price_unit":"(4,02 € / Litro)","categories":["Supermercado","Alimentación General","Caldos, sopas, purés y gazpachos","Cremas y purés de verdura","FERRER crema de calabaza y zanahoria con aceite de oliva botella 485 ml"],"general_information":["Denominación del alimento: Crema de calabaza y zanahoria","Nombre del operador: Ferrer tradicional S.A.","Dirección del operador: Pol. Ind. Sta. Anna, Crta. Santpedor a Navarcles, Km4 -08251 Santpedor (Barcelona)","Cantidad Neta: 485 Mililitros"],"ingredients":[" Agua, calabaza (23%), zanahoria (8%), aceite de oliva (3%), puerro, chalota, cebolla, apio, ajo, tomate, aceite de girasol, sal y especias. Contiene: Apio."],"conservation":" Agitar bien antes de servir. Una vez abierto, mantener refrigerado y consumir antes de una semana.","ean":"8411026015435"},{"full_name":"FERRER crema de espinacas con un toque de nuez moscada botella 485 ml","name":"crema de espinacas con un toque de nuez moscada botella 485 ml","brand":"FERRER ","img":"https://sgfm.elcorteingles.es/SGFM/dctm/MEDIA02/CONTENIDOS/201510/29/00118020900983____1__600x600.jpg","price":"1,95 €","price_unit":"(4,02 € / Litro)","categories":["Supermercado","Alimentación General","Caldos, sopas, purés y gazpachos","Cremas y purés de verdura","FERRER crema de espinacas con un toque de nuez moscada botella 485 ml"],"general_information":["Denominación del alimento: Crema de espinacas","Nombre del operador: Ferrer tradicional S.A.","Dirección del operador: Pol. Ind. Sta. Anna, Crta. Santpedor a Navarcles, Km4 -08251 Santpedor (Barcelona)","Cantidad Neta: 485 Mililitros"],"ingredients":[" Agua, espinacas (20,7%), puerro, patata, aceite de oliva (2,3%), leche en polvo, mantequilla, sal, especias, nuez moscada (0,002%) y estabilizante: goma xantana. Contiene: Leche y sus derivados."],"conservation":" Agitar bien antes de servir. Una vez abierto, mantener refrigerado y consumir antes de una semana.","ean":"8411026015428"},{"full_name":"PEDRO LUIS crema de calabaza ecológica botella 485 ml","name":"crema de calabaza ecológica botella 485 ml","brand":"PEDRO LUIS ","img":"https://sgfm.elcorteingles.es/SGFM/dctm/MEDIA02/CONTENIDOS/201503/27/00118002200055____1__600x600.jpg","price":"3,15 €","price_unit":"(6,49 € / Kilo)","categories":["Supermercado","Alimentación General","Caldos, sopas, purés y gazpachos","Cremas y purés de verdura","PEDRO LUIS crema de calabaza ecológica botella 485 ml"],"general_information":["Denominación del alimento: Crema de calabaza","Nombre del operador: Conservas Pedro Luís, S.L.","Dirección del operador: Pol.Industrial El Ramal, C/ Del Ramal 19 -31580- Lodosa (Navarra)","Cantidad Neta: 485,0 g","Otras menciones obligatorias en la etiqueta: Procedente de la agricultura ecológica. ES-ECO-025-NA. Agricultura de España."],"ingredients":[" Calabaza, patata pelada, agua de cocción, zanahoria, cebolla, aceite de oliva virgen extra, sal y ajo."],"conservation":"Modo de empleo: Agitar antes de abrir el envase. Se recomienda calentar antes de consumir.","ean":"8425205012757"},{"full_name":"PEDRO LUIS crema de verduras ecológicas botella 485 ml","name":"crema de verduras ecológicas botella 485 ml","brand":"PEDRO LUIS ","img":"https://sgfm.elcorteingles.es/SGFM/dctm/MEDIA02/CONTENIDOS/201503/27/00118002200063____1__600x600.jpg","price":"3,15 €","price_unit":"(6,49 € / Kilo)","categories":["Supermercado","Alimentación General","Caldos, sopas, purés y gazpachos","Cremas y purés de verdura","PEDRO LUIS crema de verduras ecológicas botella 485 ml"],"general_information":["Denominación del alimento: Crema de verduras","Nombre del operador: Conservas Pedro Luís, S.L.","Dirección del operador: Pol.Industrial El Ramal, C/ Del Ramal 19 -31580- Lodosa (Navarra)","Cantidad Neta: 485,0 g","Otras menciones obligatorias en la etiqueta: Procedente de la agricultura ecológica. Agricultura de España. ES-ECO-025-NA."],"ingredients":[" Patata pelada, acelga, zanahoria, judía verde, agua de cocción, cebolla, espinaca, aceite de oliva virgen extra, sal y ajo."],"conservation":"Modo de empleo: Agitar antes de abrir el envase. Se recomienda calentar antes de consumir.","ean":"8425205012740"},{"full_name":"PEDRO LUIS crema de calabacín ecológica botella 485 ml","name":"crema de calabacín ecológica botella 485 ml","brand":"PEDRO LUIS ","img":"https://sgfm.elcorteingles.es/SGFM/00/08/9/0118002200089/0118002200089000g01011.jpg","price":"3,15 €","price_unit":"(6,49 € / Kilo)","categories":["Supermercado","Alimentación General","Caldos, sopas, purés y gazpachos","Cremas y purés de verdura","PEDRO LUIS crema de calabacín ecológica botella 485 ml"],"general_information":["Denominación del alimento: Crema de calabacín de agricultura ecológica","País de origen: España","Nombre del operador: Conservas Pedro Luís, S.L.","Dirección del operador: Pol.Industrial El Ramal, C/Del Ramal 19 -31580- Lodosa (Navarra)","Cantidad Neta: 485 g","Otras menciones obligatorias en la etiqueta: Procedente de la agricultura ecológica. ES-ECO-025-NA. Agricultura de España"],"ingredients":[" Calabacín*, patata pelada*, agua de cocción, cebolla*, aceite de oliva virgen extra*, sal y ajo*.   *Procedente de agricultura ecológica"],"conservation":" Conservar en lugar fresco y seco, protegido de la luz. Una vez abierto, conservar en el frigorifico y consumir antes de 3 dias.","ean":"8425205012764"},{"full_name":"GALLINA BLANCA crema de calabaza casera envase 1 l","name":"crema de calabaza casera envase 1 l","brand":"GALLINA BLANCA ","img":"https://sgfm.elcorteingles.es/SGFM/dctm/MEDIA03/201710/31/00118020901189____1__600x600.jpg","price":"3,00 €","price_unit":"(3 € / Litro)","categories":["Supermercado","Alimentación General","Caldos, sopas, purés y gazpachos","Cremas y purés de verdura","GALLINA BLANCA crema de calabaza casera envase 1 l"],"general_information":["Denominación del alimento: Crema de calabaza con 2,5% de aceite de oliva virgen extra","Nombre del operador: Gallina Blanca, S.A.U.","Dirección del operador: Plaza Europa 42, 08902 - Hospitalet de Llobregat (Barcelona)","Cantidad Neta: 1 Litros"],"ingredients":[" Agua, calabaza 26%, zanahoria 14%, cebolla 10%, aceite de oliva virgen extra 2,5%, almidón de maíz y sal.Puede contener trazas de: leche y apio."],"conservation":" Conservar a temperatura ambiente, en un lugar fresco y seco. Una vez abierto, conservar en el frigorífico (4ºC) un máximo de 2 días.","ean":"8410300357568"},{"full_name":"GALLINA BLANCA crema de calabaza casera envase 500 ml","name":"crema de calabaza casera envase 500 ml","brand":"GALLINA BLANCA ","img":"https://sgfm.elcorteingles.es/SGFM/dctm/MEDIA03/201708/07/00118020901163____1__600x600.jpg","price":"1,79 €","price_unit":"(3,58 € / Litro)","categories":["Supermercado","Alimentación General","Caldos, sopas, purés y gazpachos","Cremas y purés de verdura","GALLINA BLANCA crema de calabaza casera envase 500 ml"],"general_information":[],"ingredients":[],"ean":"8410300357742"},{"full_name":"GALLINA BLANCA crema de verduras casera envase 1 l","name":"crema de verduras casera envase 1 l","brand":"GALLINA BLANCA ","img":"https://sgfm.elcorteingles.es/SGFM/dctm/MEDIA03/201710/31/00118020901171____1__600x600.jpg","price":"3,00 €","price_unit":"(3 € / Litro)","categories":["Supermercado","Alimentación General","Caldos, sopas, purés y gazpachos","Cremas y purés de verdura","GALLINA BLANCA crema de verduras casera envase 1 l"],"general_information":["Denominación del alimento: Crema de hortalizas con 1,5% de aceite de oliva virgen extra","Nombre del operador: Gallina Blanca, S.A.U.","Dirección del operador: Plaza Europa 42, 08902 - Hospitalet de Llobregat (Barcelona)","Cantidad Neta: 1 Litros"],"ingredients":[" Hortalizas 56% (puerro 34%, calabacín 21%, guisantes 18%, cebolla 14%, nabo, chirivía 4%, apio 4%), agua, almidón de maíz, patata 2%, queso y sal."],"conservation":" Conservar a temperatura ambiente, en un lugar fresco y seco. Una vez abierto, conservar en el frigorífico (4ºC) un máximo de 2 días.","ean":"8410300357780"},{"full_name":"GALLINA BLANCA crema de verduras casera envase 500 ml","name":"crema de verduras casera envase 500 ml","brand":"GALLINA BLANCA ","img":"https://sgfm.elcorteingles.es/SGFM/dctm/MEDIA03/201708/07/00118020901155____1__600x600.jpg","price":"1,79 €","price_unit":"(3,58 € / Litro)","categories":["Supermercado","Alimentación General","Caldos, sopas, purés y gazpachos","Cremas y purés de verdura","GALLINA BLANCA crema de verduras casera envase 500 ml"],"general_information":[],"ingredients":[],"ean":"8410300357759"},{"full_name":"GALLINA BLANCA crema de calabacín casera envase 500 ml","name":"crema de calabacín casera envase 500 ml","brand":"GALLINA BLANCA ","img":"https://sgfm.elcorteingles.es/SGFM/dctm/MEDIA03/201708/07/00118020901148____1__600x600.jpg","price":"1,92 €","price_unit":"(3,84 € / Litro)","categories":["Supermercado","Alimentación General","Caldos, sopas, purés y gazpachos","Cremas y purés de verdura","GALLINA BLANCA crema de calabacín casera envase 500 ml"],"general_information":["Denominación del alimento: Crema de calabacín con 1,5% de aceite de oliva virgen extra","Nombre del operador: Gallina Blanca, S.A.U.","Dirección del operador: Plaza Europa 42, 08902 - Hospitalet de Llobregat (Barcelona)","Cantidad Neta: 0.5 Litros"],"ingredients":[" Calabacín 47%, agua, cebolla 10%, patata 2%, almidón de maíz, nata, queso, aceite de oliva virgen extra 1,5% y sal. Puede contener trazas de: apio."],"conservation":" Conservar a temperatura ambiente, en un lugar fresco y seco. Una vez abierto, conservar en el frigorífico (4ºC) un máximo de 2 días.","ean":"8410300357544"},{"full_name":"GALLINA BLANCA Sopinstant crema de champiñones con picatostes pack 3 sobre 57 g","name":"Sopinstant crema de champiñones con picatostes pack 3 sobre 57 g","brand":"GALLINA BLANCA ","img":"https://sgfm.elcorteingles.es/SGFM/dctm/MEDIA03/201711/24/00118035500190____2__600x600.jpg","price":"1,08 €            ","price_unit":"(18,77 € / Kilo)","categories":["Supermercado","Alimentación General","Caldos, sopas, purés y gazpachos","Cremas y purés de verdura","GALLINA BLANCA Sopinstant crema de champiñones con picatostes pack 3 sobre 57 g"],"general_information":["Denominación del alimento: Crema de Champiñones con picatostes","Nombre del operador: Gallina Blanca, S.A.","Dirección del operador: Plaza Europa 42, 08902 - Hospitalet de Llobregat (Barcelona)","Cantidad Neta: 58.5 g","Número de raciones por envase: 3","Otras menciones obligatorias en la etiqueta: Sin colorantes"],"ingredients":[" Almidón de patata, picatostes 15% (harina de trigo, aceite vegetal de palma, harina de arroz, sal, levadura), maltodextrina, lactosa, champiñones 6,3 % (Agaricus bisporus), grasa vegetal de palma, leche desnatada, sal, aceite de oliva 2,5%, extracto de levadura, aromas, almidón de maíz, proteínas de la leche,  especias. Puede contener trazas de  apio, huevo, soja, pescado y crustáceos."],"conservation":" Conservar en lugar fresco y seco.","ean":"8410300100751"},{"full_name":"GALLINA BLANCA Sopinstant crema de espárragos con picatostes pack 3 sobre 57 g","name":"Sopinstant crema de espárragos con picatostes pack 3 sobre 57 g","brand":"GALLINA BLANCA ","img":"https://sgfm.elcorteingles.es/SGFM/dctm/MEDIA03/201711/24/00118035500208____2__600x600.jpg","price":"1,08 €            ","price_unit":"(18,77 € / Kilo)","categories":["Supermercado","Alimentación General","Caldos, sopas, purés y gazpachos","Cremas y purés de verdura","GALLINA BLANCA Sopinstant crema de espárragos con picatostes pack 3 sobre 57 g"],"general_information":["Denominación del alimento: Crema de espárragos con picatostes","Nombre del operador: Gallina Blanca, S.A.","Dirección del operador: Plaza Europa 42, 08902 - Hospitalet de Llobregat (Barcelona)","Cantidad Neta: 57 g","Número de raciones por envase: 3","Otras menciones obligatorias en la etiqueta: Sin colorantes"],"ingredients":[" Almidón de patata, Picatostes 16% (harina de trigo, aceite vegetal de palma, harina de arroz, sal, levadura),  maltodextrina, lactosa, leche desnatada, espárragos 6,1%,  sal, grasa vegetal de palma, aceite de oliva 2,3%,  extracto de levadura, aroma (contiene apio), proteína de la leche, especias.  Puede contener trazas de huevo, soja, pescado y crustáceos."],"conservation":" Conservar en lugar fresco y seco.","ean":"8410300100768"},{"full_name":"GALLINA BLANCA crema de champiñones sobre 62 g","name":"crema de champiñones sobre 62 g","brand":"GALLINA BLANCA ","img":"https://sgfm.elcorteingles.es/SGFM/01/17/9/0200101501179/0200101501179000g01011.jpg","price":"0,60 €","price_unit":"(9,68 € / Kilo)","categories":["Supermercado","Alimentación General","Caldos, sopas, purés y gazpachos","Cremas y purés de verdura","GALLINA BLANCA crema de champiñones sobre 62 g"],"general_information":["Denominación del alimento: Crema de champiñones","Nombre del operador: Gallina Blanca, S.A.","Dirección del operador: Plaza Europa 41, 08908 - Hospitalet de Llobregat (Barcelona)","Cantidad Neta: 62 g","Número de raciones por envase: 4","Otras menciones obligatorias en la etiqueta: Sin conservantes"],"ingredients":[" Harina de trigo, sal de cocina, almidón de trigo, fécula de patata, potenciador del sabor (glutamato monosódico), cebolla 4%, patata 3,9%, suero de leche, aceite de oliva 2,2%, aromas, champiñones 1,2% (Agaricus bisporus), extracto de levadura, almidón de maíz, grasa vegetal de palma, especias. Puede contener trazas de apio, huevo, soja, pescado y crustáceos."],"conservation":" Conservar en lugar fresco y seco.","ean":"8410300101048"},{"full_name":"DIMMIDISI LA SOPA FRESCA crema de alcachofa tarrina 400 g","name":"crema de alcachofa tarrina 400 g","brand":"DIMMIDISI LA SOPA FRESCA ","img":"https://sgfm.elcorteingles.es/SGFM/dctm/MEDIA03/201603/04/00118160101731____1__600x600.jpg","price":"3,30 €","price_unit":"(8,25 € / Kilo)","categories":["Supermercado","Alimentación General","Caldos, sopas, purés y gazpachos","Cremas y purés de verdura","DIMMIDISI LA SOPA FRESCA crema de alcachofa tarrina 400 g"],"general_information":[],"ingredients":[],"ean":"8437016312520"},{"full_name":"DIMMIDISI LA SOPA FRESCA crema de garbanzos tarrina 400 g","name":"crema de garbanzos tarrina 400 g","brand":"DIMMIDISI LA SOPA FRESCA ","img":"https://sgfm.elcorteingles.es/SGFM/dctm/MEDIA03/201702/16/00118160101749____2__600x600.jpg","price":"3,30 €","price_unit":"(8,25 € / Kilo)","categories":["Supermercado","Alimentación General","Caldos, sopas, purés y gazpachos","Cremas y purés de verdura","DIMMIDISI LA SOPA FRESCA crema de garbanzos tarrina 400 g"],"general_information":[],"ingredients":[],"ean":"8437016312537"},{"full_name":"DIQUESI crema de espárragos tarrina 400 g","name":"crema de espárragos tarrina 400 g","brand":"DIQUESI ","img":"https://sgfm.elcorteingles.es/SGFM/dctm/MEDIA03/201702/16/00202060100845____3__600x600.jpg","price":"3,30 €","price_unit":"(8,25 € / Kilo)","categories":["Supermercado","Alimentación General","Caldos, sopas, purés y gazpachos","Cremas y purés de verdura","DIQUESI crema de espárragos tarrina 400 g"],"general_information":[],"ingredients":[],"ean":"8437016312582"},{"full_name":"DIQUESI crema de verduras tarrina 400 g","name":"crema de verduras tarrina 400 g","brand":"DIQUESI ","img":"https://sgfm.elcorteingles.es/SGFM/dctm/MEDIA03/201702/16/00118160100931____3__600x600.jpg","price":"3,30 €","price_unit":"(8,25 € / Kilo)","categories":["Supermercado","Alimentación General","Caldos, sopas, purés y gazpachos","Cremas y purés de verdura","DIQUESI crema de verduras tarrina 400 g"],"general_information":[],"ingredients":[],"ean":"8437016312551"},{"full_name":"DIQUESI vichyssoise de patata y puerro tarrina 400 g","name":"vichyssoise de patata y puerro tarrina 400 g","brand":"DIQUESI ","img":"https://sgfm.elcorteingles.es/SGFM/dctm/MEDIA03/201702/27/00118160101400____2__600x600.jpg","price":"3,30 €","price_unit":"(8,25 € / Kilo)","categories":["Supermercado","Alimentación General","Caldos, sopas, purés y gazpachos","Cremas y purés de verdura","DIQUESI vichyssoise de patata y puerro tarrina 400 g"],"general_information":[],"ingredients":[],"ean":"8437016312575"},{"full_name":"SANTA TERESA crema de calabaza con puerro y un toque de cilantro envase 280 g","name":"crema de calabaza con puerro y un toque de cilantro envase 280 g","brand":"SANTA TERESA ","img":"https://sgfm.elcorteingles.es/SGFM/dctm/MEDIA03/201707/07/00118851201790____1__600x600.jpg","price":"1,99 €","price_unit":"(7,11 € / Kilo)","categories":["Supermercado","Alimentación General","Caldos, sopas, purés y gazpachos","Cremas y purés de verdura","SANTA TERESA crema de calabaza con puerro y un toque de cilantro envase 280 g"],"general_information":[],"ingredients":[],"ean":"8422237254407"},{"full_name":"SANTA TERESA crema de calabacín envase 280 g","name":"crema de calabacín envase 280 g","brand":"SANTA TERESA ","img":"https://sgfm.elcorteingles.es/SGFM/dctm/MEDIA03/201611/18/00118851201816____1__600x600.jpg","price":"1,99 €","price_unit":"(7,11 € / Kilo)","categories":["Supermercado","Alimentación General","Caldos, sopas, purés y gazpachos","Cremas y purés de verdura","SANTA TERESA crema de calabacín envase 280 g"],"general_information":[],"ingredients":[],"ean":"8422237254391"},{"full_name":"SANTA TERESA crema de la huerta con verduras mediterráneas envase 280 g","name":"crema de la huerta con verduras mediterráneas envase 280 g","brand":"SANTA TERESA ","img":"https://sgfm.elcorteingles.es/SGFM/dctm/MEDIA03/201612/12/00118851201808____1__600x600.jpg","price":"1,99 €","price_unit":"(7,11 € / Kilo)","categories":["Supermercado","Alimentación General","Caldos, sopas, purés y gazpachos","Cremas y purés de verdura","SANTA TERESA crema de la huerta con verduras mediterráneas envase 280 g"],"general_information":[],"ingredients":[],"ean":"8422237254414"},{"full_name":"SANTA TERESA vichyssoise envase 280 g","name":"vichyssoise envase 280 g","brand":"SANTA TERESA ","img":"https://sgfm.elcorteingles.es/SGFM/dctm/MEDIA03/201706/22/00118851201873____2__600x600.jpg","price":"2,19 €","price_unit":"(7,82 € / Kilo)","categories":["Supermercado","Alimentación General","Caldos, sopas, purés y gazpachos","Cremas y purés de verdura","SANTA TERESA vichyssoise envase 280 g"],"general_information":[],"ingredients":[],"ean":"8422237254452"},{"full_name":"KNORR Las Rústicas potaje de lentejas con verduras y lentejas envase 1 l","name":"Las Rústicas potaje de lentejas con verduras y lentejas envase 1 l","brand":"KNORR ","img":"https://sgfm.elcorteingles.es/SGFM/dctm/MEDIA03/201710/10/00200102003332____1__600x600.jpg","price":"3,25 €","price_unit":"(3,25 € / Litro)","categories":["Supermercado","Alimentación General","Caldos, sopas, purés y gazpachos","Cremas y purés de verdura","KNORR Las Rústicas potaje de lentejas con verduras y lentejas envase 1 l"],"general_information":["Denominación del alimento: Crema de verduras y hortalizas con lentejas","Nombre del operador: Unilever España S.A.","Dirección del operador: C/Tecnología 19, 08840 Viladecans (Barcelona)","Cantidad Neta: 1 Litros"],"ingredients":[" Agua, verduras y hortalizas¹ (18%) (zanahoria, cebolla, puerro, nabo, raíz de apio), patata¹ (7%), lentejas¹ (4%), panceta ahumada (3%) (panceta de cerdo, sal, pimienta, humo), sal, especias, hierbas aromáticas, zumos vegetales concentrados (apio, zanahoria¹, puerro, cebolla), almidón modificado de maíz, aroma. Puede contener huevo, gluten, mostaza y leche¹Cultivadas de forma sostenible."],"conservation":" Una vez abierto, conservar en el frigorífico un máximo de dos días.","ean":"8714100802007"},{"full_name":"SOLFRIO crema de calabaza tarrina 500 ml","name":"crema de calabaza tarrina 500 ml","brand":"SOLFRIO ","img":"https://sgfm.elcorteingles.es/SGFM/dctm/MEDIA03/201709/08/00118160101392____2__600x600.jpg","price":"2,45 €","price_unit":"(4,90 € / Litro)","categories":["Supermercado","Alimentación General","Caldos, sopas, purés y gazpachos","Cremas y purés de verdura","SOLFRIO crema de calabaza tarrina 500 ml"],"general_information":[],"ingredients":[],"ean":"8437002736736"},{"full_name":"PARAISIN crema de calabacín frasco 530 g neto escurrido","name":"crema de calabacín frasco 530 g neto escurrido","brand":"PARAISIN ","img":"https://sgfm.elcorteingles.es/SGFM/dctm/MEDIA03/201707/17/00200120901053____1__600x600.jpg","price":"1,02 €","categories":["Supermercado","Alimentación General","Caldos, sopas, purés y gazpachos","Cremas y purés de verdura","PARAISIN crema de calabacín frasco 530 g neto escurrido"],"general_information":["Denominación del alimento: CREMA DE CALABACIN ?PARAISÍN? 530g","Nombre del operador: INDUSTRIAS DEL BIERZO S.A.","Dirección del operador: C/ San Roque s/n Carracedelo, 24549","Cantidad Neta: 530 g"],"ingredients":[" Calabacín (52%), agua, cebolla (6%), puerro (6%), aceite de oliva, sal y caldo de verduras"],"ean":"8412464183205"},{"full_name":"PARAISIN crema de verduras frasco 530 g neto escurrido","name":"crema de verduras frasco 530 g neto escurrido","brand":"PARAISIN ","img":"https://sgfm.elcorteingles.es/SGFM/dctm/MEDIA03/201707/17/00200120901061____1__600x600.jpg","price":"1,02 €","categories":["Supermercado","Alimentación General","Caldos, sopas, purés y gazpachos","Cremas y purés de verdura","PARAISIN crema de verduras frasco 530 g neto escurrido"],"general_information":["Denominación del alimento: CREMA DE VERDURAS ?PARAISÍN? 530g","Nombre del operador: INDUSTRIAS DEL BIERZO S.A.","Dirección del operador: C/ San Roque s/n Carracedelo, 24549","Cantidad Neta: 530 g"],"ingredients":[" Agua, zanahoria (15%), calabacín (15%), cebolla (6%), brócoli, espinacas, judía verde (4%), aceite de oliva, sal, almidón modificado de\nmaíz, patata."],"ean":"8412464184202"},{"full_name":"PARAISIN crema de calabaza frasco 530 g neto escurrido","name":"crema de calabaza frasco 530 g neto escurrido","brand":"PARAISIN ","img":"https://sgfm.elcorteingles.es/SGFM/dctm/MEDIA03/201707/17/00200120901079____1__600x600.jpg","price":"1,02 €","categories":["Supermercado","Alimentación General","Caldos, sopas, purés y gazpachos","Cremas y purés de verdura","PARAISIN crema de calabaza frasco 530 g neto escurrido"],"general_information":["Denominación del alimento: CREMA DE CALABAZA ?PARAISÍN? 530g","Nombre del operador: INDUSTRIAS DEL BIERZO S.A.","Dirección del operador: C/ San Roque s/n Carracedelo, 24549","Cantidad Neta: 530 g"],"ingredients":[" Calabaza, agua, cebolla, puerro, aceite de oliva, almidón modificado de maíz, sal, azúcar, corrector de acidez: bicarbonato sód"],"ean":"8412464185209"},{"full_name":"KNORR Los Momentos Gourmet crema de bogavante sobre 61 g","name":"Los Momentos Gourmet crema de bogavante sobre 61 g","brand":"KNORR ","img":"https://sgfm.elcorteingles.es/SGFM/01/23/0/0118001501230/0118001501230000g01011.jpg","price":"1,40 €","price_unit":"(22,95 € / Kilo)","categories":["Supermercado","Alimentación General","Caldos, sopas, purés y gazpachos","Crema de marisco","KNORR Los Momentos Gourmet crema de bogavante sobre 61 g"],"general_information":["Denominación del alimento: Preparado alimenticio para preparar Crema de Bogavante","Nombre del operador: Unilever España S.A.","Dirección del operador: C/Tecnología 19, 08840 Viladecans (Barcelona)","Cantidad Neta: 61 g"],"ingredients":[" Almidón (patata, tapioca), harina de trigo, sal, grasa de palma, hortalizas (5,5%) (tomate2, cebolla), camarón (5%), pescado (5%), cloruro potásico, proteína vegetal hidrolizada, aromas, especias, extracto de levadura, concentrado de bogavante (0,5%). Puede contener moluscos, huevo, leche, apio, mostaza. 2Tomates cultivados de forma sostenible."],"conservation":" Conservar en un lugar fresco y seco.","ean":"8712566127320"},{"full_name":"KNORR Los Momentos Gourmet crema de marisco con un toque de eneldo sobre 63 g","name":"Los Momentos Gourmet crema de marisco con un toque de eneldo sobre 63 g","brand":"KNORR ","img":"https://sgfm.elcorteingles.es/SGFM/01/27/1/0118001501271/0118001501271000g01011.jpg","price":"1,40 €","price_unit":"(22,22 € / Kilo)","categories":["Supermercado","Alimentación General","Caldos, sopas, purés y gazpachos","Crema de marisco","KNORR Los Momentos Gourmet crema de marisco con un toque de eneldo sobre 63 g"],"general_information":["Denominación del alimento: Preparado alimenticio para preparar Crema de Marisco con Eneldo","Nombre del operador: Unilever España S.A.","Dirección del operador: C/Tecnología 19, 08840 Viladecans (Barcelona)","Cantidad Neta: 63 g"],"ingredients":[" Almidón de patata, harina de trigo, sal, grasa de palma, camarón (6%), pescado (5,7%), hortalizas (5,6%) (tomate2, cebolla), azúcar, cloruro potásico, aromas, proteína vegetal hidrolizada, especias (eneldo (19%)). Puede contener moluscos, huevo, leche, apio, mostaza. 2Tomates cultivados de forma sostenible."],"conservation":" Conservar en un lugar fresco y seco.","ean":"8410127123056"},{"full_name":"ANETO crema de marisco envase 1 l","name":"crema de marisco envase 1 l","brand":"ANETO ","img":"https://sgfm.elcorteingles.es/SGFM/00/58/7/0118020900587/0118020900587000g01011.jpg","price":"12,49 €","price_unit":"(12,49 € / Litro)","categories":["Supermercado","Alimentación General","Caldos, sopas, purés y gazpachos","Crema de marisco","ANETO crema de marisco envase 1 l"],"general_information":["Denominación del alimento: Caldo Natural","Nombre del operador: ANETO NATURAL, S.L.","Dirección del operador: Calle Sant Jordi, s/n - 08271 Artés","Cantidad Neta: 1 Litros"],"ingredients":[" Agua, marisco (15%): (galeras, gambas, mejillones, buey de mar) , cebolla, rape, tomate, zanahoria, bacalao, ajo, sal marina, aceite de oliva virgen, hinojo, harina de maiz, puerro, apio, pimienta blanca y laurel"],"conservation":" Conservar a temperatura ambiente en lugar fresco y seco. Una vez abierto, puede conservarse hasta 4 días en el frigorífico (+4°C), y hasta 1 mes en el congelador*** (-18°C)","ean":"8410748105516"},{"full_name":"SANTA TERESA crema de marisco con un toque de brandy envase 280 g","name":"crema de marisco con un toque de brandy envase 280 g","brand":"SANTA TERESA ","img":"https://sgfm.elcorteingles.es/SGFM/dctm/MEDIA03/201707/07/00118851201824____1__600x600.jpg","price":"3,59 €","price_unit":"(12,82 € / Kilo)","categories":["Supermercado","Alimentación General","Caldos, sopas, purés y gazpachos","Crema de marisco","SANTA TERESA crema de marisco con un toque de brandy envase 280 g"],"general_information":[],"ingredients":[],"ean":"8422237254421"},{"full_name":"EL CORTE INGLES puré de patata estuche 500 g","name":"puré de patata estuche 500 g","brand":"EL CORTE INGLES ","img":"https://sgfm.elcorteingles.es/SGFM/dctm/MEDIA03/201702/02/00118012400497____1__600x600.jpg","price":"1,12 €","price_unit":"(2,24 € / Kilo)","categories":["Supermercado","Alimentación General","Caldos, sopas, purés y gazpachos","Purés de patata","EL CORTE INGLES puré de patata estuche 500 g"],"general_information":["Denominación del alimento: Puré de patatas deshidratado","Cantidad Neta: 500 g","Número de raciones por envase: 16"],"ingredients":[" Ingredientes: Patatas deshidratadas (99%), emulgente: monoglicéridos y diglicéridos de ácidos grasos, estabilizante: difosfato disódico, extracto de especias, antioxidantes: ácido ascórbico, extracto de romero, acidulante: ácido cítrico. Puede contener trazas de sulfitos y leche"],"conservation":" Conservar en lugar fresco y seco","ean":"8433329076319"},{"full_name":"MAGGI puré de patata en 5 minutos envase 50 g","name":"puré de patata en 5 minutos envase 50 g","brand":"MAGGI ","img":"https://sgfm.elcorteingles.es/SGFM/00/45/5/0118012400455/0118012400455000g01011.jpg","price":"0,94 €","price_unit":"(18,80 € / Kilo)","categories":["Supermercado","Alimentación General","Caldos, sopas, purés y gazpachos","Purés de patata","MAGGI puré de patata en 5 minutos envase 50 g"],"general_information":["Denominación del alimento: Puré de patatas con leche. Comida preparada deshidratada.","Nombre del operador: Nestlé España, S.A.","Dirección del operador: Nestlé España, S.A. Edificio Nestlé ? 08950 Esplugues de Llobregat (Barcelona)","Cantidad Neta: 50 g"],"ingredients":[" Patatas (61%) (contiene sulfitos), leche parcialmente desnatada en polvo (20%), maltodextrina, suero de leche en polvo, aromas (contiene leche), aceite de girasol, sal yodada, especias, acidulante ácido cítrico. Puede contener huevo, soja, trigo, apio y mostaza."],"conservation":" Conservar en lugar fresco y seco.","ean":"7613033788796"},{"full_name":"MAGGI puré de patata 4 bolsas estuche 460 g","name":"puré de patata 4 bolsas estuche 460 g","brand":"MAGGI ","img":"https://sgfm.elcorteingles.es/SGFM/dctm/MEDIA02/CONTENIDOS/201408/20/00118012400174____1__600x600.jpg","price":"2,56 €","price_unit":"(5,57 € / Kilo)","categories":["Supermercado","Alimentación General","Caldos, sopas, purés y gazpachos","Purés de patata","MAGGI puré de patata 4 bolsas estuche 460 g"],"general_information":[],"ingredients":[],"ean":"7613036229104"},{"full_name":"MAGGI puré de patata 2 bolsas estuche 230 g","name":"puré de patata 2 bolsas estuche 230 g","brand":"MAGGI ","img":"https://sgfm.elcorteingles.es/SGFM/dctm/MEDIA02/CONTENIDOS/201408/20/00118012400083____1__600x600.jpg","price":"1,58 €","price_unit":"(6,87 € / Kilo)","categories":["Supermercado","Alimentación General","Caldos, sopas, purés y gazpachos","Purés de patata","MAGGI puré de patata 2 bolsas estuche 230 g"],"general_information":["Denominación del alimento: Puré de patatas. Comida preparada deshidratada.","Nombre del operador: Nestlé España, S.A.","Dirección del operador: Edificio Nestlé 08950 Esplugues de Llobregat (Barcelona)","Cantidad Neta: 230 g","Otras menciones obligatorias en la etiqueta: Envasado en atmósfera protectora"],"ingredients":[" Ingredientes: Patata deshidratada (99%), emulgente (mono y diglicéridos de ácidos grasos), estabilizante (difosfatos), aromas, cúrcuma, antioxidante (extractos de romero). Puede contener leche."],"conservation":" Conservar en lugar fresco y seco","ean":"8410100065113"},{"full_name":"MAGGI puré de patata con leche estuche 230 g","name":"puré de patata con leche estuche 230 g","brand":"MAGGI ","img":"https://sgfm.elcorteingles.es/SGFM/dctm/MEDIA03/201702/03/00118012400125____1__600x600.jpg","price":"1,75 €","price_unit":"(7,61 € / Kilo)","categories":["Supermercado","Alimentación General","Caldos, sopas, purés y gazpachos","Purés de patata","MAGGI puré de patata con leche estuche 230 g"],"general_information":["Denominación del alimento: Puré de patatas con leche. Comida preparada deshidratada","Nombre del operador: Nestlé España, S.A.","Dirección del operador: Av. Països Catalans 25-51, 08950 Esplugues de Llobregat (Barcelona)","Cantidad Neta: 230 g","Número de raciones por envase: 2","Otras menciones obligatorias en la etiqueta: Envasado en atmósfera protectora."],"ingredients":[" Patatas deshidratadas (86%), leche en polvo (12.5%), grasa láctea, emulgentes (mono y diglicéridos de los ácidos grasos, lecitina de soja), estabilizador (difosfatos), cúrcuma, aromas, antioxidante (extractos de romero)."],"conservation":" Conservar en lugar fresco y seco.","ean":"8410100065052"},{"full_name":"KNORR Puré Pot puré de patata con cebolla y bacon vaso 59 g","name":"Puré Pot puré de patata con cebolla y bacon vaso 59 g","brand":"KNORR ","img":"https://sgfm.elcorteingles.es/SGFM/dctm/MEDIA03/201709/14/00118036001297____2__600x600.jpg","price":"1,65 €","price_unit":"(27,97 € / Kilo)","categories":["Supermercado","Alimentación General","Caldos, sopas, purés y gazpachos","Purés de patata","KNORR Puré Pot puré de patata con cebolla y bacon vaso 59 g"],"general_information":["Denominación del alimento: Puré de patata con cebolla y bacon deshidratados","Nombre del operador: Unilever España S.A.","Dirección del operador: C/Tecnología 19, 08840 Viladecans (Barcelona)","Cantidad Neta: 59 g"],"ingredients":[" Patata¹ (56%), aceite y grasa vegetales (palma, girasol), bacon (6%) (panceta de cerdo, sal), cebolla¹ (4,6%), jarabe de glucosa, sal, proteínas de la leche, potenciador del sabor (glutamato monosódico), cloruro de potasio, especias, emulgente (mono- y diglicéridos de ácidos grasos), aromas, aroma de humo. Puede contener gluten, huevo y apio. ¹Cultivadas de forma sostenible."],"conservation":" Conservar en lugar fresco y seco.","ean":"8712100825606"},{"full_name":"EL CORTE INGLES gazpacho tradicional sin gluten envase 1 l","name":"gazpacho tradicional sin gluten envase 1 l","brand":"EL CORTE INGLES ","img":"https://sgfm.elcorteingles.es/SGFM/dctm/MEDIA03/201712/04/00118851201154____3__600x600.jpg","price":"2,59 €","price_unit":"(2,59 € / Litro)","categories":["Supermercado","Alimentación General","Caldos, sopas, purés y gazpachos","Gazpacho y salmorejo","EL CORTE INGLES gazpacho tradicional sin gluten envase 1 l"],"general_information":["Denominación del alimento: GAZPACHO","Nombre del operador: Elaborado para El Corte Inglés por\nAMC JUICES, S.L., \nCtra.Madrid-Cartagena Km 383\n30100 Espinardo (Murcia) - España","Número de raciones por envase: 4"],"ingredients":[" INGREDIENTES:\n\nHortalizas (95%) (60% tomate, 15% pimiento, 15% pepino,  cebolla y ajo), aceite de oliva virgen extra (3%), vinagre de vino de Jerez, sal, zumo de limón."],"conservation":" Conservar refrigerado. \nUna vez abierto, consumir en un plazo de 4 días.","ean":"8433329052573"},{"full_name":"EL CORTE INGLES salmorejo receta tradicional envase 1 l","name":"salmorejo receta tradicional envase 1 l","brand":"EL CORTE INGLES ","img":"https://sgfm.elcorteingles.es/SGFM/dctm/MEDIA02/CONTENIDOS/201506/30/00118851201170____1__600x600.jpg","price":"2,59 €","price_unit":"(2,59 € / Litro)","categories":["Supermercado","Alimentación General","Caldos, sopas, purés y gazpachos","Gazpacho y salmorejo","EL CORTE INGLES salmorejo receta tradicional envase 1 l"],"general_information":["Denominación del alimento: SALMOREJO. PLATO PREPARADO REFRIGERADO.","Nombre del operador: Elaborado para El Corte Inglés por\nAMC JUICES, S.L., \nCtra.Madrid-Cartagena Km 383\n30100 Espinardo (Murcia) - España","Número de raciones por envase: 4.0"],"ingredients":[" INGREDIENTES:\n\nHortalizas (56%) (tomate, pimiento, ajo), agua, pan (5%) (harina de trigo ,agua, sal y levadura), aceite de oliva virgen extra (4,5%), sal, vinagre de vino."],"conservation":" Conservar refrigerado. \nUna vez abierto, consumir en un plazo de 4 días.","ean":"8433329052610"},{"full_name":"EL CORTE INGLES gazpacho tradicional pack 3 envase 330 ml","name":"gazpacho tradicional pack 3 envase 330 ml","brand":"EL CORTE INGLES ","img":"https://sgfm.elcorteingles.es/SGFM/dctm/MEDIA03/201707/07/00118851201386____2__600x600.jpg","price":"2,50 €","price_unit":"(2,53 € / Litro)","categories":["Supermercado","Alimentación General","Caldos, sopas, purés y gazpachos","Gazpacho y salmorejo","EL CORTE INGLES gazpacho tradicional pack 3 envase 330 ml"],"general_information":["Denominación del alimento: GAZPACHO","Nombre del operador: Elaborado para El Corte Inglés por\nAMC JUICES, S.L., \nCtra.Madrid-Cartagena Km 383\n30100 Espinardo (Murcia) - España","Número de raciones por envase: 1.0"],"ingredients":[" INGREDIENTES:\n\nHortalizas (95%) (60% tomate, 15% pimiento, 15% pepino,  cebolla y ajo), aceite de oliva virgen extra (3%), vinagre de vino de Jerez, sal, zumo de limón."],"conservation":" Conservar refrigerado. \nUna vez abierto, consumir en un plazo de 4 días.","ean":"8433329052580"},{"full_name":"ALIADA gazpacho tradicional envase 1 l","name":"gazpacho tradicional envase 1 l","brand":"ALIADA ","img":"https://sgfm.elcorteingles.es/SGFM/dctm/MEDIA02/CONTENIDOS/201407/23/00201051201323____1__600x600.jpg","price":"1,45 €","price_unit":"(1,45 € / Litro)","categories":["Supermercado","Alimentación General","Caldos, sopas, purés y gazpachos","Gazpacho y salmorejo","ALIADA gazpacho tradicional envase 1 l"],"general_information":["Denominación del alimento: GAZPACHO","Nombre del operador: Envasado para \nEl Grupo El Corte Inglés \nHermosilla, 112 ? 28009 Madrid ? España \npor CIF: B73804098","Número de raciones por envase: 4.0"],"ingredients":[" INGREDIENTES:\n\nHortalizas (95%) (tomate, pepino, pimiento, cebolla y ajo), aceite de oliva virgen extra (2,8%), vinagre de vino de Jerez, sal."],"conservation":" Conservar refrigerado. \nUna vez abierto, consumir en un plazo de 4 días.","ean":"8433329052634"},{"full_name":"ALIADA gazpacho suave envase 1 l","name":"gazpacho suave envase 1 l","brand":"ALIADA ","img":"https://sgfm.elcorteingles.es/SGFM/dctm/MEDIA03/201706/22/00118851201402____3__600x600.jpg","price":"1,45 €","price_unit":"(1,45 € / Litro)","categories":["Supermercado","Alimentación General","Caldos, sopas, purés y gazpachos","Gazpacho y salmorejo","ALIADA gazpacho suave envase 1 l"],"general_information":["Denominación del alimento: GAZPACHO","Nombre del operador: Elaborado para el Grupo El Corte Inglés \nHermosilla, 112\n28009 Madrid - España\npor B73804098","Cantidad Neta: 1 Litros","Número de raciones por envase: 4"],"ingredients":[" INGREDIENTES:\n\nHortalizas Frescas 75% (tomate 68%, cebolla 5%, pimiento 3% y ajo),agua, aceite de oliva virgen extra (.2%), sal, vinagre de vino."],"conservation":" Conservar refrigerado entre 0-6 ºC\nUna vez abierto, consumir en un plazo de 4 días.","ean":"8433329074209"},{"full_name":"PLANETA VERDE gazpacho andaluz receta tradicional 100% natural botella 1 l","name":"gazpacho andaluz receta tradicional 100% natural botella 1 l","brand":"PLANETA VERDE ","img":"https://sgfm.elcorteingles.es/SGFM/00/39/6/0118180300396/0118180300396000g01011.jpg","price":"3,49 €","price_unit":"(3,49 € / Litro)","categories":["Supermercado","Alimentación General","Caldos, sopas, purés y gazpachos","Gazpacho y salmorejo","PLANETA VERDE gazpacho andaluz receta tradicional 100% natural botella 1 l"],"general_information":["Denominación del alimento: Gazpacho andaluz receta tradicional natural","Nombre del operador: Arc Eurobanan, S.L.","Dirección del operador: Plataforma Baja Parcela B 3,3 Mercamadrid 28053 Madrid","Lugar de procedencia del alimento: España","Cantidad Neta: 1000 Mililitros","Otras menciones obligatorias en la etiqueta: Conservar de 1 a 4º C sin romper la cadena de frio"],"ingredients":[" Varias"],"conservation":" Conservese a temperatura de 1 a 4º C. Respete fecha de caducidad y si observa alguna anomalia en el envase no lo abra","ean":"8422837123776"},{"full_name":"PLANETA VERDE salmorejo cordobés receta tradicional 100% natural botella 1 l","name":"salmorejo cordobés receta tradicional 100% natural botella 1 l","brand":"PLANETA VERDE ","img":"https://sgfm.elcorteingles.es/SGFM/dctm/MEDIA03/201604/01/00118180300420____1__600x600.jpg","price":"3,49 €","price_unit":"(3,49 € / Litro)","categories":["Supermercado","Alimentación General","Caldos, sopas, purés y gazpachos","Gazpacho y salmorejo","PLANETA VERDE salmorejo cordobés receta tradicional 100% natural botella 1 l"],"general_information":["Denominación del alimento: Salmorejo Cordobes receta tradicional","Nombre del operador: Arc Eurobanan, S.L.","Dirección del operador: Plataforma Baja Parcela B 3,3 Mercamadrid 28053 Madrid","Lugar de procedencia del alimento: España","Cantidad Neta: 1000 Mililitros","Otras menciones obligatorias en la etiqueta: Conservar de 1 a 4º C sin romper la cadena de frio"],"ingredients":[" Tomate, aceite, vinagre, ajo, pan, gluten"],"conservation":" Conservese a temperatura de 1 a 4º C. Respete fecha de caducidad y si observa alguna anomalia en el envase no lo abra","ean":"8422837123820"},{"full_name":"ALVALLE gazpacho natural pack ahorro 2 envase 1 l","name":"gazpacho natural pack ahorro 2 envase 1 l","brand":"ALVALLE ","img":"https://sgfm.elcorteingles.es/SGFM/00/24/8/0118851200248/0118851200248000g01011.jpg","price":"5,99 €","price_unit":"(3 € / Litro)","categories":["Supermercado","Alimentación General","Caldos, sopas, purés y gazpachos","Gazpacho y salmorejo","ALVALLE gazpacho natural pack ahorro 2 envase 1 l"],"general_information":["Denominación del alimento: Gazpacho original","Nombre del operador: PepsiCo Foods. A.I.E.","Dirección del operador: C/Tarragona. 161. 6ª. 08014 - Barcelona","Cantidad Neta: 2 Litros"],"ingredients":[" Tomate. pimiento. pepino. cebolla. aceite de oliva virgen extra (2.6%). vinagre de vino. sal. ajo. zumo de limón. Contenido de hortalizas: 93%"],"conservation":" Conservar refrigerado 2-7°C. Consumir antes de 5 días después de abierto. Agitar antes de servir. Servir frío.","ean":"8422174720027"},{"full_name":"ALVALLE gazpacho suave pack ahorro 2 envases 1 l","name":"gazpacho suave pack ahorro 2 envases 1 l","brand":"ALVALLE ","img":"https://sgfm.elcorteingles.es/SGFM/00/72/7/0118851200727/0118851200727000g01011.jpg","price":"5,99 €","price_unit":"(3 € / Litro)","categories":["Supermercado","Alimentación General","Caldos, sopas, purés y gazpachos","Gazpacho y salmorejo","ALVALLE gazpacho suave pack ahorro 2 envases 1 l"],"general_information":["Denominación del alimento: Gazpacho suave. Sin pepino.","Nombre del operador: PepsiCo Foods. A.I.E.","Dirección del operador: C/Tarragona. 161. 6ª. 08014 - Barcelona","Cantidad Neta: 2 Litros"],"ingredients":[" Tomate. agua. cebolla. pimiento. aceite de oliva virgen extra (1.8%). sal. vinagre de vino y ajo. Contenido de hortalizas: 74%."],"conservation":" Conservar refrigerado 2-7°C. Consumir antes de 5 días después de abierto. Agitar antes de servir. Servir frío.","ean":"8422174200499"},{"full_name":"ALVALLE gazpacho original envase 1 l","name":"gazpacho original envase 1 l","brand":"ALVALLE ","img":"https://sgfm.elcorteingles.es/SGFM/dctm/MEDIA03/201709/20/00118851200198____6__600x600.jpg","price":"3,55 €","price_unit":"(3,55 € / Litro)","categories":["Supermercado","Alimentación General","Caldos, sopas, purés y gazpachos","Gazpacho y salmorejo","ALVALLE gazpacho original envase 1 l"],"general_information":["Denominación del alimento: Gazpacho original","Nombre del operador: PepsiCo Foods. A.I.E.","Dirección del operador: C/ Mayor, 57. Polígono Camposol 30006 Puente Tocinos (Murcia) España","Cantidad Neta: 1 Litros"],"ingredients":[" Hortalizas frescas (93%) (tomate, pimiento, pepino, cebolla), aceite de oliva virgen extra (2,6%), vinagre de vino, sal, ajo, zumo de limón."],"conservation":" Mantener refrigerado 2-7ºC. Consumir en un máximo de 5 días una vez abierto. Agitar antes de servir. Servir frío.","ean":"8422174010029"},{"full_name":"ALVALLE gazpacho natural envase 500 ml","name":"gazpacho natural envase 500 ml","brand":"ALVALLE ","img":"https://sgfm.elcorteingles.es/SGFM/dctm/MEDIA02/CONTENIDOS/201505/21/00118851201493____1__600x600.jpg","price":"1,86 €","price_unit":"(3,72 € / Litro)","categories":["Supermercado","Alimentación General","Caldos, sopas, purés y gazpachos","Gazpacho y salmorejo","ALVALLE gazpacho natural envase 500 ml"],"general_information":["Denominación del alimento: Gazpacho original","Nombre del operador: PepsiCo Foods. A.I.E.","Dirección del operador: C/Tarragona. 161. 6ª. 08014 - Barcelona","Cantidad Neta: 500 g","Otras menciones obligatorias en la etiqueta: Envasado en atmósfera protectora"],"ingredients":[" Tomate. pimiento. pepino. cebolla. aceite de oliva virgen extra (2.6%). vinagre de vino. sal. ajo. zumo de limón. Contenido de hortalizas: 93%"],"conservation":" Conservar refrigerado 2-7°C. Consumir antes de 5 días después de abierto. Agitar antes de servir. Servir frío.","ean":"8422174500025"},{"full_name":"ALVALLE gazpacho gourmet con almendras envase 1 l","name":"gazpacho gourmet con almendras envase 1 l","brand":"ALVALLE ","img":"https://sgfm.elcorteingles.es/SGFM/dctm/MEDIA03/201705/19/00118851201899____5__600x600.jpg","price":"4,12 €","price_unit":"(4,12 € / Litro)","categories":["Supermercado","Alimentación General","Caldos, sopas, purés y gazpachos","Gazpacho y salmorejo","ALVALLE gazpacho gourmet con almendras envase 1 l"],"general_information":["Denominación del alimento: Gazpacho gourmet con almendras.","Nombre del operador: PepsiCo Foods. A.I.E.","Dirección del operador: C/ Mayor, 57. Polígono Camposol 30006 Puente Tocinos (Murcia) España","Cantidad Neta: 1 Litros"],"ingredients":[" Hortalizas frescas (62%) (tomate, cebolla, pimiento), agua, almendras (6%), aceite de oliva virgen extra (3,4%), pan rallado (contiene trigo), vinagre de vino,sal, ajo, zumo de limón, pimienta cayena molida."],"conservation":" Mantener refrigerado 2-7ºC. Consumir en un máximo de 5 días una vez abierto. Agitar antes de servir. Servir frío.","ean":"8422174010395"},{"full_name":"ALVALLE gazpacho andaluz de hortalizas frescas envase 1 l","name":"gazpacho andaluz de hortalizas frescas envase 1 l","brand":"ALVALLE ","img":"https://sgfm.elcorteingles.es/SGFM/00/74/3/0118851200743/0118851200743000g01011.jpg","price":"3,06 €","price_unit":"(3,06 € / Litro)","categories":["Supermercado","Alimentación General","Caldos, sopas, purés y gazpachos","Gazpacho y salmorejo","ALVALLE gazpacho andaluz de hortalizas frescas envase 1 l"],"general_information":["Denominación del alimento: Gazpacho andaluz","Nombre del operador: PepsiCo Foods. A.I.E.","Dirección del operador: C/ Mayor, 57. Polígono Camposol 30006 Puente Tocinos (Murcia) España","Cantidad Neta: 1 Litros"],"ingredients":[" Hortalizas frescas (57%) (tomate, pimiento, cebolla), agua, aceite de oliva virgen extra (3,8%), pan rallado (contiene trigo), vinagre de vino, sal, ajo."],"conservation":" Mantener refrigerado 2-7°C. Consumir en un máximo de 5 días una vez abierto. Agitar antes de servir. Servir frío.","ean":"8422174010210"},{"full_name":"ALVALLE gazpacho suave envase 1 l","name":"gazpacho suave envase 1 l","brand":"ALVALLE ","img":"https://sgfm.elcorteingles.es/SGFM/00/42/0/0118851200420/0118851200420000g01011.jpg","price":"3,55 €","price_unit":"(3,55 € / Litro)","categories":["Supermercado","Alimentación General","Caldos, sopas, purés y gazpachos","Gazpacho y salmorejo","ALVALLE gazpacho suave envase 1 l"],"general_information":["Denominación del alimento: Gazpacho suave. Sin pepino.","Nombre del operador: PepsiCo Foods. A.I.E.","Dirección del operador: C/ Mayor, 57. Polígono Camposol 30006 Puente Tocinos (Murcia) España","Cantidad Neta: 1 Litros"],"ingredients":[" Hortalizas frescas (74%) (tomate, cebolla, pimiento), agua, aceite de oliva virgen extra (1,8%), sal, vinagre de vino, ajo."],"conservation":" Mantener refrigerado 2-7°C. Consumir en un máximo de 5 días una vez abierto. Agitar antes de servir. Servir frío.","ean":"8422174010203"},{"full_name":"ALVALLE gazpacho de almendras ajoblanco envase 1 l","name":"gazpacho de almendras ajoblanco envase 1 l","brand":"ALVALLE ","img":"https://sgfm.elcorteingles.es/SGFM/00/41/2/0118851200412/0118851200412000g01011.jpg","price":"3,55 €","price_unit":"(3,55 € / Litro)","categories":["Supermercado","Alimentación General","Caldos, sopas, purés y gazpachos","Gazpacho y salmorejo","ALVALLE gazpacho de almendras ajoblanco envase 1 l"],"general_information":["Denominación del alimento: Ajoblanco. Gazpacho de almendras","Nombre del operador: PepsiCo Foods. A.I.E.","Dirección del operador: C/ Mayor, 57. Polígono Camposol 30006 Puente Tocinos (Murcia) España","Cantidad Neta: 1 Litros"],"ingredients":[" Agua, almendras (7%), zumo de limón, aceite de oliva virgen extra (2,4%), pan rallado (contiene trigo), vinagre de vino, sal, ajo."],"conservation":" Mantener refrigerado 2-7°C. Consumir en un máximo de 5 días una vez abierto. Agitar antes de servir. Servir frío.","ean":"8422174010111"},{"full_name":"ALVALLE gazpacho de hortalizas frescas pack 2 unidades envase 250 ml","name":"gazpacho de hortalizas frescas pack 2 unidades envase 250 ml","brand":"ALVALLE ","img":"https://sgfm.elcorteingles.es/SGFM/00/64/4/0118851200644/0118851200644000g01011.jpg","price":"2,08 €","price_unit":"(4,16 € / Litro)","categories":["Supermercado","Alimentación General","Caldos, sopas, purés y gazpachos","Gazpacho y salmorejo","ALVALLE gazpacho de hortalizas frescas pack 2 unidades envase 250 ml"],"general_information":["Denominación del alimento: Gazpacho original","Nombre del operador: PepsiCo Foods. A.I.E.","Dirección del operador: C/Tarragona. 161. 6ª. 08014 - Barcelona","Cantidad Neta: 500 Mililitros"],"ingredients":[" Tomate. pimiento. pepino. cebolla. aceite de oliva virgen extra (2.6%). vinagre de vino. sal. ajo. zumo de limón. Contenido de hortalizas: 93%"],"conservation":" Conservar refrigerado 2-7°C. Consumir antes de 5 días después de abierto. Agitar antes de servir. Servir frío.","ean":"8422174850908"},{"full_name":"ALVALLE salmorejo envase 1 l","name":"salmorejo envase 1 l","brand":"ALVALLE ","img":"https://sgfm.elcorteingles.es/SGFM/dctm/MEDIA03/201605/11/00201051201646____1__600x600.jpg","price":"3,60 €","price_unit":"(3,60 € / Litro)","categories":["Supermercado","Alimentación General","Caldos, sopas, purés y gazpachos","Gazpacho y salmorejo","ALVALLE salmorejo envase 1 l"],"general_information":["Denominación del alimento: Salmorejo","Nombre del operador: Tropicana Alvalle, S.L.","Dirección del operador: C/ Mayor, 57. Polígono Camposol  30006 Puente Tocinos (Murcia) España","Lugar de procedencia del alimento: España","Cantidad Neta: 1 Litros"],"ingredients":[" Hortalizas frescas (75%) (tomate, cebolla, pimiento, pepino), agua, aceite de oliva virgen extra (5%), pan rallado (contiene trigo), vinagre de vino, sal, ajo.75%"],"conservation":" Mantener refrigerado 2-7°C. Consumir en un máximo de 5 días una vez abierto. Agitar antes de servir. Servir frío.","ean":"8422174010067"},{"full_name":"SALTERAS salmorejo fresco cordobés botella 1 l","name":"salmorejo fresco cordobés botella 1 l","brand":"SALTERAS ","img":"https://sgfm.elcorteingles.es/SGFM/dctm/MEDIA03/201704/27/00118180300685____2__600x600.jpg","price":"3,49 €","price_unit":"(3,49 € / Litro)","categories":["Supermercado","Alimentación General","Caldos, sopas, purés y gazpachos","Gazpacho y salmorejo","SALTERAS salmorejo fresco cordobés botella 1 l"],"general_information":[],"ingredients":[],"ean":"8437004394514"},{"full_name":"SALTERAS salmorejo fresco remolacha botella 1 l","name":"salmorejo fresco remolacha botella 1 l","brand":"SALTERAS ","img":"https://sgfm.elcorteingles.es/SGFM/dctm/MEDIA03/201604/11/00118180300461____1__600x600.jpg","price":"3,99 €","price_unit":"(3,99 € / Litro)","categories":["Supermercado","Alimentación General","Caldos, sopas, purés y gazpachos","Gazpacho y salmorejo","SALTERAS salmorejo fresco remolacha botella 1 l"],"general_information":[],"ingredients":[],"ean":"8428551711886"},{"full_name":"SALTERAS gazpacho fresco andaluz botella 1 l","name":"gazpacho fresco andaluz botella 1 l","brand":"SALTERAS ","img":"https://sgfm.elcorteingles.es/SGFM/dctm/MEDIA03/201704/27/00118180300677____2__600x600.jpg","price":"3,25 €","price_unit":"(3,25 € / Litro)","categories":["Supermercado","Alimentación General","Caldos, sopas, purés y gazpachos","Gazpacho y salmorejo","SALTERAS gazpacho fresco andaluz botella 1 l"],"general_information":[],"ingredients":[],"ean":"8437004394439"},{"full_name":"SALTERAS ajoblanco fresco con aceite de oliva virgen extra botella 1 l","name":"ajoblanco fresco con aceite de oliva virgen extra botella 1 l","brand":"SALTERAS ","img":"https://sgfm.elcorteingles.es/SGFM/dctm/MEDIA03/201604/01/00118180300800____1__600x600.jpg","price":"6,99 €","price_unit":"(6,99 € / Litro)","categories":["Supermercado","Alimentación General","Caldos, sopas, purés y gazpachos","Gazpacho y salmorejo","SALTERAS ajoblanco fresco con aceite de oliva virgen extra botella 1 l"],"general_information":[],"ingredients":[],"ean":"8437004394200"},{"full_name":"GREEN FANDANGO salmorejo tradicional ecológico botella 500 ml","name":"salmorejo tradicional ecológico botella 500 ml","brand":"GREEN FANDANGO ","img":"https://sgfm.elcorteingles.es/SGFM/dctm/MEDIA03/201707/28/00118180600092____1__600x600.jpg","price":"2,99 €            ","price_unit":"(4,98 € / Litro)","categories":["Supermercado","Alimentación General","Caldos, sopas, purés y gazpachos","Gazpacho y salmorejo","GREEN FANDANGO salmorejo tradicional ecológico botella 500 ml"],"general_information":[],"ingredients":[],"ean":"8437016390481"},{"full_name":"GREEN FANDANGO gazpacho tradicional ecológico botella 500 ml","name":"gazpacho tradicional ecológico botella 500 ml","brand":"GREEN FANDANGO ","img":"https://sgfm.elcorteingles.es/SGFM/dctm/MEDIA03/201707/28/00118180600076____1__600x600.jpg","price":"2,99 €            ","price_unit":"(4,98 € / Litro)","categories":["Supermercado","Alimentación General","Caldos, sopas, purés y gazpachos","Gazpacho y salmorejo","GREEN FANDANGO gazpacho tradicional ecológico botella 500 ml"],"general_information":["Denominación del alimento: Gazpacho Ecológico","Nombre del operador: Green Spirit S.L.","Dirección del operador: C/ Santa Lucía, 10 2º Dcha, 06001 Badajoz.","Cantidad Neta: 500 Mililitros"],"ingredients":[" Tomate (41,3%), Pimiento (20,2%), Pepino (12,5%), Ajo (0,03%), Agua, Aceite de oliva virgen extra, Vinagre de vino, Sal marina."],"conservation":" Es un producto fresco y debe mantenerse refrigerado entre 0°C y 6°C antes y después de ser abierto. Una vez abierto consumir en 48 horas.","ean":"8437016390405"},{"full_name":"HIDA gazpacho receta tradicional frasco 750 g","name":"gazpacho receta tradicional frasco 750 g","brand":"HIDA ","img":"https://sgfm.elcorteingles.es/SGFM/dctm/MEDIA02/CONTENIDOS/201505/27/00118002002535____1__600x600.jpg","price":"1,95 €","price_unit":"(2,60 € / Kilo)","categories":["Supermercado","Alimentación General","Caldos, sopas, purés y gazpachos","Gazpacho y salmorejo","HIDA gazpacho receta tradicional frasco 750 g"],"general_information":["Denominación del alimento: Gazpacho","Nombre del operador: Hida Alimentación, S.A.","Dirección del operador: Pol. El Arreaque. Apdo. 70 -30.170 Mula (Murcia)-España.","Cantidad Neta: 750 g","Otras menciones obligatorias en la etiqueta: Sin gluten. No OGM's. Sin conservantes ni colorantes. No necesita frío."],"ingredients":[" Tomate, pimiento, cebolla, pepino, aceite de oliva virgen extra (2%), vinagre de vino, ajo, sal y especias."],"conservation":"Modo de empleo: Consumo directo, a modo de sopa o consomé, añadiendo tropezones al gusto.","ean":"8424523040084"},{"full_name":"SANTA TERESA gazpacho de tomate rama con aceite de oliva virgen extra envase 1 l","name":"gazpacho de tomate rama con aceite de oliva virgen extra envase 1 l","brand":"SANTA TERESA ","img":"https://sgfm.elcorteingles.es/SGFM/00/98/2/0118851200982/0118851200982000g01011.jpg","price":"3,07 €","price_unit":"(3,07 € / Litro)","categories":["Supermercado","Alimentación General","Caldos, sopas, purés y gazpachos","Gazpacho y salmorejo","SANTA TERESA gazpacho de tomate rama con aceite de oliva virgen extra envase 1 l"],"general_information":["Denominación del alimento: Gazpacho","País de origen: España","Nombre del operador: Yemas de Sta. Teresa S.A.","Dirección del operador: Plaza José Tomé 4 05001 Ávila","Lugar de procedencia del alimento: España","Cantidad Neta: 1,0 Litros","Número de raciones por envase: 4","Otras menciones obligatorias en la etiqueta: Con el 3% de aceite de oliva virgen extra. Sin agua añadida. Vegetal 100% natural. SIN ADITIVOS. SIN CONSERVANTES. Sin pan. Envasado en atmósfera protectora."],"ingredients":[" Tomates frescos, pimientos frescos, pepinos frescos, aceite de oliva virgen extra (3%), ajos frescos, sal y vinagre de Jerez. Contenido en hortalizas 95.4%."],"conservation":" CONSERVACIÓN: conservar en frío entre 0° y 5° C. Una vez abierto, conservar 5 días en frío.","ean":"8422237254247"},{"full_name":"SANTA TERESA gazpacho de tomate raf con aceite de oliva envase 500 ml","name":"gazpacho de tomate raf con aceite de oliva envase 500 ml","brand":"SANTA TERESA ","img":"https://sgfm.elcorteingles.es/SGFM/00/87/5/0118851200875/0118851200875000g01011.jpg","price":"2,89 €","price_unit":"(5,78 € / Litro)","categories":["Supermercado","Alimentación General","Caldos, sopas, purés y gazpachos","Gazpacho y salmorejo","SANTA TERESA gazpacho de tomate raf con aceite de oliva envase 500 ml"],"general_information":["Denominación del alimento: Gazpacho","País de origen: España","Nombre del operador: Yemas de Sta. Teresa S.A.","Dirección del operador: Plaza José Tomé 4 05001 Ávila","Lugar de procedencia del alimento: España","Cantidad Neta: 500,0 Mililitros","Otras menciones obligatorias en la etiqueta: VEGETAL 100% NATURAL. SIN AGUA AÑADIDA. SIN ADITIVOS. SIN CONSERVANTES. Envasado en atmósfera protectora. Con el 4.4% de Aceite de Oliva Virgen Extra."],"ingredients":[" Tomate fresco, tomate Raf (20%), pimientos frescos, aceite de oliva virgen extra (4.4%), pepinos frescos, sal, vinagre de jerez y ajos frescos."],"conservation":" Conservar en frío entre 0° y 5° C. Una vez abierto, conservar 5 días en frío.","ean":"8422237254100"},{"full_name":"SANTA TERESA salmorejo raf envase 500 ml","name":"salmorejo raf envase 500 ml","brand":"SANTA TERESA ","img":"https://sgfm.elcorteingles.es/SGFM/01/07/1/0118851201071/0118851201071000g01011.jpg","price":"2,89 €","price_unit":"(5,78 € / Litro)","categories":["Supermercado","Alimentación General","Caldos, sopas, purés y gazpachos","Gazpacho y salmorejo","SANTA TERESA salmorejo raf envase 500 ml"],"general_information":["Denominación del alimento: Salmorejo","País de origen: España","Nombre del operador: Yemas de Sta. Teresa S.A.","Dirección del operador: Plaza José Tomé 4 05001 Ávila","Lugar de procedencia del alimento: España","Cantidad Neta: 500,0 Mililitros"],"ingredients":[],"ean":"8422237254254"},{"full_name":"BIOSABOR gazpacho ecológico bajo en sal con aceite de oliva virgen extra envase 1 l","name":"gazpacho ecológico bajo en sal con aceite de oliva virgen extra envase 1 l","brand":"BIOSABOR ","img":"https://sgfm.elcorteingles.es/SGFM/dctm/MEDIA03/201607/11/00120723000111____1__600x600.jpg","price":"3,19 €","categories":["Supermercado","Alimentación General","Caldos, sopas, purés y gazpachos","Gazpacho y salmorejo","BIOSABOR gazpacho ecológico bajo en sal con aceite de oliva virgen extra envase 1 l"],"general_information":[],"ingredients":[],"ean":"8437010207297"},{"full_name":"BIOSABOR gazpacho ecológico sin gluten con aceite de oliva virgen extra envase 1 l","name":"gazpacho ecológico sin gluten con aceite de oliva virgen extra envase 1 l","brand":"BIOSABOR ","img":"https://sgfm.elcorteingles.es/SGFM/dctm/MEDIA03/201607/11/00120723000095____1__600x600.jpg","price":"2,99 €","categories":["Supermercado","Alimentación General","Caldos, sopas, purés y gazpachos","Gazpacho y salmorejo","BIOSABOR gazpacho ecológico sin gluten con aceite de oliva virgen extra envase 1 l"],"general_information":[],"ingredients":[],"ean":"8437010207174"},{"full_name":"BIOSABOR salmorejo ecológico con aceite de oliva virgen extra envase 500 ml","name":"salmorejo ecológico con aceite de oliva virgen extra envase 500 ml","brand":"BIOSABOR ","img":"https://sgfm.elcorteingles.es/SGFM/dctm/MEDIA03/201607/11/00120723000103____1__600x600.jpg","price":"2,45 €","categories":["Supermercado","Alimentación General","Caldos, sopas, purés y gazpachos","Gazpacho y salmorejo","BIOSABOR salmorejo ecológico con aceite de oliva virgen extra envase 500 ml"],"general_information":[],"ingredients":[],"ean":"8437010207525"},{"full_name":"CASA MAS gazpacho envase 1 l","name":"gazpacho envase 1 l","brand":"CASA MAS ","img":"https://sgfm.elcorteingles.es/SGFM/dctm/MEDIA02/CONTENIDOS/201506/24/00118851201519____1__600x600.jpg","price":"3,69 €","price_unit":"(3,69 € / Litro)","categories":["Supermercado","Alimentación General","Caldos, sopas, purés y gazpachos","Gazpacho y salmorejo","CASA MAS gazpacho envase 1 l"],"general_information":["Denominación del alimento: Gazpacho","Nombre del operador: Casa Mas Alimentación, S.L.","Dirección del operador: Pol. Industrial el Vapor. Nau B-1,B-2 ? 08183 Castellterçol (Barcelona)","Cantidad Neta: 1000 Mililitros"],"ingredients":[" Agua, tomate, aceite de oliva, pepino, cebolla, pimiento rojo, pimiento verde, vinagre (sulfitos), pan, sal, conservadores: sorbato potásico y ácido sórbico; ajo, estabilizante: goma xantana; pimienta blanca."],"conservation":" Conservar entre 0-4°C. Una vez abierto, consumir en su totalidad.","ean":"8437007143072"},{"full_name":"COLLADOS gazpacho cereza botella 750 cl","name":"gazpacho cereza botella 750 cl","brand":"COLLADOS ","img":"https://sgfm.elcorteingles.es/SGFM/dctm/MEDIA03/201606/23/00118180301022____2__600x600.jpg","price":"3,49 €            ","price_unit":"(3,32 € / Litro)","categories":["Supermercado","Alimentación General","Caldos, sopas, purés y gazpachos","Gazpacho y salmorejo","COLLADOS gazpacho cereza botella 750 cl"],"general_information":[],"ingredients":[],"ean":"8410171009719"}]