[{"full_name":"EL CORTE INGLES chicles con sabor a menta sin azúcar y sin gluten 50 unidades bote 70 g","name":"chicles con sabor a menta sin azúcar y sin gluten 50 unidades bote 70 g","brand":"EL CORTE INGLES ","img":"https://sgfm.elcorteingles.es/SGFM/dctm/MEDIA03/201608/29/00120631002548____1__600x600.jpg","price":"1,99 €","price_unit":"(28,43 € / Kilo)","categories":["Supermercado","Desayunos Dulces y pan","Desayunos, dulces y pan","Caramelos, chicles y golosinas","Chicles","EL CORTE INGLES chicles con sabor a menta sin azúcar y sin gluten 50 unidades bote 70 g"],"general_information":["Denominación del alimento: Chicle con edulcorantes","Nombre del operador: Elaborado para El Corte Ingles                                 por Fini Golosinas España, S.L.U.                         Ctra. De Madrid km 358 30500 Molina de Segura (Murcia) - España","Cantidad Neta: 70 g","Número de raciones por envase: 50.0"],"ingredients":[" Ingredientes: Edulcorantes (sorbitol, isomaltosa, maltitol, manitol, jarabe de maltitol, aspartamo, acesulfamo K, sucralosa), goma base (lecitina de soja), aromas, colorante (dióxido de titanio), estabilizante (goma arábiga), agentes de recubrimiento (cera de abeja, cera carnauba, aceite vegetal (palma, coco), goma laca)."],"ean":"8433329070133"},{"full_name":"EL CORTE INGLES chicles con sabor a fresa sin azúcar y sin gluten 50 unidades bote 70 g","name":"chicles con sabor a fresa sin azúcar y sin gluten 50 unidades bote 70 g","brand":"EL CORTE INGLES ","img":"https://sgfm.elcorteingles.es/SGFM/dctm/MEDIA03/201608/29/00120631002555____1__600x600.jpg","price":"1,99 €","price_unit":"(28,43 € / Kilo)","categories":["Supermercado","Desayunos Dulces y pan","Desayunos, dulces y pan","Caramelos, chicles y golosinas","Chicles","EL CORTE INGLES chicles con sabor a fresa sin azúcar y sin gluten 50 unidades bote 70 g"],"general_information":["Denominación del alimento: Chicle con edulcorantes","Nombre del operador: Elaborado para El Corte Ingles                                 por Fini Golosinas España, S.L.U.                         Ctra. De Madrid km 358 30500 Molina de Segura (Murcia) - España","Cantidad Neta: 70 g","Número de raciones por envase: 50.0"],"ingredients":[" Ingredientes: Edulcorantes (sorbitol, isomaltosa, maltitol, manitol, jarabe de maltitol, aspartamo, acesulfamo K, sucralosa), goma base (lecitina de soja), aromas, colorante (dióxido de titanio), estabilizante (goma arábiga),  acidulante (ácido cítrico),  agentes de recubrimiento (cera de abeja, cera carnauba,aceite vegetal (palma, coco) y goma laca)."],"ean":"8433329070140"},{"full_name":"EL CORTE INGLES chicles con sabor a menta sin azúcar y sin gluten 32 unidades bolsa 45 g","name":"chicles con sabor a menta sin azúcar y sin gluten 32 unidades bolsa 45 g","brand":"EL CORTE INGLES ","img":"https://sgfm.elcorteingles.es/SGFM/dctm/MEDIA03/201612/02/00120631002597____1__600x600.jpg","price":"0,85 €","price_unit":"(18,89 € / Kilo)","categories":["Supermercado","Desayunos Dulces y pan","Desayunos, dulces y pan","Caramelos, chicles y golosinas","Chicles","EL CORTE INGLES chicles con sabor a menta sin azúcar y sin gluten 32 unidades bolsa 45 g"],"general_information":["Denominación del alimento: Chicle con edulcorantes","Nombre del operador: Elaborado para El Corte Ingles                                 por Fini Golosinas España, S.L.U.                         Ctra. De Madrid km 358 30500 Molina de Segura (Murcia) - España","Cantidad Neta: 45 g","Número de raciones por envase: 32.0"],"ingredients":[" Ingredientes: Edulcorantes (sorbitol, isomaltosa, maltitol, manitol, jarabe de maltitol, aspartamo, acesulfamo K, sucralosa), goma base (lecitina de soja), aromas, colorante (dióxido de titanio), estabilizante (goma arábiga), agentes de recubrimiento (cera de abeja, cera carnauba,aceite vegetal (palma, coco), goma laca)."],"ean":"8433329070089"},{"full_name":"EL CORTE INGLES chicles con sabor a fresa sin azúcar y sin gluten 32 unidades bolsa 45 g","name":"chicles con sabor a fresa sin azúcar y sin gluten 32 unidades bolsa 45 g","brand":"EL CORTE INGLES ","img":"https://sgfm.elcorteingles.es/SGFM/dctm/MEDIA03/201610/05/00120631002563____1__600x600.jpg","price":"0,85 €","price_unit":"(18,89 € / Kilo)","categories":["Supermercado","Desayunos Dulces y pan","Desayunos, dulces y pan","Caramelos, chicles y golosinas","Chicles","EL CORTE INGLES chicles con sabor a fresa sin azúcar y sin gluten 32 unidades bolsa 45 g"],"general_information":["Denominación del alimento: Chicle con edulcorantes","Nombre del operador: Elaborado para El Corte Ingles                                 por Fini Golosinas España, S.L.U.                         Ctra. De Madrid km 358 30500 Molina de Segura (Murcia) - España","Cantidad Neta: 45 g","Número de raciones por envase: 32.0"],"ingredients":[" Ingredientes: Edulcorantes (sorbitol, isomaltosa, maltitol, manitol, jarabe de maltitol, aspartamo, acesulfamo K, sucralosa), goma base (lecitina de soja), aromas, colorante (dióxido de titanio), estabilizante (goma arábiga),  acidulante (ácido cítrico),  agentes de recubrimiento (cera de abeja, cera carnauba,aceite vegetal (palma, coco) y goma laca)."],"ean":"8433329070102"},{"full_name":"EL CORTE INGLES chicles con sabor a hierbabuena sin azúcar y sin gluten 32 unidades bolsa 45 g","name":"chicles con sabor a hierbabuena sin azúcar y sin gluten 32 unidades bolsa 45 g","brand":"EL CORTE INGLES ","img":"https://sgfm.elcorteingles.es/SGFM/dctm/MEDIA03/201612/05/00120631002605____1__600x600.jpg","price":"0,85 €","price_unit":"(18,89 € / Kilo)","categories":["Supermercado","Desayunos Dulces y pan","Desayunos, dulces y pan","Caramelos, chicles y golosinas","Chicles","EL CORTE INGLES chicles con sabor a hierbabuena sin azúcar y sin gluten 32 unidades bolsa 45 g"],"general_information":["Denominación del alimento: Chicle con edulcorantes","Nombre del operador: Elaborado para El Corte Ingles                                 por Fini Golosinas España, S.L.U.                         Ctra. De Madrid km 358 30500 Molina de Segura (Murcia) - España","Cantidad Neta: 45 g","Número de raciones por envase: 32.0"],"ingredients":[" Ingredientes: Edulcorantes (sorbitol, isomaltosa, maltitol, manitol, jarabe de maltitol, aspartamo, acesulfamo K, sucralosa), goma base (lecitina de soja), aromas, colorante (dióxido de titanio), estabilizante (goma arábiga), agentes de recubrimiento (cera de abeja, cera carnauba,aceite vegetal (palma, coco), goma laca)."],"ean":"8433329070096"},{"full_name":"EL CORTE INGLES chicles con sabor a menta blanqueadora sin azúcar y sin gluten 32 unidades bolsa 45 g","name":"chicles con sabor a menta blanqueadora sin azúcar y sin gluten 32 unidades bolsa 45 g","brand":"EL CORTE INGLES ","img":"https://sgfm.elcorteingles.es/SGFM/dctm/MEDIA03/201610/25/00120631002589____1__600x600.jpg","price":"0,85 €","price_unit":"(18,89 € / Kilo)","categories":["Supermercado","Desayunos Dulces y pan","Desayunos, dulces y pan","Caramelos, chicles y golosinas","Chicles","EL CORTE INGLES chicles con sabor a menta blanqueadora sin azúcar y sin gluten 32 unidades bolsa 45 g"],"general_information":["Denominación del alimento: Chicle con edulcorantes","Nombre del operador: Elaborado para El Corte Ingles                                 por Fini Golosinas España, S.L.U.                         Ctra. De Madrid km 358 30500 Molina de Segura (Murcia) - España","Cantidad Neta: 45 g","Número de raciones por envase: 32.0"],"ingredients":[" Ingredientes: Edulcorantes (sorbitol, isomaltosa, maltitol, manitol, jarabe de maltitol, aspartamo, acesulfamo K, sucralosa), goma base (lecitina de soja), aromas, agente de carga (carbonato de calcio), corrector de acidez (carbonato ácido de sodio), colorante (dióxido de titanio), estabilizador (goma arábiga), agentes de recubrimiento (cera de abeja, cera carnauba, aceite vegetal (palma, coco), goma laca)."],"ean":"8433329070126"},{"full_name":"EL CORTE INGLES chicles con sabor a sandía sin azúcar y sin gluten 32 unidades bolsa 45 g","name":"chicles con sabor a sandía sin azúcar y sin gluten 32 unidades bolsa 45 g","brand":"EL CORTE INGLES ","img":"https://sgfm.elcorteingles.es/SGFM/dctm/MEDIA03/201610/19/00120631002571____1__600x600.jpg","price":"0,85 €","price_unit":"(18,89 € / Kilo)","categories":["Supermercado","Desayunos Dulces y pan","Desayunos, dulces y pan","Caramelos, chicles y golosinas","Chicles","EL CORTE INGLES chicles con sabor a sandía sin azúcar y sin gluten 32 unidades bolsa 45 g"],"general_information":["Denominación del alimento: Chicle con edulcorantes","Nombre del operador: Elaborado para El Corte Ingles                                 por Fini Golosinas España, S.L.U.                         Ctra. De Madrid km 358 30500 Molina de Segura (Murcia) - España","Cantidad Neta: 45 g","Número de raciones por envase: 32.0"],"ingredients":[" Ingredientes: Edulcorantes (sorbitol, isomaltosa, maltitol, manitol, jarabe de maltitol, aspartamo, acesulfamo K, sucralosa), goma base (lecitina de soja), aromas, colorante (dióxido de titanio), estabilizante (goma arábiga),  acidulante (ácido cítrico),  agentes de recubrimiento (cera de abeja, cera carnauba,aceite vegetal (palma, coco) y goma laca)."],"ean":"8433329070119"},{"full_name":"TRIDENT chicles de fresa stick sin azúcar pack 5 envase 5 unidades","name":"chicles de fresa stick sin azúcar pack 5 envase 5 unidades","brand":"TRIDENT ","img":"https://sgfm.elcorteingles.es/SGFM/dctm/MEDIA03/201704/07/00120631000922____6__600x600.jpg","price":"1,95 €","price_unit":"(0,39 € / Unidad)","categories":["Supermercado","Desayunos Dulces y pan","Desayunos, dulces y pan","Caramelos, chicles y golosinas","Chicles","TRIDENT chicles de fresa stick sin azúcar pack 5 envase 5 unidades"],"general_information":["Denominación del alimento: Chicle sin azúcar con edulcorantes. Sabor a fresa.","País de origen: España","Nombre del operador: Mondelez España Commercial, S.L.","Dirección del operador: C/Eucalipto, 25  - 28016 Madrid,  España","Cantidad Neta: 68 g"],"ingredients":[" Ingredientes: Edulcorantes (sorbitol, manitol, xilitol, acesulfamo k aspartamo), goma base, humectante (E422), aroma, acidulante, (E330), emulgentes (lecitina de girasol, E472a), antioxidante (E321). Un consumo excesivo puede producir efectos laxantes. Contiene una fuente de fenilalanina.."],"ean":"8416400201121"},{"full_name":"TRIDENT Max chicles de mandarina frost pack 3 20 g","name":"Max chicles de mandarina frost pack 3  20 g","brand":"TRIDENT ","img":"https://sgfm.elcorteingles.es/SGFM/dctm/MEDIA03/201703/01/00120631002712____1__600x600.jpg","price":"2,09 €","price_unit":"(0,70 € / Unidad)","categories":["Supermercado","Desayunos Dulces y pan","Desayunos, dulces y pan","Caramelos, chicles y golosinas","Chicles","TRIDENT Max chicles de mandarina frost pack 3 20 g"],"general_information":["Denominación del alimento: Chicle sin azúcar con edulcorantes. Aroma a mandarina.","País de origen: Polonia","Nombre del operador: Mondelez España Commercial, S.L.","Dirección del operador: C/Eucalipto, 25  - 28016 Madrid,  España","Cantidad Neta: 60 g"],"ingredients":[" Ingredientes: Edulcorantes (xilitol, sorbitol, isomaltosa, jarabe de maltitol, aspartamo, acesulfamo K), goma base, aromas, estabilizante (E414), acidulante (E330), emulgente (lecitina de girasol), humectante (E1518), colorante (extracto de pimentón). Contiene una fuente de fenilalanina. Un consumo excesivo puede producir efectos laxantes.."],"ean":"7622210612854"},{"full_name":"TRIDENT Max chicles de sandía frost sin azúcar  pack 3 unidades 20 g","name":"Max chicles de sandía frost sin azúcar  pack 3 unidades 20 g","brand":"TRIDENT ","img":"https://sgfm.elcorteingles.es/SGFM/dctm/MEDIA03/201703/01/00120631002704____1__600x600.jpg","price":"2,09 €","price_unit":"(0,70 € / Unidad)","categories":["Supermercado","Desayunos Dulces y pan","Desayunos, dulces y pan","Caramelos, chicles y golosinas","Chicles","TRIDENT Max chicles de sandía frost sin azúcar  pack 3 unidades 20 g"],"general_information":["Denominación del alimento: Chicle sin azúcar con edulcorantes. Sabor a sandía. .","País de origen: Polonia","Nombre del operador: Mondelez España Commercial, S.L.","Dirección del operador: C/Eucalipto, 25  - 28016 Madrid,  España","Cantidad Neta: 60 g"],"ingredients":[" Ingredientes: edulcorantes (xilitol, isomaltosa, sorbitol, jarabe de maltitol, aspartamo, acesulfamo K), goma base, aromas, estabilizante (E414), acidulante (E330), emulgente (lecitina de girasol), humectante (E1518), colorantes (E160a, E120, E163). Un consumo excesivo puede producir efectos laxantes. Contiene una fuente de fenilalanina."],"ean":"7622210612793"},{"full_name":"TRIDENT Senses Watermelon Sunrise chicles de sandía sin azúcar pack 3 envases 23 g","name":"Senses Watermelon Sunrise chicles de sandía sin azúcar pack 3 envases 23 g","brand":"TRIDENT ","img":"https://sgfm.elcorteingles.es/SGFM/dctm/MEDIA03/201706/15/00120631001169____7__600x600.jpg","price":"1,99 €","price_unit":"(28,84 € / Kilo)","categories":["Supermercado","Desayunos Dulces y pan","Desayunos, dulces y pan","Caramelos, chicles y golosinas","Chicles","TRIDENT Senses Watermelon Sunrise chicles de sandía sin azúcar pack 3 envases 23 g"],"general_information":["Denominación del alimento: Chicle sin azúcar con edulcorantes. Sabor a Sandía.","País de origen: Polonia","Nombre del operador: Mondelez España Commercial, S.L.","Dirección del operador: C/Eucalipto, 25  - 28016 Madrid,  España","Cantidad Neta: 69 g"],"ingredients":[" Ingredientes: edulcorantes (sorbitol, maltitol, xilitol, jarabe de maltitol, aspartamo, acesulfamo K, sucralosa), goma base, aromas, humectante (E422), emulgentes (lecitina de girasol, E472a), acidulantes (E330, E296, E334), colorantes (E160c, E141), antioxidante (E321). Un consumo excesivo puede producir efectos laxantes.Contiene una fuente de fenilalanina."],"ean":"7622210722867"},{"full_name":"TRIDENT 60 Minutes chicle sin azúcar sabor peppermint pack 3 envase 60 g","name":"60 Minutes chicle sin azúcar sabor peppermint pack 3 envase 60 g","brand":"TRIDENT ","img":"https://sgfm.elcorteingles.es/SGFM/dctm/MEDIA03/201611/23/00120631001839____2__600x600.jpg","price":"1,89 €","price_unit":"(94,50 € / Kilo)","categories":["Supermercado","Desayunos Dulces y pan","Desayunos, dulces y pan","Caramelos, chicles y golosinas","Chicles","TRIDENT 60 Minutes chicle sin azúcar sabor peppermint pack 3 envase 60 g"],"general_information":["Denominación del alimento: Chicle sin azúcar con edulcorantes. Sabor a Menta.","País de origen: Turquía","Nombre del operador: Mondelez España Commercial, S.L.","Dirección del operador: C/Eucalipto, 25  - 28016 Madrid,  España","Cantidad Neta: 60 g"],"ingredients":[" Ingredientes: edulcorantes (xilitol, isomalt, sorbitol, jarabe de maltitol, acesulfamo K, sucralosa), goma base, aromas, estabilizante (E414), emulgente (lecitina de girasol), colorantes (E171, E133). Un consumo excesivo puede producir efectos laxantes.."],"ean":"7622300795375"},{"full_name":"FIVE chicles sin azúcar sabor a menta 30 unidades bote 69 g","name":"chicles sin azúcar sabor a menta 30 unidades bote 69 g","brand":"FIVE ","img":"https://sgfm.elcorteingles.es/SGFM/dctm/MEDIA03/201708/04/00120631002720____1__600x600.jpg","price":"3,05 €","price_unit":"(44,20 € / Kilo)","categories":["Supermercado","Desayunos Dulces y pan","Desayunos, dulces y pan","Caramelos, chicles y golosinas","Chicles","FIVE chicles sin azúcar sabor a menta 30 unidades bote 69 g"],"general_information":["Denominación del alimento: Chicle sin azúcar con edulcorantes y sabor hierbabuna 30 cubos","Nombre del operador: Wrigley Co SLU","Dirección del operador: Via Augusta 2bis, 3º. Barcelona 08012","Cantidad Neta: 69 g","Peso neto escurrido: 69 g","Otras menciones obligatorias en la etiqueta: Contiene una fuente de fenilalalina. Un consumo excesivo puede producir efectos laxantes."],"ingredients":[" Edulcorantes xilitol, jarabe de sorbitol, manitol, aspartamo, acesulfamo k; goma base, espesante goma arábiga, aromas, humectante glicerina, acidulante ácido citrico, emulgente lecitina de soja, acidulante acido málico, colorante e171, agente de recubrimiento cera de carnauba, antioxidante BHA."],"conservation":" Mantener en lugar fresco y seco.","ean":"4009900512329"},{"full_name":"FIVE chicles sin azúcar sabor a sandía 30 unidades bote 69 g","name":"chicles sin azúcar sabor a sandía 30 unidades bote 69 g","brand":"FIVE ","img":"https://sgfm.elcorteingles.es/SGFM/dctm/MEDIA03/201708/04/00120631002738____1__600x600.jpg","price":"3,05 €","price_unit":"(44,20 € / Kilo)","categories":["Supermercado","Desayunos Dulces y pan","Desayunos, dulces y pan","Caramelos, chicles y golosinas","Chicles","FIVE chicles sin azúcar sabor a sandía 30 unidades bote 69 g"],"general_information":["Denominación del alimento: Chicle sin azúcar con edulcorantes y sabor sandia 30 cubos","Nombre del operador: Wrigley Co SLU","Dirección del operador: Via Augusta 2bis, 3º. Barcelona 08013","Cantidad Neta: 69 g","Peso neto escurrido: 69 g","Otras menciones obligatorias en la etiqueta: Contiene una fuente de fenilalalina. Un consumo excesivo puede producir efectos laxantes."],"ingredients":[" Edulcorantes xilitol, jarabe de sorbitol, manitol, aspartamo, acesulfamo k; goma base, espesante goma arábiga, aromas, humectante glicerina, acidulante ácido citrico, emulgente lecitina de soja, acidulante acido málico, colorante e171, agente de recubrimiento cera de carnauba, antioxidante BHA."],"conservation":" Mantener en lugar fresco y seco.","ean":"4009900512350"},{"full_name":"FIVE Celsius un glaciar de frutos rojos pack 2x12 chicles sin azúcar envase 62 g","name":"Celsius un glaciar de frutos rojos pack 2x12 chicles sin azúcar envase 62 g","brand":"FIVE ","img":"https://sgfm.elcorteingles.es/SGFM/dctm/MEDIA02/CONTENIDOS/201505/05/00120631001730____1__600x600.jpg","price":"2,75 €","price_unit":"(44,35 € / Kilo)","categories":["Supermercado","Desayunos Dulces y pan","Desayunos, dulces y pan","Caramelos, chicles y golosinas","Chicles","FIVE Celsius un glaciar de frutos rojos pack 2x12 chicles sin azúcar envase 62 g"],"general_information":["Denominación del alimento: Chicle sin azúcar con edulcorantes y sabor a frambuesa, fresa y Bayas de Goji","Nombre del operador: Wrigley Co SLU","Dirección del operador: Via Augusta 2bis, 3º. Barcelona 08006","Cantidad Neta: 58 g","Otras menciones obligatorias en la etiqueta: Contiene una fuente de fenilalanina. Un consumo excesivo puede tener efectos laxantes."],"ingredients":[" Edulcorantes sorbitol, manitol, jarabe de maltitol, sucralosa, acesulfamo K, aspartamo;goma base, humectante glicerina, aromas, emulgente lecitina de soja, acidulantes ácido cítrico, ácido málico; colorante E172. Antioxidante BHA."],"conservation":" Mantener en lugar fresco y seco.","ean":"4009900497794"},{"full_name":"FIVE Cobalt menta refrescante pack 2x12 chicles sin azúcar envase 62 g","name":"Cobalt menta refrescante pack 2x12 chicles sin azúcar envase 62 g","brand":"FIVE ","img":"https://sgfm.elcorteingles.es/SGFM/01/29/2/0120631001292/0120631001292000g01011.jpg","price":"2,75 €","price_unit":"(44,35 € / Kilo)","categories":["Supermercado","Desayunos Dulces y pan","Desayunos, dulces y pan","Caramelos, chicles y golosinas","Chicles","FIVE Cobalt menta refrescante pack 2x12 chicles sin azúcar envase 62 g"],"general_information":["Denominación del alimento: Chicle sin azúcar con edulcorantes y sabor a menta","Nombre del operador: Wrigley Co SLU","Dirección del operador: Via Augusta 2bis, 3º. Barcelona 08006","Cantidad Neta: 58 g","Otras menciones obligatorias en la etiqueta: Contiene una fuente de fenilalanina. Un consumo excesivo puede tener efectos laxantes."],"ingredients":[" Edulcorantes sorbitol, manitol, aspartamo, sal de aspartamo-acesulfamo, acesulfamo K; goma base, humectante glicerina, aromas, emulgente lecitina de soja, antioxidante BHA, colorante E133."],"conservation":" Mantener en lugar fresco y seco.","ean":"4009900440943"},{"full_name":"FIVE chicles sin azúcar con sabor a manzana pack 2 envases 12 unidades","name":"chicles sin azúcar con sabor a manzana pack 2 envases 12 unidades","brand":"FIVE ","img":"https://sgfm.elcorteingles.es/SGFM/dctm/MEDIA03/201708/04/00120631002654____1__600x600.jpg","price":"2,80 €","price_unit":"(48,28 € / Kilo)","categories":["Supermercado","Desayunos Dulces y pan","Desayunos, dulces y pan","Caramelos, chicles y golosinas","Chicles","FIVE chicles sin azúcar con sabor a manzana pack 2 envases 12 unidades"],"general_information":[],"ingredients":[],"ean":"4009900517072"},{"full_name":"FIVE Electro hierbabuena vibrante pack 2x12 chicles sin azúcar envase 62 g","name":"Electro hierbabuena vibrante pack 2x12 chicles sin azúcar envase 62 g","brand":"FIVE ","img":"https://sgfm.elcorteingles.es/SGFM/01/30/0/0120631001300/0120631001300000g01011.jpg","price":"2,75 €","price_unit":"(44,35 € / Kilo)","categories":["Supermercado","Desayunos Dulces y pan","Desayunos, dulces y pan","Caramelos, chicles y golosinas","Chicles","FIVE Electro hierbabuena vibrante pack 2x12 chicles sin azúcar envase 62 g"],"general_information":["Denominación del alimento: Chicle sin azúcar con edulcorantes y sabor a menta","Nombre del operador: Wrigley Co SLU","Dirección del operador: Via Augusta 2bis, 3º. Barcelona 08006","Cantidad Neta: 58 g","Otras menciones obligatorias en la etiqueta: Contiene una fuente de fenilalanina. Un consumo excesivo puede tener efectos laxantes."],"ingredients":[" Edulcorantes sorbitol, manitol, aspartamo, sal de aspartamo-acesulfamo, acesulfamo K; goma base, humectante glicerina, aromas, emulgente lecitina de soja, colorante E141, antioxidante BHA."],"conservation":" Mantener en lugar fresco y seco.","ean":"4009900440967"},{"full_name":"FIVE Turbulence sandía pack 2x12 chicles sin azúcar envase 62 g","name":"Turbulence sandía pack 2x12 chicles sin azúcar envase 62 g","brand":"FIVE ","img":"https://sgfm.elcorteingles.es/SGFM/dctm/MEDIA02/CONTENIDOS/201505/20/00120631001383____1__600x600.jpg","price":"2,75 €","price_unit":"(44,35 € / Kilo)","categories":["Supermercado","Desayunos Dulces y pan","Desayunos, dulces y pan","Caramelos, chicles y golosinas","Chicles","FIVE Turbulence sandía pack 2x12 chicles sin azúcar envase 62 g"],"general_information":["Denominación del alimento: Chicle sin azúcar con edulcorantes y sabor a sandía","Nombre del operador: Wrigley Co SLU","Dirección del operador: Via Augusta 2bis, 3º. Barcelona 08006","Cantidad Neta: 58 g","Otras menciones obligatorias en la etiqueta: Contiene una fuente de fenilalanina. Un consumo excesivo puede tener efectos laxantes."],"ingredients":[" Edulcorantes sorbitol, xilitol, manitol, aspartamo, sucralosa, acesulfamo k; goma base , humectante glicerina, aromas, acidulantes ácido málico, emulgente lecitina de soja, acidulantes ácido cítrico, ácido fumárico, antioxidante BHA."],"conservation":" Mantener en lugar fresco y seco.","ean":"4009900447942"},{"full_name":"FIVE Cobalt menta refrescante 12 chicles sin azúcar envase 31","name":"Cobalt menta refrescante 12 chicles sin azúcar envase 31 ","brand":"FIVE ","img":"https://sgfm.elcorteingles.es/SGFM/dctm/MEDIA02/CONTENIDOS/201411/25/00120631001268____1__600x600.jpg","price":"1,75 €","price_unit":"(56,45 € / Kilo)","categories":["Supermercado","Desayunos Dulces y pan","Desayunos, dulces y pan","Caramelos, chicles y golosinas","Chicles","FIVE Cobalt menta refrescante 12 chicles sin azúcar envase 31"],"general_information":["Denominación del alimento: Chicle sin azúcar con edulcorantes y sabor a menta","Nombre del operador: Wrigley Co SLU","Dirección del operador: Via Augusta 2bis, 3º. Barcelona 08006","Cantidad Neta: 29 g","Otras menciones obligatorias en la etiqueta: Contiene una fuente de fenilalanina. Un consumo excesivo puede tener efectos laxantes."],"ingredients":[" Edulcorantes sorbitol, manitol, aspartamo, sal de aspartamo-acesulfamo, acesulfamo K; goma base, humectante glicerina, aromas, emulgente lecitina de soja, antioxidante BHA, colorante E133."],"conservation":" Mantener en lugar fresco y seco.","ean":"0000042182108"},{"full_name":"FIVE Electro hierbabuena 12 chicles sin azúcar envase 31 g","name":"Electro hierbabuena 12 chicles sin azúcar envase 31 g","brand":"FIVE ","img":"https://sgfm.elcorteingles.es/SGFM/dctm/MEDIA02/CONTENIDOS/201411/25/00120631001276____1__600x600.jpg","price":"1,75 €","price_unit":"(56,45 € / Kilo)","categories":["Supermercado","Desayunos Dulces y pan","Desayunos, dulces y pan","Caramelos, chicles y golosinas","Chicles","FIVE Electro hierbabuena 12 chicles sin azúcar envase 31 g"],"general_information":["Denominación del alimento: Chicle sin azúcar con edulcorantes y sabor a menta","Nombre del operador: Wrigley Co SLU","Dirección del operador: Via Augusta 2bis, 3º. Barcelona 08006","Cantidad Neta: 29 g","Otras menciones obligatorias en la etiqueta: Contiene una fuente de fenilalanina. Un consumo excesivo puede tener efectos laxantes."],"ingredients":[" Edulcorantes sorbitol, manitol, aspartamo, sal de aspartamo-acesulfamo, acesulfamo K; goma base, humectante glicerina, aromas, emulgente lecitina de soja, colorante E141, antioxidante BHA."],"conservation":" Mantener en lugar fresco y seco.","ean":"0000042182115"},{"full_name":"FIVE Turbulence sandía jugosa chicles sin azúcar unidad 31 g","name":"Turbulence sandía jugosa chicles sin azúcar unidad 31 g","brand":"FIVE ","img":"https://sgfm.elcorteingles.es/SGFM/dctm/MEDIA03/201703/28/00120631000658____1__600x600.jpg","price":"1,75 €","price_unit":"(56,45 € / Kilo)","categories":["Supermercado","Desayunos Dulces y pan","Desayunos, dulces y pan","Caramelos, chicles y golosinas","Chicles","FIVE Turbulence sandía jugosa chicles sin azúcar unidad 31 g"],"general_information":["Denominación del alimento: Chicle sin azúcar con edulcorantes y sabor a sandía","Nombre del operador: Wrigley Co SLU","Dirección del operador: Via Augusta 2bis, 3º. Barcelona 08006","Cantidad Neta: 29 g","Otras menciones obligatorias en la etiqueta: Contiene una fuente de fenilalanina. Un consumo excesivo puede tener efectos laxantes."],"ingredients":[" Edulcorantes sorbitol, xilitol, manitol, aspartamo, sucralosa, acesulfamo k; goma base , humectante glicerina, aromas, acidulantes ácido málico, emulgente lecitina de soja, acidulantes ácido cítrico, ácido fumárico, antioxidante BHA."],"conservation":" Mantener en lugar fresco y seco.","ean":"0000042188889"},{"full_name":"ORBIT chicle Bubblemint sin azúcar sabor fresa menta 60 grageas bote 84 g","name":"chicle Bubblemint sin azúcar sabor fresa menta 60 grageas bote 84 g","brand":"ORBIT ","img":"https://sgfm.elcorteingles.es/SGFM/dctm/MEDIA02/CONTENIDOS/201505/13/00120631002407____2__600x600.jpg","price":"2,99 €","price_unit":"(35,60 € / Kilo)","categories":["Supermercado","Desayunos Dulces y pan","Desayunos, dulces y pan","Caramelos, chicles y golosinas","Chicles","ORBIT chicle Bubblemint sin azúcar sabor fresa menta 60 grageas bote 84 g"],"general_information":["Denominación del alimento: Chicle sin azúcar con edulcorantes y sabor a frutas y menta","Nombre del operador: Wrigley Co SLU","Dirección del operador: Via Augusta 2bis, 3º. Barcelona 08006","Cantidad Neta: 84 g","Otras menciones obligatorias en la etiqueta: Contiene una fuente de fenilalanina. Un consumo excesivo puede tener efectos laxantes. Reconocido por la FDE Fundación Dental Española. Mascar chicle sin azúcar, como Orbit, beneficia tu salud dental porque ayuda a neutralizar los ácidos de la placa. Visita al dentista una vez al año."],"ingredients":[" Edulcorantes: xilitol, sorbitol, aspartamo, acesulfamo K, sucralosa; Goma base: espesante goma arábica,  humectante glicerina, aromas, , emulgente lecitina de soja, colorante  E171, agente de recubrimiento cera carnauba, antioxidante BHA."],"conservation":" Mantener en lugar fresco y seco.","ean":"4009900496247"},{"full_name":"ORBIT chicles de eucalipto sin azucar 60 unidades envase 84 g","name":"chicles de eucalipto sin azucar 60 unidades envase 84 g","brand":"ORBIT ","img":"https://sgfm.elcorteingles.es/SGFM/dctm/MEDIA03/201611/15/00120631001995____1__600x600.jpg","price":"2,99 €","price_unit":"(35,60 € / Kilo)","categories":["Supermercado","Desayunos Dulces y pan","Desayunos, dulces y pan","Caramelos, chicles y golosinas","Chicles","ORBIT chicles de eucalipto sin azucar 60 unidades envase 84 g"],"general_information":["Denominación del alimento: Chicle sin azúcar con edulcorantes y sabor a Mentol y Eucalipto","Nombre del operador: Wrigley Co SLU","Dirección del operador: Via Augusta 2bis, 3º. Barcelona 08006","Cantidad Neta: 84 g","Otras menciones obligatorias en la etiqueta: Contiene una fuente de fenilalanina. Un consumo excesivo puede tener efectos laxantes. Reconocido por la FDE Fundación Dental Española. Mascar chicle sin azúcar, como Orbit, beneficia tu salud dental porque ayuda a neutralizar los ácidos de la placa. Visita al dentista una vez al año."],"ingredients":[" Edulcorantes isomalt, sorbitol, jarabe de sorbitol, manitol, aspartamo, acesulfamo k; goma base, aromas, espesante goma arábiga, emulgente lecitina de soja, humectante glicerina, colorante E171, agente de recubrimiento cera de carnauba, antioxidante BHA, colorantes E133, E160a."],"conservation":" Mantener en lugar fresco y seco.","ean":"4009900483483"},{"full_name":"ORBIT chicles de fresa sin azúcar 60 unidades envase 84 g","name":"chicles de fresa sin azúcar 60 unidades envase 84 g","brand":"ORBIT ","img":"https://sgfm.elcorteingles.es/SGFM/dctm/MEDIA02/CONTENIDOS/201412/04/00120631002027____1__600x600.jpg","price":"2,99 €","price_unit":"(35,60 € / Kilo)","categories":["Supermercado","Desayunos Dulces y pan","Desayunos, dulces y pan","Caramelos, chicles y golosinas","Chicles","ORBIT chicles de fresa sin azúcar 60 unidades envase 84 g"],"general_information":["Denominación del alimento: Chicle sin azúcar con edulcorantes y sabor a fresa","Nombre del operador: Wrigley Co SLU","Dirección del operador: Via Augusta 2bis, 3º. Barcelona 08006","Cantidad Neta: 84 g","Otras menciones obligatorias en la etiqueta: Contiene una fuente de fenilalanina. Un consumo excesivo puede tener efectos laxantes. Reconocido por la FDE Fundación Dental Española. Mascar chicle sin azúcar, como Orbit, beneficia tu salud dental porque ayuda a neutralizar los ácidos de la placa. Visita al dentista una vez al año."],"ingredients":[" Edulcorantes xilitol, sorbitol, jarabe de maltitol, manitol, aspartamo, acesulfamo k; goma base, espesante goma arábiga, aromas, acidulante ácido cítrico, emulgente lecitina de soja, humectante glicerina, colorante E171, agente de recubrimiento cera de carnauba, antioxidante BHA."],"conservation":" Mantener en lugar fresco y seco.","ean":"4009900484398"},{"full_name":"ORBIT chicles de hierbabuena sin azúcar 60 unidades envase 84 g","name":"chicles de hierbabuena sin azúcar 60 unidades envase 84 g","brand":"ORBIT ","img":"https://sgfm.elcorteingles.es/SGFM/dctm/MEDIA03/201611/15/00120631002019____1__600x600.jpg","price":"2,99 €","price_unit":"(35,60 € / Kilo)","categories":["Supermercado","Desayunos Dulces y pan","Desayunos, dulces y pan","Caramelos, chicles y golosinas","Chicles","ORBIT chicles de hierbabuena sin azúcar 60 unidades envase 84 g"],"general_information":["Denominación del alimento: Chicle sin azúcar con edulcorantes y sabor a menta","Nombre del operador: Wrigley Co SLU","Dirección del operador: Via Augusta 2bis, 3º. Barcelona 08006","Cantidad Neta: 84 g","Otras menciones obligatorias en la etiqueta: Contiene una fuente de fenilalanina. Un consumo excesivo puede tener efectos laxantes. Reconocido por la FDE Fundación Dental Española. Mascar chicle sin azúcar, como Orbit, beneficia tu salud dental porque ayuda a neutralizar los ácidos de la placa. Visita al dentista una vez al año."],"ingredients":[" Edulcorantes xilitol, sorbitol, manitol, aspartamo, acesulfamo k, sucralosa; goma base, humectante glicerina, espesante goma arábiga, aromas, emulgente lecitina de soja, colorante E171, agente de recubrimiento cera de carnauba, antioxidante BHA."],"conservation":" Mantener en lugar fresco y seco.","ean":"4009900484275"},{"full_name":"ORBIT chicles de menta sin azúcar 60 unidades envase 84 g","name":"chicles de menta sin azúcar 60 unidades envase 84 g","brand":"ORBIT ","img":"https://sgfm.elcorteingles.es/SGFM/dctm/MEDIA03/201611/15/00120631002001____1__600x600.jpg","price":"2,99 €","price_unit":"(35,60 € / Kilo)","categories":["Supermercado","Desayunos Dulces y pan","Desayunos, dulces y pan","Caramelos, chicles y golosinas","Chicles","ORBIT chicles de menta sin azúcar 60 unidades envase 84 g"],"general_information":["Denominación del alimento: Chicle sin azúcar con edulcorantes y sabor a menta","Nombre del operador: Wrigley Co SLU","Dirección del operador: Via Augusta 2bis, 3º. Barcelona 08006","Cantidad Neta: 84 g","Otras menciones obligatorias en la etiqueta: Contiene una fuente de fenilalanina. Un consumo excesivo puede tener efectos laxantes. Reconocido por la FDE Fundación Dental Española. Mascar chicle sin azúcar, como Orbit, beneficia tu salud dental porque ayuda a neutralizar los ácidos de la placa. Visita al dentista una vez al año."],"ingredients":[" Edulcorantes xilitol, sorbitol, manitol, aspartamo, sal de aspartamo-acesulfamo, acesulfamo k; goma base, espesante goma arábiga, aromas, humectante glicerina, emulgente lecitina de soja, colorante E171, agente de recubrimiento cera de carnauba, antioxidante BHA."],"conservation":" Mantener en lugar fresco y seco.","ean":"4009900484039"},{"full_name":"ORBIT Ice chicles de menta polar 4x10 grageas con microgránulos 60 g","name":"Ice chicles de menta polar 4x10 grageas con microgránulos  60 g","brand":"ORBIT ","img":"https://sgfm.elcorteingles.es/SGFM/dctm/MEDIA02/CONTENIDOS/201502/17/00120631002381____1__600x600.jpg","price":"2,00 €","price_unit":"(2 € / Unidad)","categories":["Supermercado","Desayunos Dulces y pan","Desayunos, dulces y pan","Caramelos, chicles y golosinas","Chicles","ORBIT Ice chicles de menta polar 4x10 grageas con microgránulos 60 g"],"general_information":["Denominación del alimento: Chicle sin azúcar con edulcorantes y  sabor a mentol y menta","Nombre del operador: Wrigley Co SLU","Dirección del operador: Via Augusta 2bis, 3º. Barcelona 08006","Cantidad Neta: 56 g","Otras menciones obligatorias en la etiqueta: Contiene una fuente de fenilalanina. Un consumo excesivo puede tener efectos laxantes. Reconocido por la FDE Fundación Dental Española. Mascar chicle sin azúcar, como Orbit, beneficia tu salud dental porque ayuda a neutralizar los ácidos de la placa. Visita al dentista una vez al año."],"ingredients":[" Edulcorantes xilitol, sorbitol, aspartamo, manitol, acesulfamo k; goma base, espesante goma arábiga, humectante glicerina, aromas, agente de carga fosfato de calcio, emulgente lecitina de soja. Colorante E171, agente de recubrimiento cera de carnauba, antioxidante BHA, colorante E133."],"conservation":" Mantener en lugar fresco y seco.","ean":"4009900481632"},{"full_name":"ORBIT chicles de arándanos pack 4x10 grageas envase ahorro 60 g","name":"chicles de arándanos pack 4x10 grageas envase ahorro  60 g","brand":"ORBIT ","img":"https://sgfm.elcorteingles.es/SGFM/dctm/MEDIA03/201611/15/00120631002399____2__600x600.jpg","price":"1,85 €","price_unit":"(1,85 € / Unidad)","categories":["Supermercado","Desayunos Dulces y pan","Desayunos, dulces y pan","Caramelos, chicles y golosinas","Chicles","ORBIT chicles de arándanos pack 4x10 grageas envase ahorro 60 g"],"general_information":["Denominación del alimento: Chicle sin azúcar con edulcorantes y sabor a arándano","Nombre del operador: Wrigley Co SLU","Dirección del operador: Via Augusta 2bis, 3º. Barcelona 08006","Cantidad Neta: 56 g","Otras menciones obligatorias en la etiqueta: Contiene una fuente de fenilalanina. Un consumo excesivo puede tener efectos laxantes. Reconocido por la FDE Fundación Dental Española. Mascar chicle sin azúcar, como Orbit, beneficia tu salud dental porque ayuda a neutralizar los ácidos de la placa. Visita al dentista una vez al año."],"ingredients":[" Edulcorantes xilitol, sorbitol, manitol, aspartamo, acesulfamo k; goma base, espesante goma arábiga, aromas, humectante glicerina, acidulante ácido cítrico, emulgente lecitina de soja, colorante E171, acidulante ácido fumárico, agente de recubrimiento cera de carnauba, antioxidante BHA."],"conservation":" Mantener en lugar fresco y seco.","ean":"4009900494236"},{"full_name":"ORBIT Ice chicles de hierbabuena ártica 4x10 grageas con microgránulos 60 g","name":"Ice chicles de hierbabuena ártica 4x10 grageas con microgránulos  60 g","brand":"ORBIT ","img":"https://sgfm.elcorteingles.es/SGFM/dctm/MEDIA02/CONTENIDOS/201502/17/00120631002373____1__600x600.jpg","price":"2,00 €","price_unit":"(2 € / Unidad)","categories":["Supermercado","Desayunos Dulces y pan","Desayunos, dulces y pan","Caramelos, chicles y golosinas","Chicles","ORBIT Ice chicles de hierbabuena ártica 4x10 grageas con microgránulos 60 g"],"general_information":["Denominación del alimento: Chicle sin azúcar con edulcorantes y sabor a menta y mentol","Nombre del operador: Wrigley Co SLU","Dirección del operador: Via Augusta 2bis, 3º. Barcelona 08006","Cantidad Neta: 56 g","Otras menciones obligatorias en la etiqueta: Contiene una fuente de fenilalanina. Un consumo excesivo puede tener efectos laxantes. Reconocido por la FDE Fundación Dental Española. Mascar chicle sin azúcar, como Orbit, beneficia tu salud dental porque ayuda a neutralizar los ácidos de la placa. Visita al dentista una vez al año."],"ingredients":[" Edulcorantes xilitol, sorbitol, aspartamo, acesulfamo k; goma base, espesante goma arábiga, humectante glicerina, aromas, agente de carga fosfato de calcio, emulgente lecitina de soja, colorante E171, corrector de la acidez carbonato ácido de sodio, agente de recubrimiento cera de carnauba, antioxidante BHA, colorante E133."],"conservation":" Mantener en lugar fresco y seco.","ean":"4009900481618"},{"full_name":"ORBIT menta peppermint chicles sin azúcar pack 4 envases 56 unidades","name":"menta peppermint chicles sin azúcar pack 4 envases 56 unidades","brand":"ORBIT ","img":"https://sgfm.elcorteingles.es/SGFM/dctm/MEDIA03/201611/15/00120631000823____2__600x600.jpg","price":"1,89 €","price_unit":"(33,75 € / Kilo)","categories":["Supermercado","Desayunos Dulces y pan","Desayunos, dulces y pan","Caramelos, chicles y golosinas","Chicles","ORBIT menta peppermint chicles sin azúcar pack 4 envases 56 unidades"],"general_information":["Denominación del alimento: Chicle sin azúcar con edulcorantes y sabor a menta","Nombre del operador: Wrigley Co SLU","Dirección del operador: Via Augusta 2bis, 3º. Barcelona 08006","Cantidad Neta: 56 g","Otras menciones obligatorias en la etiqueta: Contiene una fuente de fenilalanina. Un consumo excesivo puede tener efectos laxantes. Reconocido por la FDE Fundación Dental Española. Mascar chicle sin azúcar, como Orbit, beneficia tu salud dental porque ayuda a neutralizar los ácidos de la placa. Visita al dentista una vez al año."],"ingredients":[" Edulcorantes xilitol, sorbitol, manitol, aspartamo, sal de aspartamo-acesulfamo, acesulfamo k; goma base, espesante goma arábiga, aromas, humectante glicerina, emulgente lecitina de soja, colorante e171, agente de recubrimiento cera de carnauba, antioxidante BHA."],"conservation":" Mantener en lugar fresco y seco.","ean":"4009900012683"},{"full_name":"ORBIT chicles de hierbabuena sin azúcar pack 4 envases 56 g","name":"chicles de hierbabuena sin azúcar pack 4 envases 56 g","brand":"ORBIT ","img":"https://sgfm.elcorteingles.es/SGFM/dctm/MEDIA03/201611/15/00120631000849____2__600x600.jpg","price":"1,89 €","price_unit":"(33,75 € / Kilo)","categories":["Supermercado","Desayunos Dulces y pan","Desayunos, dulces y pan","Caramelos, chicles y golosinas","Chicles","ORBIT chicles de hierbabuena sin azúcar pack 4 envases 56 g"],"general_information":["Denominación del alimento: Chicle sin azúcar con edulcorantes y sabor a menta","Nombre del operador: Wrigley Co SLU","Dirección del operador: Via Augusta 2bis, 3º. Barcelona 08006","Cantidad Neta: 56 g","Otras menciones obligatorias en la etiqueta: Contiene una fuente de fenilalanina. Un consumo excesivo puede tener efectos laxantes. Reconocido por la FDE Fundación Dental Española. Mascar chicle sin azúcar, como Orbit, beneficia tu salud dental porque ayuda a neutralizar los ácidos de la placa. Visita al dentista una vez al año."],"ingredients":[" Edulcorantes xilitol, sorbitol, manitol, aspartamo, acesulfamo k, sucralosa; goma base, humectante glicerina, espesante goma arábiga, aromas, emulgente lecitina de soja, colorante E171, agente de recubrimiento cera de carnauba, antioxidante BHA."],"conservation":" Mantener en lugar fresco y seco.","ean":"4009900018722"},{"full_name":"ORBIT chicles de eucalipto sin azúcar pack 4 envases 56 g","name":"chicles de eucalipto sin azúcar pack 4 envases 56 g","brand":"ORBIT ","img":"https://sgfm.elcorteingles.es/SGFM/00/83/1/0120631000831/0120631000831000g01011.jpg","price":"1,89 €","price_unit":"(33,75 € / Kilo)","categories":["Supermercado","Desayunos Dulces y pan","Desayunos, dulces y pan","Caramelos, chicles y golosinas","Chicles","ORBIT chicles de eucalipto sin azúcar pack 4 envases 56 g"],"general_information":["Denominación del alimento: Chicle sin azucar con edulcorantes y sabor a mentol y eucalipto","Nombre del operador: Wrigley Co SLU","Dirección del operador: Via Augusta 2bis, 3º. Barcelona 08006","Cantidad Neta: 56 g","Otras menciones obligatorias en la etiqueta: Contiene una fuente de fenilalanina. Un consumo excesivo puede tener efectos laxantes. Reconocido por la FDE Fundación Dental Española. Mascar chicle sin azúcar, como Orbit, beneficia tu salud dental porque ayuda a neutralizar los ácidos de la placa. Visita al dentista una vez al año."],"ingredients":[" Edulcorantes isomalt, sorbitol, jarabe de sorbitol, manitol, aspartamo, acesulfamo k; goma base, aromas, espesante goma arábiga, emulgente lecitina de soja, humectante glicerina, colorante E171, agente de recubrimiento cera de carnauba, antioxidante bha, colorantes E133, E160a."],"conservation":" Mantener en lugar fresco y seco.","ean":"4009900362573"},{"full_name":"ORBIT chicles de fresa ácida sin azúcar pack 4 envases 56 g","name":"chicles de fresa ácida sin azúcar pack 4 envases 56 g","brand":"ORBIT ","img":"https://sgfm.elcorteingles.es/SGFM/dctm/MEDIA03/201611/15/00120631000765____2__600x600.jpg","price":"1,89 €","price_unit":"(33,75 € / Kilo)","categories":["Supermercado","Desayunos Dulces y pan","Desayunos, dulces y pan","Caramelos, chicles y golosinas","Chicles","ORBIT chicles de fresa ácida sin azúcar pack 4 envases 56 g"],"general_information":["Denominación del alimento: Chicle sin azúcar con edulcorantes y sabor a fresa","Nombre del operador: Wrigley Co SLU","Dirección del operador: Via Augusta 2bis, 3º. Barcelona 08006","Cantidad Neta: 56 g","Otras menciones obligatorias en la etiqueta: Contiene una fuente de fenilalanina. Un consumo excesivo puede tener efectos laxantes. Reconocido por la FDE Fundación Dental Española. Mascar chicle sin azúcar, como Orbit, beneficia tu salud dental porque ayuda a neutralizar los ácidos de la placa. Visita al dentista una vez al año."],"ingredients":[" Edulcorantes xilitol, sorbitol, jarabe de maltitol, manitol, aspartamo, acesulfamo k; goma base, espesante goma arábiga, aromas, acidulante ácido cítrico, emulgente lecitina de soja, humectante glicerina, colorante E171, agente de recubrimiento cera de carnauba, antioxidante BHA."],"conservation":" Mantener en lugar fresco y seco.","ean":"4009900358934"},{"full_name":"ORBIT chicles bubblemint sabor fresa menta sin azúcar pack 4 envases 56 g","name":"chicles bubblemint sabor fresa menta sin azúcar pack 4 envases 56 g","brand":"ORBIT ","img":"https://sgfm.elcorteingles.es/SGFM/dctm/MEDIA03/201611/15/00120631002084____1__600x600.jpg","price":"1,89 €","price_unit":"(33,75 € / Kilo)","categories":["Supermercado","Desayunos Dulces y pan","Desayunos, dulces y pan","Caramelos, chicles y golosinas","Chicles","ORBIT chicles bubblemint sabor fresa menta sin azúcar pack 4 envases 56 g"],"general_information":["Denominación del alimento: Chicle sin azúcar con edulcorantes y sabor a frutas y menta","Nombre del operador: Wrigley Co SLU","Dirección del operador: Via Augusta 2bis, 3º. Barcelona 08006","Cantidad Neta: 56 g","Otras menciones obligatorias en la etiqueta: Contiene una fuente de fenilalanina. Un consumo excesivo puede tener efectos laxantes. Reconocido por la FDE Fundación Dental Española. Mascar chicle sin azúcar, como Orbit, beneficia tu salud dental porque ayuda a neutralizar los ácidos de la placa. Visita al dentista una vez al año."],"ingredients":[" Edulcorantes xilitol, sorbitol, aspartamo, acesulfamo k, sucralosa; goma base, espesante goma arábiga, humectante glicerina, aromas, emulgente lecitina de soja, colorante E171, agente de recubrimiento cera de carnauba, antioxidante BHA."],"conservation":" Mantener en lugar fresco y seco.","ean":"4009900490160"},{"full_name":"ORBIT Ice chicles en grageas con sabor a menta polar sin azúcar con microgránulos unidad 14 g","name":"Ice chicles en grageas con sabor a menta polar sin azúcar con microgránulos unidad 14 g","brand":"ORBIT ","img":"https://sgfm.elcorteingles.es/SGFM/dctm/MEDIA03/201703/28/00120631002530____1__600x600.jpg","price":"1,29 €","price_unit":"(92,14 € / Kilo)","categories":["Supermercado","Desayunos Dulces y pan","Desayunos, dulces y pan","Caramelos, chicles y golosinas","Chicles","ORBIT Ice chicles en grageas con sabor a menta polar sin azúcar con microgránulos unidad 14 g"],"general_information":[],"ingredients":[],"ean":"0000042306733"},{"full_name":"ORBIT chicles en grageas con sabor a eucalipto sin azúcar 1 unidad","name":"chicles en grageas con sabor a eucalipto sin azúcar  1 unidad","brand":"ORBIT ","img":"https://sgfm.elcorteingles.es/SGFM/dctm/MEDIA03/201703/28/00120631000120____1__600x600.jpg","price":"0,89 €","price_unit":"(0,89 € / Unidad)","categories":["Supermercado","Desayunos Dulces y pan","Desayunos, dulces y pan","Caramelos, chicles y golosinas","Chicles","ORBIT chicles en grageas con sabor a eucalipto sin azúcar 1 unidad"],"general_information":["Denominación del alimento: Chicle sin azucar con edulcorantes y sabor a mentol y eucalipto","Nombre del operador: Wrigley Co SLU","Dirección del operador: Via Augusta 2bis, 3º. Barcelona 08006","Cantidad Neta: 14 g","Otras menciones obligatorias en la etiqueta: Contiene una fuente de fenilalanina. Un consumo excesivo puede tener efectos laxantes. Reconocido por la FDE Fundación Dental Española. Mascar chicle sin azúcar, como Orbit, beneficia tu salud dental porque ayuda a neutralizar los ácidos de la placa. Visita al dentista una vez al año."],"ingredients":[" Edulcorantes isomalt, sorbitol, jarabe de sorbitol, manitol, aspartamo, acesulfamo k; goma base, aromas, espesante goma arábiga, emulgente lecitina de soja, humectante glicerina, colorante E171, agente de recubrimiento cera de carnauba, antioxidante bha, colorantes E133, E160a."],"conservation":" Mantener en lugar fresco y seco.","ean":"0000050173617"},{"full_name":"ORBIT chicles con sabor a hierbabuena sin azúcar 1 unidad","name":"chicles con sabor a hierbabuena sin azúcar  1 unidad","brand":"ORBIT ","img":"https://sgfm.elcorteingles.es/SGFM/dctm/MEDIA03/201703/28/00120631000104____1__600x600.jpg","price":"0,89 €","price_unit":"(0,89 € / Unidad)","categories":["Supermercado","Desayunos Dulces y pan","Desayunos, dulces y pan","Caramelos, chicles y golosinas","Chicles","ORBIT chicles con sabor a hierbabuena sin azúcar 1 unidad"],"general_information":["Denominación del alimento: Chicle sin azúcar con edulcorantes y sabor a menta","Nombre del operador: Wrigley Co SLU","Dirección del operador: Via Augusta 2bis, 3º. Barcelona 08006","Cantidad Neta: 14 g","Otras menciones obligatorias en la etiqueta: Contiene una fuente de fenilalanina. Un consumo excesivo puede tener efectos laxantes. Reconocido por la FDE Fundación Dental Española. Mascar chicle sin azúcar, como Orbit, beneficia tu salud dental porque ayuda a neutralizar los ácidos de la placa. Visita al dentista una vez al año."],"ingredients":[" Edulcorantes xilitol, sorbitol, manitol, aspartamo, acesulfamo k, sucralosa; goma base, humectante glicerina, espesante goma arábiga, aromas, emulgente lecitina de soja, colorante E171, agente de recubrimiento cera de carnauba, antioxidante BHA."],"conservation":" Mantener en lugar fresco y seco.","ean":"0000050173358"},{"full_name":"ORBIT chicle Bubblemint sabor fresa menta sin azúcar 1 unidad","name":"chicle Bubblemint sabor fresa menta sin azúcar  1 unidad","brand":"ORBIT ","img":"https://sgfm.elcorteingles.es/SGFM/dctm/MEDIA03/201703/28/00120631002076____1__600x600.jpg","price":"0,89 €","price_unit":"(890 € / Kilo)","categories":["Supermercado","Desayunos Dulces y pan","Desayunos, dulces y pan","Caramelos, chicles y golosinas","Chicles","ORBIT chicle Bubblemint sabor fresa menta sin azúcar 1 unidad"],"general_information":["Denominación del alimento: Chicle sin azúcar con edulcorantes y sabor a frutas y menta","Nombre del operador: Wrigley Co SLU","Dirección del operador: Via Augusta 2bis, 3º. Barcelona 08006","Cantidad Neta: 14 g","Otras menciones obligatorias en la etiqueta: Contiene una fuente de fenilalanina. Un consumo excesivo puede tener efectos laxantes. Reconocido por la FDE Fundación Dental Española. Mascar chicle sin azúcar, como Orbit, beneficia tu salud dental porque ayuda a neutralizar los ácidos de la placa. Visita al dentista una vez al año."],"ingredients":[" Edulcorantes xilitol, sorbitol, aspartamo, acesulfamo k, sucralosa; goma base, espesante goma arábiga, humectante glicerina, aromas, emulgente lecitina de soja, colorante E171, agente de recubrimiento cera de carnauba, antioxidante BHA."],"conservation":" Mantener en lugar fresco y seco.","ean":"0000042247371"},{"full_name":"ORBIT chicles con sabor a fresa ácida sin azúcar 1 unidad","name":"chicles con sabor a fresa ácida sin azúcar  1 unidad","brand":"ORBIT ","img":"https://sgfm.elcorteingles.es/SGFM/dctm/MEDIA03/201703/28/00120631000112____1__600x600.jpg","price":"0,89 €","price_unit":"(890 € / Kilo)","categories":["Supermercado","Desayunos Dulces y pan","Desayunos, dulces y pan","Caramelos, chicles y golosinas","Chicles","ORBIT chicles con sabor a fresa ácida sin azúcar 1 unidad"],"general_information":["Denominación del alimento: Chicle sin azúcar con edulcorantes y sabor a fresa","Nombre del operador: Wrigley Co SLU","Dirección del operador: Via Augusta 2bis, 3º. Barcelona 08006","Cantidad Neta: 14 g","Otras menciones obligatorias en la etiqueta: Contiene una fuente de fenilalanina. Un consumo excesivo puede tener efectos laxantes. Reconocido por la FDE Fundación Dental Española. Mascar chicle sin azúcar, como Orbit, beneficia tu salud dental porque ayuda a neutralizar los ácidos de la placa. Visita al dentista una vez al año."],"ingredients":[" Edulcorantes xilitol, sorbitol, jarabe de maltitol, manitol, aspartamo, acesulfamo k; goma base, espesante goma arábiga, aromas, acidulante ácido cítrico, emulgente lecitina de soja, humectante glicerina, colorante E171, agente de recubrimiento cera de carnauba, antioxidante BHA."],"conservation":" Mantener en lugar fresco y seco.","ean":"0000050173099"},{"full_name":"ORBIT chicles con sabor a menta sin azúcar 1 unidad","name":"chicles con sabor a menta sin azúcar  1 unidad","brand":"ORBIT ","img":"https://sgfm.elcorteingles.es/SGFM/dctm/MEDIA03/201703/28/00120631000138____1__600x600.jpg","price":"0,89 €","price_unit":"(890 € / Kilo)","categories":["Supermercado","Desayunos Dulces y pan","Desayunos, dulces y pan","Caramelos, chicles y golosinas","Chicles","ORBIT chicles con sabor a menta sin azúcar 1 unidad"],"general_information":["Denominación del alimento: Chicle sin azúcar con edulcorantes y sabor a menta","Nombre del operador: Wrigley Co SLU","Dirección del operador: Via Augusta 2bis, 3º. Barcelona 08006","Cantidad Neta: 14 g","Otras menciones obligatorias en la etiqueta: Contiene una fuente de fenilalanina. Un consumo excesivo puede tener efectos laxantes. Reconocido por la FDE Fundación Dental Española. Mascar chicle sin azúcar, como Orbit, beneficia tu salud dental porque ayuda a neutralizar los ácidos de la placa. Visita al dentista una vez al año."],"ingredients":[" Edulcorantes xilitol, sorbitol, manitol, aspartamo, sal de aspartamo-acesulfamo, acesulfamo k; goma base, espesante goma arábiga, aromas, humectante glicerina, emulgente lecitina de soja, colorante e171, agente de recubrimiento cera de carnauba, antioxidante BHA."],"conservation":" Mantener en lugar fresco y seco.","ean":"0000050173204"},{"full_name":"ORBIT chicles con sabor a menta suave sin azúcar 1 unidad","name":"chicles con sabor a menta suave sin azúcar  1 unidad","brand":"ORBIT ","img":"https://sgfm.elcorteingles.es/SGFM/dctm/MEDIA03/201703/28/00120631000146____1__600x600.jpg","price":"0,89 €","price_unit":"(890 € / Kilo)","categories":["Supermercado","Desayunos Dulces y pan","Desayunos, dulces y pan","Caramelos, chicles y golosinas","Chicles","ORBIT chicles con sabor a menta suave sin azúcar 1 unidad"],"general_information":["Denominación del alimento: Chicle sin azúcar con edulcorantes y sabor a menta","Nombre del operador: Wrigley Co SLU","Dirección del operador: Via Augusta 2bis, 3º. Barcelona 08006","Cantidad Neta: 14 g","Otras menciones obligatorias en la etiqueta: Contiene una fuente de fenilalanina. Un consumo excesivo puede tener efectos laxantes. Reconocido por la FDE Fundación Dental Española. Mascar chicle sin azúcar, como Orbit, beneficia tu salud dental porque ayuda a neutralizar los ácidos de la placa. Visita al dentista una vez al año."],"ingredients":[" Edulcorantes sorbitol, maltitol, jarabe de maltitol, xilitol, aspartamo, acesulfamo k; goma base, espesante goma arábiga, agente de recubrimiento carbonato de calcio, humectante glicerina, aromas, agente de carga fosfato de calcio, emulgente lecitina de soja, colorante E171, corrector de la acidez carbonato ácido de sodio, agente de recubrimiento cera de carnauba, antioxidante bha, colorante E133"],"conservation":" Mantener en lugar fresco y seco.","ean":"0000042070733"},{"full_name":"ORBIT chicles en grageas con sabor a sandía sin azúcar unidad 14 g","name":"chicles en grageas con sabor a sandía sin azúcar unidad 14 g","brand":"ORBIT ","img":"https://sgfm.elcorteingles.es/SGFM/dctm/MEDIA03/201602/25/00120631002506____1__600x600.jpg","price":"1,05 €","price_unit":"(75 € / Kilo)","categories":["Supermercado","Desayunos Dulces y pan","Desayunos, dulces y pan","Caramelos, chicles y golosinas","Chicles","ORBIT chicles en grageas con sabor a sandía sin azúcar unidad 14 g"],"general_information":[],"ingredients":[],"ean":"0000042113270"},{"full_name":"CLIX ONE chicle de fresa sin azúcar 20 unidades bolsa 50 g","name":"chicle de fresa sin azúcar 20 unidades bolsa 50 g","brand":"CLIX ONE ","img":"https://sgfm.elcorteingles.es/SGFM/dctm/MEDIA03/201702/06/00120631002621____1__600x600.jpg","price":"1,05 €","price_unit":"(21 € / Kilo)","categories":["Supermercado","Desayunos Dulces y pan","Desayunos, dulces y pan","Caramelos, chicles y golosinas","Chicles","CLIX ONE chicle de fresa sin azúcar 20 unidades bolsa 50 g"],"general_information":[],"ingredients":[],"ean":"8420886319737"},{"full_name":"CLIX ONE chicle de menta sin azúcar 20 unidades bolsa 50 g","name":"chicle de menta sin azúcar 20 unidades bolsa 50 g","brand":"CLIX ONE ","img":"https://sgfm.elcorteingles.es/SGFM/dctm/MEDIA03/201702/06/00120631002639____1__600x600.jpg","price":"1,05 €","price_unit":"(21 € / Kilo)","categories":["Supermercado","Desayunos Dulces y pan","Desayunos, dulces y pan","Caramelos, chicles y golosinas","Chicles","CLIX ONE chicle de menta sin azúcar 20 unidades bolsa 50 g"],"general_information":[],"ingredients":[],"ean":"8420886319720"},{"full_name":"FISHERMAN'S FRIEND Original extra fuerte chicles pack 3 x 20 g bolsa 60 g","name":"Original extra fuerte chicles pack 3 x 20 g bolsa 60 g","brand":"FISHERMAN'S FRIEND ","img":"https://sgfm.elcorteingles.es/SGFM/dctm/MEDIA03/201708/01/00120631002209____2__600x600.jpg","price":"2,99 €","price_unit":"(49,83 € / Kilo)","categories":["Supermercado","Desayunos Dulces y pan","Desayunos, dulces y pan","Caramelos, chicles y golosinas","Chicles","FISHERMAN'S FRIEND Original extra fuerte chicles pack 3 x 20 g bolsa 60 g"],"general_information":["Denominación del alimento: Caramelos comprimidos","País de origen: España","Nombre del operador: Chupa Chups S.A.U","Dirección del operador: c/ de les Masies, 16 P.I. Sector Serra - 08635 Sant Esteve Sesrovires (Barcelona)","Cantidad Neta: 60 g","Otras menciones obligatorias en la etiqueta: Este producto no se recomienda para niños menores de 5 años de edad."],"ingredients":[" Azúcar, aromas, extracto de regaliz, mentol, aceite de eucalipto, capsicum Tintura, dextrina, espesante: goma tragacanto."],"ean":"5000357104340"},{"full_name":"FISHERMAN'S FRIEND Original extra fuerte chicles sin azúcar pack 3 x 20g bolsa 60 g","name":"Original extra fuerte chicles sin azúcar pack 3 x 20g bolsa 60 g","brand":"FISHERMAN'S FRIEND ","img":"https://sgfm.elcorteingles.es/SGFM/dctm/MEDIA03/201708/01/00120631002217____2__600x600.jpg","price":"2,99 €","price_unit":"(49,83 € / Kilo)","categories":["Supermercado","Desayunos Dulces y pan","Desayunos, dulces y pan","Caramelos, chicles y golosinas","Chicles","FISHERMAN'S FRIEND Original extra fuerte chicles sin azúcar pack 3 x 20g bolsa 60 g"],"general_information":["Denominación del alimento: Caramelos Comprimidos","País de origen: España","Nombre del operador: Chupa Chups S.A.U","Dirección del operador: c/ de les Masies, 16 P.I. Sector Serra - 08635 Sant Esteve Sesrovires (Barcelona)","Cantidad Neta: 60 g","Otras menciones obligatorias en la etiqueta: Contiene Sorbitol (91 g/100g). Un consumo excesivo puede producir efectos laxantes. Este producto no se recomienda para niños menores de 5 años de edad."],"ingredients":[" Edulcorante: sorbitol, aromas: extracto de reagaliz, mentol, aceite de eucalipto, Capsicum Tintura, antiaglomerante: estereato de magnesio."],"ean":"5000357104357"},{"full_name":"DUBBLE BUBBLE bolas de chicle de sabores surtidos con tamaño apto para rellenar máquinas bolsa 90 g 38 unidades","name":"bolas de chicle de sabores surtidos con tamaño apto para rellenar máquinas bolsa 90 g","brand":"DUBBLE BUBBLE ","img":"https://sgfm.elcorteingles.es/SGFM/dctm/MEDIA03/201702/06/00120631002613____1__600x600.jpg","price":"1,05 €","price_unit":"(11,67 € / Kilo)","categories":["Supermercado","Desayunos Dulces y pan","Desayunos, dulces y pan","Caramelos, chicles y golosinas","Chicles","DUBBLE BUBBLE bolas de chicle de sabores surtidos con tamaño apto para rellenar máquinas bolsa 90 g 38 unidades"],"general_information":[],"ingredients":[],"ean":"8420886105606"},{"full_name":"MENTOS chicles sin azúcar Pure Fresh tutti frutti con té verde pack 3 unidades","name":"chicles sin azúcar Pure Fresh tutti frutti con té verde pack  3 unidades","brand":"MENTOS ","img":"https://sgfm.elcorteingles.es/SGFM/dctm/MEDIA03/201710/04/00120631002753____1__600x600.jpg","price":"1,50 €","price_unit":"(31,91 € / Kilo)","categories":["Supermercado","Desayunos Dulces y pan","Desayunos, dulces y pan","Caramelos, chicles y golosinas","Chicles","MENTOS chicles sin azúcar Pure Fresh tutti frutti con té verde pack 3 unidades"],"general_information":["Denominación del alimento: Chicle sabor a frutas","País de origen: Turquía","Nombre del operador: Chupa Chups S.A.U","Dirección del operador: c/ de les Masies, 16 P.I. Sector Serra - 08635 Sant Esteve Sesrovires (Barcelona)","Cantidad Neta: 46.5 g","Otras menciones obligatorias en la etiqueta: Constituye una fuente de fenilalanina. Un consumo excesivo puede producir efectos laxantes."],"ingredients":[" Edulcorantes (xilitol, sorbitol, manitol, jarabe de maltitol, maltitol, aspartamo, acesulfamo K, sucralosa), goma base, almidón, aromas, maltodextrina, emulgentes (sucroésteres de ácidos grasos, lecitina de soja), acidulante (ácido málico), estabilizador (glicerina), espesantes (goma de celulosa, goma arábiga), extracto de té verde (0,1%), agente de recubrimiento (cera carnauba), antioxidante (E321), colorante (carmines)."],"ean":"8410031964721"},{"full_name":"MENTOS chicles sin azúcar Pure Fresh menta fresca con té verde pack 3 unidades","name":"chicles sin azúcar Pure Fresh menta fresca con té verde pack  3 unidades","brand":"MENTOS ","img":"https://sgfm.elcorteingles.es/SGFM/dctm/MEDIA03/201710/04/00120631002746____1__600x600.jpg","price":"1,50 €","price_unit":"(31,91 € / Kilo)","categories":["Supermercado","Desayunos Dulces y pan","Desayunos, dulces y pan","Caramelos, chicles y golosinas","Chicles","MENTOS chicles sin azúcar Pure Fresh menta fresca con té verde pack 3 unidades"],"general_information":["Denominación del alimento: Chicle","País de origen: Turquía","Nombre del operador: Chupa Chups S.A.U","Dirección del operador: c/ de les Masies, 16 P.I. Sector Serra - 08635 Sant Esteve Sesrovires (Barcelona)","Cantidad Neta: 46.5 g","Otras menciones obligatorias en la etiqueta: Constituye una fuente de fenilalanina. Un consumo excesivo puede producir efectos laxantes."],"ingredients":[" Edulcorantes: Xilitol, Sorbitol, Manitol, Jarabe de Maltitol, Maltitol, Aspartamo, Acesulfamo K, Sucralosa - Base de goma - Estabilizadores: Glicerina, Sabores (Natural idéntico y menta artificial), Extracto de té verde (0.1%), Almidón de arroz, Maltodextrina ? Espesantes: Goma arábiga, Goma de xantamo, Goma de celulosa - Emulsionantes: Esteres de sacarosa de ácidos grasos ( E473 ), Lecitina de soja ? Grasas vegetales (Coco) ? Agentes de recubrimiento: Cera de carnauba ? Antioxidantes: E321 ? Colorantes: E133"],"ean":"8410031964707"},{"full_name":"MENTOS Pure Fresh chicles de menta fresca sin azúcar unidad 30 g","name":"Pure Fresh chicles de menta fresca sin azúcar unidad 30 g","brand":"MENTOS ","img":"https://sgfm.elcorteingles.es/SGFM/dctm/MEDIA03/201708/01/00120631001086____1__600x600.jpg","price":"1,75 €","price_unit":"(58,33 € / Kilo)","categories":["Supermercado","Desayunos Dulces y pan","Desayunos, dulces y pan","Caramelos, chicles y golosinas","Chicles","MENTOS Pure Fresh chicles de menta fresca sin azúcar unidad 30 g"],"general_information":["Denominación del alimento: Chicle","País de origen: España","Nombre del operador: Chupa Chups S.A.U.","Dirección del operador: c/ De les Masies, 16 P.I. Sector Serra, 08635 Sant Esteve Sesrovires, Barcelona.","Cantidad Neta: 30 g","Otras menciones obligatorias en la etiqueta: Un consumo excesivo puede producir efectos laxantes. Constituye una fuente de fenilalanina."],"ingredients":[" Edulcorantes (xilitol, sorbitol, manitol, jarabe de maltitol, maltitol, aspartamo, acesulfamo K, sucralosa), goma base, estabilizador (glicerina), aromas, almidón, maltodextrina, emulgentes (sucroésteres de ácidos grasos, lecitina de soja), espesantes (goma de celulosa, goma xantana, goma arábiga), extracto de té verde (0.1%), grasa de coco, agente de recubrimiento (cera carnauba), antioxidante (E321), colorante (azul brillante FCF)."],"ean":"0000080733089"},{"full_name":"MENTOS Pure Fresh chicles de menta verde maxi sin azúcar unidad 30 g","name":"Pure Fresh chicles de menta verde maxi sin azúcar unidad 30 g","brand":"MENTOS ","img":"https://sgfm.elcorteingles.es/SGFM/dctm/MEDIA03/201708/01/00120631001094____1__600x600.jpg","price":"1,75 €","price_unit":"(58,33 € / Kilo)","categories":["Supermercado","Desayunos Dulces y pan","Desayunos, dulces y pan","Caramelos, chicles y golosinas","Chicles","MENTOS Pure Fresh chicles de menta verde maxi sin azúcar unidad 30 g"],"general_information":["Denominación del alimento: Chicle sabor menta","País de origen: España","Nombre del operador: Chupa Chups S.A.U.","Dirección del operador: c/ De les Masies, 16 P.I. Sector Serra, 08635 Sant Esteve Sesrovires, Barcelona.","Cantidad Neta: 30 g","Otras menciones obligatorias en la etiqueta: Un consumo excesivo puede producir efectos laxantes. Constituye una fuente de fenilalanina."],"ingredients":[" Edulcorantes (xilitol, sorbitol, manitol, jarabe de maltitol, aspartamo, acesulfamo K, sucralosa), goma base, estabilizador (glicerina), aromas, almidón, maltodextrina, emulgentes (sucroésteres de ácidos grasos, lecitina de soja), grasa de coco, espesantes (goma de celulosa, goma xantana, goma arábiga), extracto de té verde (0.1%), agente de recubrimiento (cera carnauba), antioxidante (E321), colorantes (azul brillante FCF, curcumina)."],"ean":"0000080733119"},{"full_name":"MENTOS Full Fruit frutas silvestres chicle sin azúcar unidad 30 g","name":"Full Fruit frutas silvestres chicle sin azúcar unidad 30 g","brand":"MENTOS ","img":"https://sgfm.elcorteingles.es/SGFM/dctm/MEDIA03/201708/01/00120631001144____1__600x600.jpg","price":"1,75 €","price_unit":"(58,33 € / Kilo)","categories":["Supermercado","Desayunos Dulces y pan","Desayunos, dulces y pan","Caramelos, chicles y golosinas","Chicles","MENTOS Full Fruit frutas silvestres chicle sin azúcar unidad 30 g"],"general_information":["Denominación del alimento: Chicle","País de origen: España","Nombre del operador: Chupa Chups S.A.U.","Dirección del operador: c/ De les Masies, 16 P.I. Sector Serra, 08635 Sant Esteve Sesrovires, Barcelona.","Cantidad Neta: 30 g","Otras menciones obligatorias en la etiqueta: Un consumo excesivo puede producir efectos laxantes. Constituye una fuente de fenilalanina."],"ingredients":[" Edulcorantes (isomaltosa, manitol, sorbitol, maltitol, jarabe de maltitol, xilitol, aspartamo, acesulfamo K, sucralosa), goma base, estabilizador (glicerina), zumo de frutas (lima, fresa, frambuesa, mora) (3%), aromas, acidulantes (ácido cítrico, ácido málico, ácido tartárico), grasa de coco, espesantes (goma arábiga, goma xantana), agente de recubrimiento (cera carnauba), emulgentes (sucroésteres de ácidos grasos, lecitina de soja), antioxidante (E321), colorantes (carmines, curcumina, azul brillante FCF)."],"ean":"0000080733140"},{"full_name":"BOOMER Maxiroll chicles con sabor a fresa unidad 56 g","name":"Maxiroll chicles con sabor a fresa unidad 56 g","brand":"BOOMER ","img":"https://sgfm.elcorteingles.es/SGFM/dctm/MEDIA03/201705/05/00120631000237____1__600x600.jpg","price":"1,65 €","price_unit":"(29,46 € / Kilo)","categories":["Supermercado","Desayunos Dulces y pan","Desayunos, dulces y pan","Caramelos, chicles y golosinas","Chicles","BOOMER Maxiroll chicles con sabor a fresa unidad 56 g"],"general_information":["Denominación del alimento: Goma de mascar con sabor a fresa","Nombre del operador: Wrigley Co SLU","Dirección del operador: Via Augusta 2bis, 3º. Barcelona 08006","Cantidad Neta: 56 g","Otras menciones obligatorias en la etiqueta: Contiene una fuente de fenilalanina. Un consumo excesivo puede tener efectos laxantes."],"ingredients":[" Azúcar, goma base, jarabe de glucosa, humectante glicerina, almidón de maíz, aromas, acidulante ácido málico, ácido cítrico, emulgente lecitina de soja, potenciadores del sabor aspartamo, acesulfamo K; estabilizante alginato sódico, antioxidante BHA, colorante Beta-Caroteno."],"conservation":" Mantener en lugar fresco y seco.","ean":"4009900397001"},{"full_name":"BOOMER Maxiroll chicles con sabor a cola unidad 56 g","name":"Maxiroll chicles con sabor a cola unidad 56 g","brand":"BOOMER ","img":"https://sgfm.elcorteingles.es/SGFM/dctm/MEDIA03/201705/05/00120631002514____1__600x600.jpg","price":"1,69 €","price_unit":"(30,18 € / Kilo)","categories":["Supermercado","Desayunos Dulces y pan","Desayunos, dulces y pan","Caramelos, chicles y golosinas","Chicles","BOOMER Maxiroll chicles con sabor a cola unidad 56 g"],"general_information":[],"ingredients":[],"ean":"4009900507738"},{"full_name":"MENTOLIN caramelos de menta fresca sabor suave bolsa 200 g","name":"caramelos de menta fresca sabor suave bolsa 200 g","brand":"MENTOLIN ","img":"https://sgfm.elcorteingles.es/SGFM/01/32/2/0120630701322/0120630701322000g01011.jpg","price":"2,95 €","price_unit":"(14,75 € / Kilo)","categories":["Supermercado","Desayunos Dulces y pan","Desayunos, dulces y pan","Caramelos, chicles y golosinas","Caramelos duros","MENTOLIN caramelos de menta fresca sabor suave bolsa 200 g"],"general_information":["Denominación del alimento: CARAMELO DURO.","Nombre del operador: Lacasa España S.A.U.","Dirección del operador: Autovía de Logroño km.14 (50180 Utebo, Zaragoza).","Cantidad Neta: 200 g"],"ingredients":[" Azúcar, jarabe de glucosa, aroma natural de menta, dextrosa y acidulante (ácido cítrico)."],"conservation":" Conservar en un lugar fresco y seco.","ean":"8410246662726"},{"full_name":"MENTOLIN caramelos sabor menta fresca suave sin azúcar bolsa 115 g","name":"caramelos sabor menta fresca suave sin azúcar bolsa 115 g","brand":"MENTOLIN ","img":"https://sgfm.elcorteingles.es/SGFM/00/42/3/0120630700423/0120630700423000g01011.jpg","price":"2,95 €","price_unit":"(29,50 € / Kilo)","categories":["Supermercado","Desayunos Dulces y pan","Desayunos, dulces y pan","Caramelos, chicles y golosinas","Caramelos duros","MENTOLIN caramelos sabor menta fresca suave sin azúcar bolsa 115 g"],"general_information":["Denominación del alimento: CARAMELO DURO SIN AZÚCARES CON EDULCORANTES","Nombre del operador: Lacasa España S.A.U.","Dirección del operador: Autovía de Logroño km.14 (50180 Utebo, Zaragoza).","Cantidad Neta: 115 g"],"ingredients":[" Edulcorantes (isomaltosa, maltitoles, manitol), aroma natural de menta, acidulante (ácido cítrico) y aroma natural de mentol. Un consumo excesivo puede producir efectos laxantes."],"conservation":" Conservar en un lugar fresco y seco.","ean":"8410246662634"},{"full_name":"MENTOLIN caramelos de eucalipto sin azúcar bolsa 115 g","name":"caramelos de eucalipto sin azúcar bolsa 115 g","brand":"MENTOLIN ","img":"https://sgfm.elcorteingles.es/SGFM/01/33/0/0120630701330/0120630701330000g01011.jpg","price":"1,65 €","price_unit":"(16,50 € / Kilo)","categories":["Supermercado","Desayunos Dulces y pan","Desayunos, dulces y pan","Caramelos, chicles y golosinas","Caramelos duros","MENTOLIN caramelos de eucalipto sin azúcar bolsa 115 g"],"general_information":["Denominación del alimento: CARAMELO DURO SIN AZÚCARES CON EDULCORANTES","Nombre del operador: Lacasa España S.A.U.","Dirección del operador: Autovía de Logroño km.14 (50180 Utebo, Zaragoza).","Cantidad Neta: 115 g"],"ingredients":[" Edulcorantes (isomaltosa, maltitoles, aspartamo, acesulfamo-k), aroma natural de eucaliptus, aroma natural de mentol y acidulante (ácido cítrico).\tEl aspartamo contiene una fuente de fenilalanina.Un consumo excesivo puede producir efectos laxant es."],"conservation":" Conservar en un lugar fresco y seco.","ean":"8410246662658"},{"full_name":"MENTOLIN Fresh caramelos sabor naranja-limón sin azúcar bolsa 115 g","name":"Fresh caramelos sabor naranja-limón sin azúcar bolsa 115 g","brand":"MENTOLIN ","img":"https://sgfm.elcorteingles.es/SGFM/02/08/0/0120630702080/0120630702080000g01011.jpg","price":"1,59 €","price_unit":"(15,90 € / Kilo)","categories":["Supermercado","Desayunos Dulces y pan","Desayunos, dulces y pan","Caramelos, chicles y golosinas","Caramelos duros","MENTOLIN Fresh caramelos sabor naranja-limón sin azúcar bolsa 115 g"],"general_information":["Denominación del alimento: SURTIDO DE CARAMELO DURO SIN AZÚCARES CON EDULCORANTES.","Nombre del operador: Lacasa España S.A.U.","Dirección del operador: Autovía de Logroño km.14 (50180 Utebo, Zaragoza).","Cantidad Neta: 100 g"],"ingredients":[" Edulcorantes (isomaltosa, maltitoles, xilitol, aspartamo, acesulfamo-k), acidulante (ácido cítrico), aroma natural de limón, aroma natural de naranja, aroma, colorante (E-100, E-160b).El aspartamo contiene una fuente de fenilalanina. Un consumo excesivo puede producir efectos laxant es."],"conservation":" Conservar en un lugar fresco y seco.","ean":"8410246662054"},{"full_name":"MENTOLIN caramelos sabor fresa-menta sin azúcar bolsa 115 g","name":"caramelos sabor fresa-menta sin azúcar bolsa 115 g","brand":"MENTOLIN ","img":"https://sgfm.elcorteingles.es/SGFM/01/49/6/0120630701496/0120630701496000g01011.jpg","price":"2,25 €","price_unit":"(22,50 € / Kilo)","categories":["Supermercado","Desayunos Dulces y pan","Desayunos, dulces y pan","Caramelos, chicles y golosinas","Caramelos duros","MENTOLIN caramelos sabor fresa-menta sin azúcar bolsa 115 g"],"general_information":["Denominación del alimento: CARAMELO DURO SIN AZÚCARES CON EDULCORANTES.","Nombre del operador: Lacasa España S.A.U.","Dirección del operador: Autovía de Logroño km.14 (50180 Utebo, Zaragoza).","Cantidad Neta: 115 g"],"ingredients":[" Edulcorantes (isomaltosa, maltitoles, aspartamo, acesulfamo-k), acidulante (ácido cítrico), aroma natural de fresa, aroma natural de mentol y colorante (E-120).El aspartamo contiene una fuente de fenilalanina.Un consumo excesivo puede producir efectos laxantes."],"conservation":" Conservar en un lugar fresco y seco.","ean":"8410246662665"},{"full_name":"MENTOLIN caramelos de limón melisa sin azúcar bolsa 115 g","name":"caramelos de limón melisa sin azúcar bolsa 115 g","brand":"MENTOLIN ","img":"https://sgfm.elcorteingles.es/SGFM/01/34/8/0120630701348/0120630701348000g01011.jpg","price":"1,65 €","price_unit":"(16,50 € / Kilo)","categories":["Supermercado","Desayunos Dulces y pan","Desayunos, dulces y pan","Caramelos, chicles y golosinas","Caramelos duros","MENTOLIN caramelos de limón melisa sin azúcar bolsa 115 g"],"general_information":["Denominación del alimento: CARAMELO DURO SIN AZÚCARES CON EDULCORANTES.","Nombre del operador: Lacasa España S.A.U.","Dirección del operador: Autovía de Logroño km.14 (50180 Utebo, Zaragoza).","Cantidad Neta: 115 g"],"ingredients":[" Edulcorantes(isomaltosa, maltitoles, aspartamo y acesulfamo-k), acidulante (ácido cítrico), aroma natural de limón,  aroma natural de mentol, extractos naturales(extracto natural herbal y extracto natural de melisa) y colorante (E-100).El aspartamo contiene una fuente de fenilalanina. Un consumo excesivo puede producir efectos laxantes."],"conservation":" Conservar en un lugar fresco y seco.","ean":"8410246662498"},{"full_name":"HARIBO Mega Roulette bolsa 45 g","name":"Mega Roulette bolsa 45 g","brand":"HARIBO ","img":"https://sgfm.elcorteingles.es/SGFM/dctm/MEDIA03/201703/29/00120630802054____1__600x600.jpg","price":"1,09 €","price_unit":"(24,22 € / Kilo)","categories":["Supermercado","Desayunos Dulces y pan","Desayunos, dulces y pan","Caramelos, chicles y golosinas","Caramelos duros","HARIBO Mega Roulette bolsa 45 g"],"general_information":["Denominación del alimento: CARAMELOS DE GOMA","Nombre del operador: HARIBO España S.A.U.","Dirección del operador: Ctra. Girona-Banyoles, KM 14 17844 Cornellà del Terri","Cantidad Neta: 45 g","Número de raciones por envase: 1"],"ingredients":[" Jarabe de glucosa; azúcar; gelatina; dextrosa; acidulante: ácido cítrico; concentrados de frutas y plantas: cártamo, manzana, espirulina, rábano, limón, boniato, zanahoria, grosella negra, hibisco; aroma; colorante: antocianinas; agentes de recubrimiento: cera de abeja blanca y amarilla, cera de carnauba; jarabe de azúcar invertido."],"conservation":" Mantener en lugar fresco y seco.","ean":"4001686372586"},{"full_name":"HALLS Fresh Flavour Mix caramelos sabor eucalipto, hierbabuena y extrafuerte bote 93 g","name":"Fresh Flavour Mix caramelos sabor eucalipto, hierbabuena y extrafuerte bote 93 g","brand":"HALLS ","img":"https://sgfm.elcorteingles.es/SGFM/dctm/MEDIA03/201707/14/00120630702510____1__600x600.jpg","price":"3,59 €","price_unit":"(38,60 € / Kilo)","categories":["Supermercado","Desayunos Dulces y pan","Desayunos, dulces y pan","Caramelos, chicles y golosinas","Caramelos duros","HALLS Fresh Flavour Mix caramelos sabor eucalipto, hierbabuena y extrafuerte bote 93 g"],"general_information":["Denominación del alimento: Caramelos sin azúcar con edulcorantes. Surtido de sabores: mentol y eucalipto, mentol extra fuerte y eucalipto, y hierbabuena.","País de origen: Francia","Nombre del operador: Mondelez España Commercial, S.L.","Dirección del operador: C/Eucalipto, 25  - 28016 Madrid,  España","Cantidad Neta: 93 g"],"ingredients":[" Ingredientes: edulcorantes (isomaltosa, aspartamo, acesulfamo K, sucralosa), mentol, acidulantes (E270, E330), aceite de eucalipto, aromas, colorantes (E140, E133), correctores de acidez (E325, E332). Un consumo excesivo puede producir efectos laxantes. Contiene una fuente de fenilalanina."],"ean":"7622210729323"},{"full_name":"SMINT caramelos duros sin azúcar fresa ácida formato ahorro pack 3 unidades envase 24 g","name":"caramelos duros sin azúcar fresa ácida formato ahorro pack 3 unidades envase 24 g","brand":"SMINT ","img":"https://sgfm.elcorteingles.es/SGFM/dctm/MEDIA02/CONTENIDOS/201505/08/00120630702122____1__600x600.jpg","price":"2,85 €","price_unit":"(118,75 € / Kilo)","categories":["Supermercado","Desayunos Dulces y pan","Desayunos, dulces y pan","Caramelos, chicles y golosinas","Caramelos duros","SMINT caramelos duros sin azúcar fresa ácida formato ahorro pack 3 unidades envase 24 g"],"general_information":["Denominación del alimento: Caramelos comprimidos sabor a fresa y fresa ácida, con edulcorantes.","País de origen: España","Nombre del operador: Chupa Chups S.A.U","Dirección del operador: c/ de les Masies, 16 P.I. Sector Serra - 08635 Sant Esteve Sesrovires (Barcelona)","Cantidad Neta: 24 g","Otras menciones obligatorias en la etiqueta: Contiene una fuente de fenilalanina. Un consumo excesivo puede producir efectos laxantes."],"ingredients":[" Edulcorantes (sorbitol, aspartamo, acesulfamo K, sucralosa), acidulantes (ácido málico, ácido cítrico), aromas, aceite totalmente hidrogenado de girasol, antiaglomerante (sales magnésicas de ácidos grasos), colorante (carmines)."],"ean":"8410031952490"},{"full_name":"SMINT caramelos duros sin azúcar sabor menta formato ahorro pack 3 unidades envase 24 g","name":"caramelos duros sin azúcar sabor menta formato ahorro pack 3 unidades envase 24 g","brand":"SMINT ","img":"https://sgfm.elcorteingles.es/SGFM/dctm/MEDIA02/CONTENIDOS/201505/08/00120630701801____1__600x600.jpg","price":"2,85 €","price_unit":"(118,75 € / Kilo)","categories":["Supermercado","Desayunos Dulces y pan","Desayunos, dulces y pan","Caramelos, chicles y golosinas","Caramelos duros","SMINT caramelos duros sin azúcar sabor menta formato ahorro pack 3 unidades envase 24 g"],"general_information":["Denominación del alimento: Caramelos comprimidos sin azúcar con edulcorantes. Con zinc añadido.","País de origen: España","Nombre del operador: Chupa Chups S.A.U","Dirección del operador: c/ de les Masies, 16 P.I. Sector Serra - 08635 Sant Esteve Sesrovires (Barcelona)","Cantidad Neta: 24 g","Otras menciones obligatorias en la etiqueta: Contiene una fuente de fenilalanina. Un consumo excesivo puede producir efectos laxantes."],"ingredients":[" Edulcorantes (xilitol (87%), aspartamo), aromas, antiaglomerante (monoglicéridos y diglicéridos de ácidos grasos)."],"ean":"8410031952506"},{"full_name":"SMINT caramelos duros sin azúcar sabor menta suave  formato ahorro pack 3 unidades envase 24 g","name":"caramelos duros sin azúcar sabor menta suave  formato ahorro pack 3 unidades envase 24 g","brand":"SMINT ","img":"https://sgfm.elcorteingles.es/SGFM/dctm/MEDIA02/CONTENIDOS/201505/08/00120630701819____1__600x600.jpg","price":"2,85 €","price_unit":"(118,75 € / Kilo)","categories":["Supermercado","Desayunos Dulces y pan","Desayunos, dulces y pan","Caramelos, chicles y golosinas","Caramelos duros","SMINT caramelos duros sin azúcar sabor menta suave  formato ahorro pack 3 unidades envase 24 g"],"general_information":["Denominación del alimento: Caramelos comprimidos sin azúcar con edulcorantes.","País de origen: España","Nombre del operador: Chupa Chups S.A.U","Dirección del operador: c/ de les Masies, 16 P.I. Sector Serra - 08635 Sant Esteve Sesrovires (Barcelona)","Cantidad Neta: 24 g","Otras menciones obligatorias en la etiqueta: Contiene una fuente de fenilalanina. Un consumo excesivo puede producir efectos laxantes."],"ingredients":[" Edulcorantes (xilitol (91%), aspartamo), aromas, antiaglomerante (monoglicéridos y diglicéridos de ácidos grasos)."],"ean":"8410031952513"},{"full_name":"SMINT caramelos duros sin azúcar sabor frutas silvestres formato ahorro pack 3 unidades envase 24 g","name":"caramelos duros sin azúcar sabor frutas silvestres formato ahorro pack 3 unidades envase 24 g","brand":"SMINT ","img":"https://sgfm.elcorteingles.es/SGFM/dctm/MEDIA02/CONTENIDOS/201505/08/00120630701827____1__600x600.jpg","price":"2,85 €","price_unit":"(118,75 € / Kilo)","categories":["Supermercado","Desayunos Dulces y pan","Desayunos, dulces y pan","Caramelos, chicles y golosinas","Caramelos duros","SMINT caramelos duros sin azúcar sabor frutas silvestres formato ahorro pack 3 unidades envase 24 g"],"general_information":["Denominación del alimento: Caramelos comprimidos sabor a frutas silvestres, con edulcorantes.","País de origen: Turquía","Nombre del operador: Chupa Chups S.A.U","Dirección del operador: c/ de les Masies, 16 P.I. Sector Serra - 08635 Sant Esteve Sesrovires (Barcelona)","Cantidad Neta: 24 g","Otras menciones obligatorias en la etiqueta: Contiene una fuente de fenilalanina. Un consumo excesivo puede producir efectos laxantes."],"ingredients":[" Edulcorantes (sorbitol, aspartamo, sucralosa, acesulfamo K), acidulantes (ácido cítrico, ácido málico), aroma, antiaglomerante (sales magnésicas de ácidos grasos), aceite totalmente hidrogenado de girasol, colorante (carmines)."],"ean":"8410031965261"},{"full_name":"SMINT caramelos duros sin azúcar sabor frutos rojos formato ahorro pack 2 unidades envase 00070 g","name":"caramelos duros sin azúcar sabor frutos rojos formato ahorro pack 2 unidades envase 00070 g","brand":"SMINT ","img":"https://sgfm.elcorteingles.es/SGFM/dctm/MEDIA03/201707/12/00120630702551____1__600x600.jpg","price":"2,99 €","price_unit":"(42,71 € / Kilo)","categories":["Supermercado","Desayunos Dulces y pan","Desayunos, dulces y pan","Caramelos, chicles y golosinas","Caramelos duros","SMINT caramelos duros sin azúcar sabor frutos rojos formato ahorro pack 2 unidades envase 00070 g"],"general_information":["Denominación del alimento: Caramelos comprimidos sabor a frutos rojos, con edulcorantes. Con vitamina C añadida.","País de origen: Turquía","Nombre del operador: Chupa Chups S.A.U","Dirección del operador: c/ de les Masies, 16 P.I. Sector Serra - 08635 Sant Esteve Sesrovires (Barcelona)","Cantidad Neta: 70 g","Otras menciones obligatorias en la etiqueta: Contiene una fuente de fenilalanina. Un consumo excesivo puede producir efectos laxantes."],"ingredients":[" Edulcorantes (sorbitol, sucralosa, acesulfamo K), acidulantes (ácido málico, ácido cítrico, ácido tartárico), aroma, antiaglomerante (sales magnésicas de ácidos grasos), aceite totalmente hidrogenado de girasol, vitamina C, colorantes (carmines, azul brillante FCF)."],"ean":"8410031961799"},{"full_name":"SMINT Clean Breath caramelos duros sin azúcar sabor menta formato ahorro pack 2 unidades envase 00084 g","name":"Clean Breath caramelos duros sin azúcar sabor menta formato ahorro pack 2 unidades envase 00084 g","brand":"SMINT ","img":"https://sgfm.elcorteingles.es/SGFM/dctm/MEDIA03/201707/12/00120630702544____1__600x600.jpg","price":"3,85 €","price_unit":"(45,83 € / Kilo)","categories":["Supermercado","Desayunos Dulces y pan","Desayunos, dulces y pan","Caramelos, chicles y golosinas","Caramelos duros","SMINT Clean Breath caramelos duros sin azúcar sabor menta formato ahorro pack 2 unidades envase 00084 g"],"general_information":["Denominación del alimento: Caramelos comprimidos sin azúcar con edulcorantes. Con zinc añadido.","País de origen: Países Bajos","Nombre del operador: PVM Benelux","Dirección del operador: P.O. Box 3000, 4800 DA Breda, Holland","Cantidad Neta: 70 g","Otras menciones obligatorias en la etiqueta: Contiene una fuente de fenilalanina. Un consumo excesivo puede producir efectos laxantes."],"ingredients":[" Edulcorantes (sorbitol, aspartamo, sucralosa), aromas, antiaglomerante (sales magnésicas de ácidos grasos), extracto de corteza de magnolia (0,12%), lactato de zinc, colorantes (riboflavina, azul brillante FCF)."],"ean":"8410031963311"},{"full_name":"SMINT caramelo duros sin azúcar sabor fresa formato ahorro pack 2 x 50 unidades envase 70 g","name":"caramelo duros sin azúcar sabor fresa formato ahorro pack 2 x 50 unidades envase 70 g","brand":"SMINT ","img":"https://sgfm.elcorteingles.es/SGFM/01/93/4/0120630701934/0120630701934000g01011.jpg","price":"2,99 €","price_unit":"(42,71 € / Kilo)","categories":["Supermercado","Desayunos Dulces y pan","Desayunos, dulces y pan","Caramelos, chicles y golosinas","Caramelos duros","SMINT caramelo duros sin azúcar sabor fresa formato ahorro pack 2 x 50 unidades envase 70 g"],"general_information":["Denominación del alimento: Caramelos comprimidos, con edulcorantes.","País de origen: Turquía","Nombre del operador: Chupa Chups S.A.U","Dirección del operador: c/ de les Masies, 16 P.I. Sector Serra - 08635 Sant Esteve Sesrovires (Barcelona)","Cantidad Neta: 70 g","Otras menciones obligatorias en la etiqueta: Contiene una fuente de fenilalanina. Un consumo excesivo puede producir efectos laxantes."],"ingredients":[" Edulcorantes (sorbitol, aspartamo, sucralosa, acesulfamo K), acidulantes (ácido málico, ácido cítrico, ácido tartárico), aromas, antiaglomerante (sales magnésicas de ácidos grasos), aceite totalmente hidrogenado de girasol, colorante (carmines)."],"ean":"8410031953817"},{"full_name":"SMINT caramelo duros sin azúcar sabor peppermint formato ahorro pack 2 x 50 unidades bolsa 70 g","name":"caramelo duros sin azúcar sabor peppermint formato ahorro pack 2 x 50 unidades bolsa 70 g","brand":"SMINT ","img":"https://sgfm.elcorteingles.es/SGFM/01/94/2/0120630701942/0120630701942000g01011.jpg","price":"2,99 €","price_unit":"(42,71 € / Kilo)","categories":["Supermercado","Desayunos Dulces y pan","Desayunos, dulces y pan","Caramelos, chicles y golosinas","Caramelos duros","SMINT caramelo duros sin azúcar sabor peppermint formato ahorro pack 2 x 50 unidades bolsa 70 g"],"general_information":["Denominación del alimento: Caramelos comprimidos sin azúcar, con edulcorantes.","País de origen: Turquía","Nombre del operador: Chupa Chups S.A.U","Dirección del operador: c/ de les Masies, 16 P.I. Sector Serra - 08635 Sant Esteve Sesrovires (Barcelona)","Cantidad Neta: 70 g","Otras menciones obligatorias en la etiqueta: Contiene una fuente de fenilalanina. Un consumo excesivo puede producir efectos laxantes."],"ingredients":[" Edulcorantes (sorbitol, aspartamo, sucralosa, acesulfamo K), aromas, antiaglomerante (sales magnésicas de ácidos grasos), colorante (azul brillante FCF)."],"ean":"8410031953831"},{"full_name":"SMINT caramelo duros sin azúcar sabor eucalipto balsámico formato ahorro pack 2 x 50 unidades bolsa 70 g","name":"caramelo duros sin azúcar sabor eucalipto balsámico formato ahorro pack 2 x 50 unidades bolsa 70 g","brand":"SMINT ","img":"https://sgfm.elcorteingles.es/SGFM/dctm/MEDIA02/CONTENIDOS/201505/08/00120630701959____1__600x600.jpg","price":"2,99 €","price_unit":"(42,71 € / Kilo)","categories":["Supermercado","Desayunos Dulces y pan","Desayunos, dulces y pan","Caramelos, chicles y golosinas","Caramelos duros","SMINT caramelo duros sin azúcar sabor eucalipto balsámico formato ahorro pack 2 x 50 unidades bolsa 70 g"],"general_information":["Denominación del alimento: Caramelos comprimidos con edulcorantes.","País de origen: Turquía","Nombre del operador: Chupa Chups S.A.U","Dirección del operador: c/ de les Masies, 16 P.I. Sector Serra - 08635 Sant Esteve Sesrovires (Barcelona)","Cantidad Neta: 70 g","Otras menciones obligatorias en la etiqueta: Un consumo excesivo puede producir efectos laxantes."],"ingredients":[" Edulcorantes (sorbitol, acesulfamo K, sucralosa), Aromas, Antiaglomerante (sales magnésicas de ácidos grasos), Colorantes (riboflavina, azul brillante FCF)."],"ean":"8410031953862"},{"full_name":"SMINT caramelos duros sin azúcar sabor limón con vitamina C pack 2x50 unidades bolsa 70 g","name":"caramelos duros sin azúcar sabor limón con vitamina C pack 2x50 unidades bolsa 70 g","brand":"SMINT ","img":"https://sgfm.elcorteingles.es/SGFM//02/21/9/0200230702219/0200230702219000g01011.jpg","price":"2,99 €","price_unit":"(42,71 € / Kilo)","categories":["Supermercado","Desayunos Dulces y pan","Desayunos, dulces y pan","Caramelos, chicles y golosinas","Caramelos duros","SMINT caramelos duros sin azúcar sabor limón con vitamina C pack 2x50 unidades bolsa 70 g"],"general_information":["Denominación del alimento: Caramelos comprimidos sabor limón, con edulcorantes. Con vitamina C añadida.","País de origen: Turquía","Nombre del operador: Chupa Chups S.A.U","Dirección del operador: c/ de les Masies, 16 P.I. Sector Serra - 08635 Sant Esteve Sesrovires (Barcelona)","Cantidad Neta: 70 g","Otras menciones obligatorias en la etiqueta: Un consumo excesivo puede producir efectos laxantes."],"ingredients":[" Edulcorantes (sorbitol, acesulfamo K, sucralosa), acidulantes (ácido cítrico, ácido tartárico), aroma, antiaglomerante (sales magnésicas de ácidos grasos), aceite totalmente hidrogenado de girasol, vitamina C, colorante (riboflavina)."],"ean":"8410031956566"},{"full_name":"SMINT caramelos sabor frutos rojos sin azúcar lata 35 g","name":"caramelos sabor frutos rojos sin azúcar lata 35 g","brand":"SMINT ","img":"https://sgfm.elcorteingles.es/SGFM/dctm/MEDIA03/201611/15/00120630702478____1__600x600.jpg","price":"1,99 €","price_unit":"(56,86 € / Kilo)","categories":["Supermercado","Desayunos Dulces y pan","Desayunos, dulces y pan","Caramelos, chicles y golosinas","Caramelos duros","SMINT caramelos sabor frutos rojos sin azúcar lata 35 g"],"general_information":["Denominación del alimento: Caramelos comprimidos sabor a frutos rojos, con edulcorantes. Con vitamina C añadida.","País de origen: Turquía","Nombre del operador: Chupa Chups S.A.U","Dirección del operador: c/ de les Masies, 16 P.I. Sector Serra - 08635 Sant Esteve Sesrovires (Barcelona)","Cantidad Neta: 35 g","Otras menciones obligatorias en la etiqueta: Un consumo excesivo puede producir efectos laxantes."],"ingredients":[" Edulcorantes (sorbitol, sucralosa, acesulfamo K), acidulantes (ácido málico, ácido cítrico, ácido tartárico), aroma, antiaglomerante (sales magnésicas de ácidos grasos), aceite totalmente hidrogenado de girasol, vitamina C, colorantes (carmines, azul brillante FCF)."],"ean":"0000080814801"},{"full_name":"SMINT Clean Breath caramelos de menta sin azúcar 2x50 unidades 84 g","name":"Clean Breath caramelos de menta sin azúcar 2x50 unidades 84 g","brand":"SMINT ","img":"https://sgfm.elcorteingles.es/SGFM/dctm/MEDIA03/201707/12/00120630702536____1__600x600.jpg","price":"3,85 €","price_unit":"(45,83 € / Kilo)","categories":["Supermercado","Desayunos Dulces y pan","Desayunos, dulces y pan","Caramelos, chicles y golosinas","Caramelos duros","SMINT Clean Breath caramelos de menta sin azúcar 2x50 unidades 84 g"],"general_information":["Denominación del alimento: Caramelos comprimidos sin azúcar con edulcorantes. Con zinc añadido.","País de origen: Países Bajos","Nombre del operador: PVM Benelux","Dirección del operador: P.O. Box 3000, 4800 DA Breda, Holland","Cantidad Neta: 70 g","Otras menciones obligatorias en la etiqueta: Contiene una fuente de fenilalanina. Un consumo excesivo puede producir efectos laxantes."],"ingredients":[" Edulcorantes (sorbitol, aspartamo, acesulfamo K, sucralosa, neotamo), aromas, antiaglomerante (sales magnésicas de ácidos grasos), extracto de corteza de magnolia (0,12%), lactato de zinc, colorante (azul brillante FCF)."],"ean":"8410031963304"},{"full_name":"SMINT caramelos duros sin azúcar sabor menta lata 35 g","name":"caramelos duros sin azúcar sabor menta lata 35 g","brand":"SMINT ","img":"https://sgfm.elcorteingles.es/SGFM/dctm/MEDIA02/CONTENIDOS/201507/08/00200230700551____1__600x600.jpg","price":"1,99 €","price_unit":"(16,58 € / Kilo)","categories":["Supermercado","Desayunos Dulces y pan","Desayunos, dulces y pan","Caramelos, chicles y golosinas","Caramelos duros","SMINT caramelos duros sin azúcar sabor menta lata 35 g"],"general_information":["Denominación del alimento: Caramelos comprimidos, con edulcorantes.","País de origen: Turquía","Nombre del operador: Chupa Chups S.A.U","Dirección del operador: c/ de les Masies, 16 P.I. Sector Serra - 08635 Sant Esteve Sesrovires (Barcelona)","Cantidad Neta: 35 g","Otras menciones obligatorias en la etiqueta: Contiene una fuente de fenilalanina. Un consumo excesivo puede producir efectos laxantes."],"ingredients":[" Edulcorantes (sorbitol, aspartamo, sucralosa, acesulfamo K), aromas, antiaglomerante (sales magnésicas de ácidos grasos), colorante (azul brillante FCF)."],"ean":"8410031945737"},{"full_name":"SMINT caramelos duros sin azúcar sabor fresa lata 35 g","name":"caramelos duros sin azúcar sabor fresa lata 35 g","brand":"SMINT ","img":"https://sgfm.elcorteingles.es/SGFM/02/03/1/0120630702031/0120630702031000g01011.jpg","price":"1,99 €","price_unit":"(117,06 € / Kilo)","categories":["Supermercado","Desayunos Dulces y pan","Desayunos, dulces y pan","Caramelos, chicles y golosinas","Caramelos duros","SMINT caramelos duros sin azúcar sabor fresa lata 35 g"],"general_information":["Denominación del alimento: Caramelos comprimidos, con edulcorantes.","País de origen: Turquía","Nombre del operador: Chupa Chups S.A.U","Dirección del operador: c/ de les Masies, 16 P.I. Sector Serra - 08635 Sant Esteve Sesrovires (Barcelona)","Cantidad Neta: 35 g","Otras menciones obligatorias en la etiqueta: Contiene una fuente de fenilalanina. Un consumo excesivo puede producir efectos laxantes."],"ingredients":[" Edulcorantes (sorbitol, aspartamo, sucralosa, acesulfamo K), acidulantes (ácido málico, ácido cítrico, ácido tartárico), aromas, antiaglomerante (sales magnésicas de ácidos grasos), aceite totalmente hidrogenado de girasol, colorante (carmines)."],"ean":"8410031948745"},{"full_name":"SMINT caramelos duros balsámicos sin azúcar sabor eucalipto lata 35 g","name":"caramelos duros balsámicos sin azúcar sabor eucalipto lata 35 g","brand":"SMINT ","img":"https://sgfm.elcorteingles.es/SGFM/02/02/3/0120630702023/0120630702023000g01011.jpg","price":"1,99 €","price_unit":"(56,86 € / Kilo)","categories":["Supermercado","Desayunos Dulces y pan","Desayunos, dulces y pan","Caramelos, chicles y golosinas","Caramelos duros","SMINT caramelos duros balsámicos sin azúcar sabor eucalipto lata 35 g"],"general_information":["Denominación del alimento: Caramelos comprimidos con edulcorantes.","País de origen: Turquía","Nombre del operador: Chupa Chups S.A.U","Dirección del operador: c/ de les Masies, 16 P.I. Sector Serra - 08635 Sant Esteve Sesrovires (Barcelona)","Cantidad Neta: 35 g","Otras menciones obligatorias en la etiqueta: Contiene una fuente de fenilalanina. Un consumo excesivo puede producir efectos laxantes."],"ingredients":[" Edulcorantes (sorbitol, acesulfamo K, sucralosa), Aromas, Antiaglomerante (sales magnésicas de ácidos grasos), Colorantes (riboflavina, azul brillante FCF)."],"ean":"8410031953763"},{"full_name":"SMINT caramelos duros balsámicos sin azúcar sabor limón lata 35 g","name":"caramelos duros balsámicos sin azúcar sabor limón lata 35 g","brand":"SMINT ","img":"https://sgfm.elcorteingles.es/SGFM/dctm/MEDIA02/CONTENIDOS/201504/29/00120630702221____1__600x600.jpg","price":"1,99 €","price_unit":"(56,86 € / Kilo)","categories":["Supermercado","Desayunos Dulces y pan","Desayunos, dulces y pan","Caramelos, chicles y golosinas","Caramelos duros","SMINT caramelos duros balsámicos sin azúcar sabor limón lata 35 g"],"general_information":["Denominación del alimento: Caramelos comprimidos sabor limón, con edulcorantes. Con vitamina C añadida.","País de origen: Turquía","Nombre del operador: Chupa Chups S.A.U","Dirección del operador: c/ de les Masies, 16 P.I. Sector Serra - 08635 Sant Esteve Sesrovires (Barcelona)","Cantidad Neta: 35 g","Otras menciones obligatorias en la etiqueta: Un consumo excesivo puede producir efectos laxantes."],"ingredients":[" Edulcorantes (sorbitol, acesulfamo K, sucralosa), acidulantes (ácido cítrico, ácido tartárico), aromas, antiaglomerante (sales magnésicas de ácidos grasos), aceite totalmente hidrogenada de girasol, vitamina C, colorante (riboflavina)."],"ean":"0000084198242"},{"full_name":"SMINT caramelos duros sin azúcar sabor hierbabuena lata 35 g","name":"caramelos duros sin azúcar sabor hierbabuena lata 35 g","brand":"SMINT ","img":"https://sgfm.elcorteingles.es/SGFM/02/04/9/0120630702049/0120630702049000g01011.jpg","price":"1,99 €","price_unit":"(16,58 € / Kilo)","categories":["Supermercado","Desayunos Dulces y pan","Desayunos, dulces y pan","Caramelos, chicles y golosinas","Caramelos duros","SMINT caramelos duros sin azúcar sabor hierbabuena lata 35 g"],"general_information":["Denominación del alimento: Caramelos comprimidos, con edulcorantes.","País de origen: España","Nombre del operador: Chupa Chups S.A.U.","Dirección del operador: Polígono Sector Serra, c/Les Masies Nº16, 08635 Sant Esteve Sesrovires (BARCELONA), España","Cantidad Neta: 35 g","Otras menciones obligatorias en la etiqueta: es: Un consumo excesivo puede producir efectos laxantes. Constituye una fuente de fenilalanina."],"ingredients":[" es: Ingredientes: edulcorantes (sorbitol, aspartamo), aromas, antiaglomerante (sales magnésicas de ácidos grasos), colorantes (riboflavina, azul brillante FCF)."],"ean":"8410031945744"},{"full_name":"SMINT caramelos duros menta suave sin azúcar con xilitol estuche 8 g","name":"caramelos duros menta suave sin azúcar con xilitol estuche 8 g","brand":"SMINT ","img":"https://sgfm.elcorteingles.es/SGFM/dctm/MEDIA02/CONTENIDOS/201510/14/00120630700134____1__600x600.jpg","price":"1,65 €","price_unit":"(206,25 € / Kilo)","categories":["Supermercado","Desayunos Dulces y pan","Desayunos, dulces y pan","Caramelos, chicles y golosinas","Caramelos duros","SMINT caramelos duros menta suave sin azúcar con xilitol estuche 8 g"],"general_information":["Denominación del alimento: Caramelos comprimidos sin azúcar con edulcorantes.","País de origen: España","Nombre del operador: Chupa Chups S.A.U","Dirección del operador: c/ de les Masies, 16 P.I. Sector Serra - 08635 Sant Esteve Sesrovires (Barcelona)","Cantidad Neta: 8 g","Otras menciones obligatorias en la etiqueta: Contiene una fuente de fenilalanina. Un consumo excesivo puede producir efectos laxantes."],"ingredients":[" Edulcorantes (xilitol (91%), aspartamo), aromas, antiaglomerante (monoglicéridos y diglicéridos de ácidos grasos)."],"ean":"0000084158833"},{"full_name":"SMINT caramelos duros menta suave sin azúcar estuche 8 g","name":"caramelos duros menta suave sin azúcar estuche 8 g","brand":"SMINT ","img":"https://sgfm.elcorteingles.es/SGFM/dctm/MEDIA02/CONTENIDOS/201510/23/00200230700296____1__600x600.jpg","price":"1,65 €","price_unit":"(206,25 € / Kilo)","categories":["Supermercado","Desayunos Dulces y pan","Desayunos, dulces y pan","Caramelos, chicles y golosinas","Caramelos duros","SMINT caramelos duros menta suave sin azúcar estuche 8 g"],"general_information":["Denominación del alimento: Caramelos comprimidos sin azúcar con edulcorantes.","País de origen: España","Nombre del operador: Chupa Chups S.A.U","Dirección del operador: c/ de les Masies, 16 P.I. Sector Serra - 08635 Sant Esteve Sesrovires (Barcelona)","Cantidad Neta: 8 g","Otras menciones obligatorias en la etiqueta: Contiene una fuente de fenilalanina. Un consumo excesivo puede producir efectos laxantes."],"ingredients":[" Edulcorantes (xilitol (87%), aspartamo), aromas, antiaglomerante (monoglicéridos y diglicéridos de ácidos grasos)."],"ean":"0000084155634"},{"full_name":"SMINT caramelos duros sabor a frutas silvestres sin azúcar estuche 8 g","name":"caramelos duros sabor a frutas silvestres sin azúcar estuche 8 g","brand":"SMINT ","img":"https://sgfm.elcorteingles.es/SGFM/dctm/MEDIA02/CONTENIDOS/201510/23/00200230500878____1__600x600.jpg","price":"1,65 €","price_unit":"(206,25 € / Kilo)","categories":["Supermercado","Desayunos Dulces y pan","Desayunos, dulces y pan","Caramelos, chicles y golosinas","Caramelos duros","SMINT caramelos duros sabor a frutas silvestres sin azúcar estuche 8 g"],"general_information":["Denominación del alimento: Caramelos comprimidos sabor a frutas silvestres, con edulcorantes.","País de origen: Turquía","Nombre del operador: Chupa Chups S.A.U","Dirección del operador: c/ de les Masies, 16 P.I. Sector Serra - 08635 Sant Esteve Sesrovires (Barcelona)","Cantidad Neta: 8 g","Otras menciones obligatorias en la etiqueta: Contiene una fuente de fenilalanina. Un consumo excesivo puede producir efectos laxantes."],"ingredients":[" Edulcorantes (sorbitol, aspartamo, sucralosa, acesulfamo K), acidulantes (ácido cítrico, ácido málico), aroma, antiaglomerante (sales magnésicas de ácidos grasos), aceite totalmente hidrogenado de girasol, colorante (carmines)."],"ean":"0000084199485"},{"full_name":"SMINT caramelos duros sabor a fresa ácida sin azúcar unidad 8 g","name":"caramelos duros sabor a fresa ácida sin azúcar unidad 8 g","brand":"SMINT ","img":"https://sgfm.elcorteingles.es/SGFM/dctm/MEDIA03/201703/31/00120630700878____1__600x600.jpg","price":"1,65 €","price_unit":"(206,25 € / Kilo)","categories":["Supermercado","Desayunos Dulces y pan","Desayunos, dulces y pan","Caramelos, chicles y golosinas","Caramelos duros","SMINT caramelos duros sabor a fresa ácida sin azúcar unidad 8 g"],"general_information":["Denominación del alimento: Caramelos comprimidos sabor a fresa y fresa ácida, con edulcorantes.","País de origen: España","Nombre del operador: Chupa Chups S.A.U","Dirección del operador: c/ de les Masies, 16 P.I. Sector Serra - 08635 Sant Esteve Sesrovires (Barcelona)","Cantidad Neta: 8 g","Otras menciones obligatorias en la etiqueta: Contiene una fuente de fenilalanina. Un consumo excesivo puede producir efectos laxantes."],"ingredients":[" Edulcorantes (sorbitol, aspartamo, acesulfamo K, sucralosa), acidulantes (ácido málico, ácido cítrico), aromas, aceite totalmente hidrogenado de girasol, antiaglomerante (sales magnésicas de ácidos grasos), colorante (carmines)."],"ean":"0000084197795"},{"full_name":"CHUPA CHUPS Mega Chups con mini caramelos duros con palo envase 10 unidades","name":"Mega Chups con mini caramelos duros con palo envase 10 unidades","brand":"CHUPA CHUPS ","img":"https://sgfm.elcorteingles.es/SGFM//00/97/1/0120630500971/0120630500971000g01011.jpg","price":"14,55 €","categories":["Supermercado","Desayunos Dulces y pan","Desayunos, dulces y pan","Caramelos, chicles y golosinas","Caramelos duros","CHUPA CHUPS Mega Chups con mini caramelos duros con palo envase 10 unidades"],"general_information":["Denominación del alimento: Caramelo duro con palo","País de origen: España","Nombre del operador: Chupa Chups S.A.U","Dirección del operador: c/ de les Masies, 16 P.I. Sector Serra - 08635 Sant Esteve Sesrovires (Barcelona)","Cantidad Neta: 120 g"],"ingredients":[" Azúcar, jarabe de glucosa, puré de fruta (3%) (manzana, cereza, frambuesa, piña, lima, limón, fresa, melocotón, plátano, naranja, mora, arándano, mango, sandía, kiwi), acidulantes (ácido láctico, ácido málico, ácido cítrico), aromas, colorantes (E100, E160c, E162)."],"ean":"8410031944358"},{"full_name":"CHUPA CHUPS Mini caramelos duros con palo de sabores surtidos sin gluten bolsa 20 unidades","name":"Mini caramelos duros con palo de sabores surtidos sin gluten bolsa 20 unidades","brand":"CHUPA CHUPS ","img":"https://sgfm.elcorteingles.es/SGFM/dctm/MEDIA03/201708/01/00120630501177____2__600x600.jpg","price":"1,85 €","price_unit":"(15,42 € / Kilo)","categories":["Supermercado","Desayunos Dulces y pan","Desayunos, dulces y pan","Caramelos, chicles y golosinas","Caramelos duros","CHUPA CHUPS Mini caramelos duros con palo de sabores surtidos sin gluten bolsa 20 unidades"],"general_information":["Denominación del alimento: Caramelo duro con palo","País de origen: España","Nombre del operador: Chupa Chups S.A.U","Dirección del operador: c/ de les Masies, 16 P.I. Sector Serra - 08635 Sant Esteve Sesrovires (Barcelona)","Cantidad Neta: 120 g"],"ingredients":[" Sabores fresa, manzana, naranja y cereza: azúcar, jarabe de glucosa, puré de fruta (3%) (manzana, cereza, frambuesa, piña, lima, limón, fresa, melocotón, plátano, naranja, mora, arándano, mango, sandía, kiwi), acidulantes (ácido láctico, ácido málico, ácido cítrico), aromas, colorantes (E100, E160c, E162). Ingredientes sabor cola: azúcar, jarabe de glucosa, acidulantes (ácido láctico, ácido málico, ácido cítrico), aromas, colorante (E150d)."],"ean":"8410031956337"},{"full_name":"CHUPA CHUPS caramelos duros con palo de sabores surtidos sin azúcar bolsa 6 unidades","name":"caramelos duros con palo de sabores surtidos sin azúcar bolsa 6 unidades","brand":"CHUPA CHUPS ","img":"https://sgfm.elcorteingles.es/SGFM/dctm/MEDIA03/201708/01/00120630500716____1__600x600.jpg","price":"1,78 €","price_unit":"(0,30 € / Unidad)","categories":["Supermercado","Desayunos Dulces y pan","Desayunos, dulces y pan","Caramelos, chicles y golosinas","Caramelos duros","CHUPA CHUPS caramelos duros con palo de sabores surtidos sin azúcar bolsa 6 unidades"],"general_information":["Denominación del alimento: Caramelo duro con palo","País de origen: España","Nombre del operador: Chupa Chups S.A.U","Dirección del operador: c/ de les Masies, 16 P.I. Sector Serra - 08635 Sant Esteve Sesrovires (Barcelona)","Cantidad Neta: 66 g","Otras menciones obligatorias en la etiqueta: Un consumo excesivo puede producir efectos laxantes."],"ingredients":[" Sabores frutales ingredientes: edulcorantes (isomaltosa, jarabe de maltitol, acesulfamo K, sucralosa), acidulantes (ácido málico, ácido cítrico), puré de fruta (1%) (manzana, cereza, frambuesa, piña, lima, limón, fresa, melocotón, plátano, naranja, mora, arándano, mango, sandía, kiwi), aromas, colorante (carmines). Ingredientes sabor cola: edulcorantes (isomaltosa, jarabe de maltitol, acesulfamo K, sucralosa), acidulantes (ácido málico, ácido cítrico), aromas, colorante (caramelo de sulfito amónico)."],"ean":"8410031944839"},{"full_name":"CHUPA CHUPS Bubble Gum caramelos duros con palo sabor cereza rellenos de chicle sin gluten bolsa 7 unidades","name":"Bubble Gum caramelos duros con palo sabor cereza rellenos de chicle sin gluten bolsa 7 unidades","brand":"CHUPA CHUPS ","img":"https://sgfm.elcorteingles.es/SGFM/dctm/MEDIA03/201605/20/00120630702387____1__600x600.jpg","price":"1,99 €","price_unit":"(15,79 € / Kilo)","categories":["Supermercado","Desayunos Dulces y pan","Desayunos, dulces y pan","Caramelos, chicles y golosinas","Caramelos duros","CHUPA CHUPS Bubble Gum caramelos duros con palo sabor cereza rellenos de chicle sin gluten bolsa 7 unidades"],"general_information":["Denominación del alimento: Caramelo duro relleno de chicle, con palo.","País de origen: España","Nombre del operador: Chupa Chups S.A.U","Dirección del operador: c/ de les Masies, 16 P.I. Sector Serra - 08635 Sant Esteve Sesrovires (Barcelona)","Cantidad Neta: 126 g"],"ingredients":[" Azúcar, jarabe de glucosa, goma base, ácidos (ácido cítrico, ácido málico), aromas, manteca de coco, emulgente (lecitina de soja), colorante (E120)."],"ean":"8410031961782"},{"full_name":"CHUPA CHUPS caramelos duros con palo de sabor tropical 6 unidades bolsa 90 g","name":"caramelos duros con palo de sabor tropical 6 unidades bolsa 90 g","brand":"CHUPA CHUPS ","img":"https://sgfm.elcorteingles.es/SGFM/dctm/MEDIA03/201707/12/00120630501714____1__600x600.jpg","price":"2,05 €","price_unit":"(22,78 € / Kilo)","categories":["Supermercado","Desayunos Dulces y pan","Desayunos, dulces y pan","Caramelos, chicles y golosinas","Caramelos duros","CHUPA CHUPS caramelos duros con palo de sabor tropical 6 unidades bolsa 90 g"],"general_information":["Denominación del alimento: Caramelo sabor a fruta tropical.","País de origen: China","Nombre del operador: Chupa Chups S.A.U","Dirección del operador: c/ de les Masies, 16 P.I. Sector Serra - 08635 Sant Esteve Sesrovires (Barcelona)","Cantidad Neta: 90 g"],"ingredients":[" Azúcar, jarabe de glucosa, acidulantes (ácido láctico, ácido cítrico, ácido málico), reguladores de la acidez (carbonatos de sodio, citratos de sodio), aroma, colorante (curcumina)."],"ean":"6921211112839"},{"full_name":"CHUPA CHUPS Melody Pops caramelos duros con palo sabor fresa envase 4 unidades","name":"Melody Pops caramelos duros con palo sabor fresa envase 4 unidades","brand":"CHUPA CHUPS ","img":"https://sgfm.elcorteingles.es/SGFM/dctm/MEDIA02/CONTENIDOS/201410/15/00120630501193____1__600x600.jpg","price":"1,79 €","price_unit":"(29,83 € / Kilo)","categories":["Supermercado","Desayunos Dulces y pan","Desayunos, dulces y pan","Caramelos, chicles y golosinas","Caramelos duros","CHUPA CHUPS Melody Pops caramelos duros con palo sabor fresa envase 4 unidades"],"general_information":["Denominación del alimento: Caramelo duro con palo","País de origen: España","Nombre del operador: Chupa Chups S.A.U","Dirección del operador: c/ de les Masies, 16 P.I. Sector Serra - 08635 Sant Esteve Sesrovires (Barcelona)","Cantidad Neta: 60 g"],"ingredients":[" Azúcar, jarabe de glucosa, acidulantes (ácido láctico, ácido málico, ácido cítrico), aromas, colorante (E162). Puede contener trazas de leche."],"ean":"8410031934892"},{"full_name":"CHUPA CHUPS The Best of Milky caramelos duros con palo surtidos bolsa 10 unidades","name":"The Best of Milky caramelos duros con palo surtidos bolsa 10 unidades","brand":"CHUPA CHUPS ","img":"https://sgfm.elcorteingles.es/SGFM//00/76/5/0120630500765/0120630500765000g01011.jpg","price":"1,45 €","price_unit":"(0,01 € / Unidad)","categories":["Supermercado","Desayunos Dulces y pan","Desayunos, dulces y pan","Caramelos, chicles y golosinas","Caramelos duros","CHUPA CHUPS The Best of Milky caramelos duros con palo surtidos bolsa 10 unidades"],"general_information":["Denominación del alimento: Caramelo duro con palo","País de origen: España","Nombre del operador: Chupa Chups S.A.U","Dirección del operador: c/ de les Masies, 16 P.I. Sector Serra - 08635 Sant Esteve Sesrovires (Barcelona)","Cantidad Neta: 120 g"],"ingredients":[" Ingredientes sabores fresa, manzana, naranja y cereza : azúcar, jarabe de glucosa, puré de fruta (3%) (manzana, cereza, frambuesa, piña, lima, limón, fresa, melocotón, plátano, naranja, mora, arándano, mango, sandía, kiwi), acidulantes (ácido láctico, ácido málico, ácido cítrico), aromas, colorantes (E100, E160c, E162). Ingredientes sabor cola: azúcar, jarabe de glucosa, acidulantes (ácido láctico, ácido málico, ácido cítrico), aromas, colorante (E150d). Ingredientes sabor fresa-nata: azúcar, jarabe de glucosa, lactosuero en polvo, puré de fruta (3%) (manzana, cereza, frambuesa, piña, lima, limón, fresa, melocotón, plátano, naranja, mora, arándano, mango, sandía, kiwi), leche entera en polvo (2%), manteca de cacao, colorante (E162), aromas."],"ean":"8410031132519"},{"full_name":"SOLANO sabor tradicional caramelos sin azúcar y sin gluten 33 unidades bolsa 99 g","name":"sabor tradicional caramelos sin azúcar y sin gluten 33 unidades bolsa 99 g","brand":"SOLANO ","img":"https://sgfm.elcorteingles.es/SGFM/dctm/MEDIA03/201707/07/00120630501680____1__600x600.jpg","price":"1,99 €","price_unit":"(20,10 € / Kilo)","categories":["Supermercado","Desayunos Dulces y pan","Desayunos, dulces y pan","Caramelos, chicles y golosinas","Caramelos duros","SOLANO sabor tradicional caramelos sin azúcar y sin gluten 33 unidades bolsa 99 g"],"general_information":["Denominación del alimento: Caramelo duro sin azúcar con edulcorantes sabor crema","Nombre del operador: Wrigley Co SLU","Dirección del operador: Via Augusta 2bis, 3º. Barcelona 08006","Cantidad Neta: 99 g","Peso neto escurrido: 99 g","Otras menciones obligatorias en la etiqueta: Contiene una fuente de fenilalalina. Un consumo excesivo puede producir efectos laxantes."],"ingredients":[" Edulcorantes jarabe de malitol, isomalt, acesulfamo K, sacarina sódica, mantequilla, nata 9%, sal, aromas, emulgente lecitina de soja, emulgente E471, corrector de la acidez bicarbonato de sodio."],"conservation":" Mantener en lugar fresco y seco.","ean":"4043041010443"},{"full_name":"SOLANO caramelos de café espresso sin azúcar y sin gluten 33 unidades bolsa 99 g","name":"caramelos de café espresso sin azúcar y sin gluten 33 unidades bolsa 99 g","brand":"SOLANO ","img":"https://sgfm.elcorteingles.es/SGFM/dctm/MEDIA03/201707/07/00120630501698____1__600x600.jpg","price":"1,99 €","price_unit":"(20,10 € / Kilo)","categories":["Supermercado","Desayunos Dulces y pan","Desayunos, dulces y pan","Caramelos, chicles y golosinas","Caramelos duros","SOLANO caramelos de café espresso sin azúcar y sin gluten 33 unidades bolsa 99 g"],"general_information":["Denominación del alimento: Caramelo duro sin azúcar con edulcorantes sabor cafe","Nombre del operador: Wrigley Co SLU","Dirección del operador: Via Augusta 2bis, 3º. Barcelona 08008","Cantidad Neta: 99 g","Peso neto escurrido: 99 g","Otras menciones obligatorias en la etiqueta: Contiene una fuente de fenilalalina. Un consumo excesivo puede producir efectos laxantes."],"ingredients":[" Edulcorante jarabe de malitol, isomalt, nata(de la leche)(8,3%), extracto de café (4,5%), mantequilla (de la leche), aromas,emulgente lecitina de soja"],"conservation":" Mantener en lugar fresco y seco.","ean":"4043041010467"},{"full_name":"SOLANO caramelos sabor fresas con nata sin azúcar y sin gluten 33 unidades bolsa 99 g","name":"caramelos sabor fresas con nata sin azúcar y sin gluten 33 unidades bolsa 99 g","brand":"SOLANO ","img":"https://sgfm.elcorteingles.es/SGFM/dctm/MEDIA03/201707/07/00120630501706____1__600x600.jpg","price":"1,99 €","price_unit":"(20,10 € / Kilo)","categories":["Supermercado","Desayunos Dulces y pan","Desayunos, dulces y pan","Caramelos, chicles y golosinas","Caramelos duros","SOLANO caramelos sabor fresas con nata sin azúcar y sin gluten 33 unidades bolsa 99 g"],"general_information":["Denominación del alimento: Caramelo duro sin azúcar con edulcorantes sabor fresa-nata","Nombre del operador: Wrigley Co SLU","Dirección del operador: Via Augusta 2bis, 3º. Barcelona 08007","Cantidad Neta: 99 g","Peso neto escurrido: 99 g","Otras menciones obligatorias en la etiqueta: Contiene una fuente de fenilalalina. Un consumo excesivo puede producir efectos laxantes."],"ingredients":[" Edulcorantes, jarabe de maltitol, isomalt, acesulfamo K, sacarina sódica, nata 7,5%, mantequilla, acidulante ácido láctico, colorante E171, aromas, sal, emulgente E471, colorante E163, emulgente lecitina de soja."],"conservation":" Mantener en lugar fresco y seco.","ean":"4043041010481"},{"full_name":"VIRGINIAS caramelos doble surtido bolsa 140 g","name":"caramelos doble surtido bolsa 140 g","brand":"VIRGINIAS ","img":"https://sgfm.elcorteingles.es/SGFM//00/80/7/0120630500807/0120630500807000g01011.jpg","price":"4,89 €","price_unit":"(34,93 € / Kilo)","categories":["Supermercado","Desayunos Dulces y pan","Desayunos, dulces y pan","Caramelos, chicles y golosinas","Caramelos duros","VIRGINIAS caramelos doble surtido bolsa 140 g"],"general_information":["Denominación del alimento: Surtido de caramelos de dos piezas con sabor a frutas","Nombre del operador: Industrias Rodríguez, S.A.","Dirección del operador: Paseo Sunyer, nº 8, 43202 Reus (Tarragona)","Cantidad Neta: 160 g"],"ingredients":[" Azúcar, jarabe de glucosa, acidulante (ácido cítrico), aromas  y colorantes según sabor (E-100, E-120, E-160c). Puede contener trazas de  huevo, soja y frutos de cáscara"],"conservation":" Mantener en lugar fresco y seco.","ean":"8410196023608"},{"full_name":"VIRGINIAS cítrico 0% caramelos sabor naranja y limón sin azúcar bolsa 100 g","name":"cítrico 0% caramelos sabor naranja y limón sin azúcar bolsa 100 g","brand":"VIRGINIAS ","img":"https://sgfm.elcorteingles.es/SGFM//00/78/1/0120630500781/0120630500781000g01011.jpg","price":"1,99 €","price_unit":"(19,90 € / Kilo)","categories":["Supermercado","Desayunos Dulces y pan","Desayunos, dulces y pan","Caramelos, chicles y golosinas","Caramelos duros","VIRGINIAS cítrico 0% caramelos sabor naranja y limón sin azúcar bolsa 100 g"],"general_information":["Denominación del alimento: Caramelos sin azúcares sabor naranja y limón. Con edulcorante","Nombre del operador: Industrias Rodríguez, S.A.","Dirección del operador: Paseo Sunyer, nº 8, 43202 Reus (Tarragona)","Cantidad Neta: 95 g","Otras menciones obligatorias en la etiqueta: Un consumo excesivo puede producir efectos laxantes."],"ingredients":[" Edulcorante (jarabe de maltitol), acidulante (ácido cítrico), aromas, colorantes según sabor (E-100, E-160c). Puede contener trazas de huevo, soja, leche y frutos de cáscara"],"conservation":" Mantener en lugar fresco y seco.","ean":"8410196023530"},{"full_name":"MIGUELAÑEZ caramelos duros de violetas en caja de polvera envase 80 g","name":"caramelos duros de violetas en caja de polvera envase 80 g","brand":"MIGUELAÑEZ ","img":"https://sgfm.elcorteingles.es/SGFM/dctm/MEDIA03/201708/07/00120630501755____1__600x600.jpg","price":"1,69 €","price_unit":"(21,12 € / Kilo)","categories":["Supermercado","Desayunos Dulces y pan","Desayunos, dulces y pan","Caramelos, chicles y golosinas","Caramelos duros","MIGUELAÑEZ caramelos duros de violetas en caja de polvera envase 80 g"],"general_information":[],"ingredients":[],"ean":"8411823510553"},{"full_name":"WERTHER'S ORIGINAL caramelo clásico de mantequilla y nata fresca bolsa 300 g","name":"caramelo clásico de mantequilla y nata fresca bolsa 300 g","brand":"WERTHER'S ORIGINAL ","img":"https://sgfm.elcorteingles.es/SGFM/dctm/MEDIA03/201603/07/00120630500732____1__600x600.jpg","price":"3,49 €","price_unit":"(11,63 € / Kilo)","categories":["Supermercado","Desayunos Dulces y pan","Desayunos, dulces y pan","Caramelos, chicles y golosinas","Caramelos duros","WERTHER'S ORIGINAL caramelo clásico de mantequilla y nata fresca bolsa 300 g"],"general_information":["Denominación del alimento: Caramelos de mantequilla y nata","Nombre del operador: Storck Iberica S.L.U.","Dirección del operador: Ctra. Real 340, n.° 122-A, 5.a Planta 08960 Sant Just Desvern (Barcelona)","Cantidad Neta: 300 g"],"ingredients":[" Azúcar, jarabe de glucosa, nata (7%), suero lácteo dulce concentrado, mantequilla (4,5%), melaza de caña, sal, mantequilla concentrada, emulgente: lecitina (soja), aroma."],"conservation":" ¡Proteger del calor y de la humedad!","ean":"0000040144108"},{"full_name":"WERTHER'S ORIGINAL caramelo clásico de mantequilla y nata fresca bolsa 135 g","name":"caramelo clásico de mantequilla y nata fresca bolsa 135 g","brand":"WERTHER'S ORIGINAL ","img":"https://sgfm.elcorteingles.es/SGFM/dctm/MEDIA03/201603/07/00200230500944____1__600x600.jpg","price":"1,59 €","price_unit":"(11,78 € / Kilo)","categories":["Supermercado","Desayunos Dulces y pan","Desayunos, dulces y pan","Caramelos, chicles y golosinas","Caramelos duros","WERTHER'S ORIGINAL caramelo clásico de mantequilla y nata fresca bolsa 135 g"],"general_information":["Denominación del alimento: Caramelos de mantequilla y nata","Nombre del operador: Storck Iberica S.L.U.","Dirección del operador: Ctra. Real 340, n.° 122-A, 5.a Planta 08960 Sant Just Desvern (Barcelona)","Cantidad Neta: 135 g"],"ingredients":[" Azúcar, jarabe de glucosa, nata (7%), suero lácteo dulce concentrado, mantequilla (4,5 %), melaza de caña, sal, mantequilla concentrada, emulgente: lecitina (soja), aroma."],"conservation":" ¡Proteger del calor y de la humedad!","ean":"4014400910063"},{"full_name":"WERTHER'S ORIGINAL caramelos clásicos de mantequilla y nata sin azúcar bolsa 90 g","name":"caramelos clásicos de mantequilla y nata sin azúcar bolsa 90 g","brand":"WERTHER'S ORIGINAL ","img":"https://sgfm.elcorteingles.es/SGFM/dctm/MEDIA03/201603/07/00200230500951____1__600x600.jpg","price":"1,75 €","price_unit":"(19,44 € / Kilo)","categories":["Supermercado","Desayunos Dulces y pan","Desayunos, dulces y pan","Caramelos, chicles y golosinas","Caramelos duros","WERTHER'S ORIGINAL caramelos clásicos de mantequilla y nata sin azúcar bolsa 90 g"],"general_information":["Denominación del alimento: Caramelos de mantequilla y nata sin azúcar con edulcorantes","Nombre del operador: Storck Iberica S.L.U.","Dirección del operador: Ctra. Real 340, n.° 122-A, 5.a Planta 08960 Sant Just Desvern (Barcelona)","Cantidad Neta: 90 g","Otras menciones obligatorias en la etiqueta: Un consumo excesivo puede tener efectos laxantes"],"ingredients":[" Edulcorante isomalt, mantequilla (7,9%), nata (7%), sal, aromas, emulgente: lecitina (soja), edulcorante acesulfamo potásico."],"conservation":" ¡Proteger del calor y de la humedad!","ean":"4014400910049"},{"full_name":"WERTHER'S ORIGINAL caramelos clásicos de crema café sin azúcar bolsa 90 g","name":"caramelos clásicos de crema café sin azúcar bolsa 90 g","brand":"WERTHER'S ORIGINAL ","img":"https://sgfm.elcorteingles.es/SGFM/dctm/MEDIA03/201603/07/00200230501074____1__600x600.jpg","price":"1,75 €","price_unit":"(19,44 € / Kilo)","categories":["Supermercado","Desayunos Dulces y pan","Desayunos, dulces y pan","Caramelos, chicles y golosinas","Caramelos duros","WERTHER'S ORIGINAL caramelos clásicos de crema café sin azúcar bolsa 90 g"],"general_information":["Denominación del alimento: Caramelos de nata con sabor a cappuccino con edulcorantes","Nombre del operador: Storck Iberica S.L.U.","Dirección del operador: Ctra. Real 340, n.° 122-A, 5.a Planta 08960 Sant Just Desvern (Barcelona)","Cantidad Neta: 90 g","Otras menciones obligatorias en la etiqueta: Un consumo excesivo puede tener efectos laxantes."],"ingredients":[" Edulcorante isomalt, mantequilla (5,4 %), nata (4,8 %), aromas, sal, colorante: caramelo amónico, extracto de café, emulgente: lecitina (soja), edulcorante acesulfamo potásico."],"conservation":" ¡Proteger del calor y de la humedad!","ean":"4014400911312"},{"full_name":"WERTHER'S ORIGINAL caramelos clásicos de chocolate sin azúcar bolsa 60 g","name":"caramelos clásicos de chocolate sin azúcar bolsa 60 g","brand":"WERTHER'S ORIGINAL ","img":"https://sgfm.elcorteingles.es/SGFM/dctm/MEDIA03/201612/15/00120630501540____1__600x600.jpg","price":"1,45 €","price_unit":"(24,17 € / Kilo)","categories":["Supermercado","Desayunos Dulces y pan","Desayunos, dulces y pan","Caramelos, chicles y golosinas","Caramelos duros","WERTHER'S ORIGINAL caramelos clásicos de chocolate sin azúcar bolsa 60 g"],"general_information":[],"ingredients":[],"ean":"4014400920840"},{"full_name":"TIC TAC Gru caramelos de plátano y mandarina ed. limitada envase 49 g","name":"Gru caramelos de plátano y mandarina ed. limitada envase 49 g","brand":"TIC TAC ","img":"https://sgfm.elcorteingles.es/SGFM/dctm/MEDIA03/201703/16/00120630702494____1__600x600.jpg","price":"1,00 €","price_unit":"(20,41 € / Kilo)","categories":["Supermercado","Desayunos Dulces y pan","Desayunos, dulces y pan","Caramelos, chicles y golosinas","Caramelos duros","TIC TAC Gru caramelos de plátano y mandarina ed. limitada envase 49 g"],"general_information":["Denominación del alimento: Pastillas con sabor a plátano y mandarina","Nombre del operador: Ferrero Ibérica, S.A.","Dirección del operador: WTC Almeda Park, Edificio 2 - 08940 Cornellà de Llobregat (Barcelona)","Cantidad Neta: 49 g"],"ingredients":[" Azúcar, maltodextrinas, espesante (goma arábiga), almidón de arroz, acidificantes (ácido tartárico, ácido cítrico), aromas, plátano en polvo, zumo de mandarina en polvo, antioxidante (ácido ascórbico), agente de recubrimiento (goma laca, cera carnauba), colorantes (E100, E160 a, E153)."],"conservation":" Conservar en lugar fresco y seco","ean":"8000500251478"},{"full_name":"TIC TAC caramelos de menta 37 grageas caja 18 g","name":"caramelos de menta 37 grageas caja 18 g","brand":"TIC TAC ","img":"https://sgfm.elcorteingles.es/SGFM/dctm/MEDIA02/CONTENIDOS/201506/15/00120630701967____1__600x600.jpg","price":"1,10 €","price_unit":"(61,11 € / Kilo)","categories":["Supermercado","Desayunos Dulces y pan","Desayunos, dulces y pan","Caramelos, chicles y golosinas","Caramelos duros","TIC TAC caramelos de menta 37 grageas caja 18 g"],"general_information":["Denominación del alimento: Pastillas con sabor a menta y vainilla","Nombre del operador: Ferrero Ibérica, S.A.","Dirección del operador: WTC Almeda Park, Edificio 2 - 08940 Cornellà de Llobregat (Barcelona)","Cantidad Neta: 18 g"],"ingredients":[" Azúcar, maltodextrina, fructosa, espesante (goma arábiga), almidón de arroz, aromas, aceite esencial de menta, agente de recubrimiento (cera carnauba)."],"conservation":" Conservar en lugar fresco y seco","ean":"0000040084633"},{"full_name":"TIC TAC caramelos de menta intensa 37 grageas caja 18 g","name":"caramelos de menta intensa 37 grageas caja 18 g","brand":"TIC TAC ","img":"https://sgfm.elcorteingles.es/SGFM/dctm/CONTENIDOS/201512/15/00120630702361____1__600x600.jpg","price":"1,10 €","price_unit":"(61,11 € / Kilo)","categories":["Supermercado","Desayunos Dulces y pan","Desayunos, dulces y pan","Caramelos, chicles y golosinas","Caramelos duros","TIC TAC caramelos de menta intensa 37 grageas caja 18 g"],"general_information":["Denominación del alimento: Pastillas a la menta intensa","Nombre del operador: Ferrero Ibérica, S.A.","Dirección del operador: WTC Almeda Park, Edificio 2 - 08940 Cornellà de Llobregat (Barcelona)","Cantidad Neta: 18 g"],"ingredients":[" Azúcar, maltodextrina, aromas, espesante (goma arábiga), fructosa, almidón de arroz, extracto de espirulina, aceite esencial de menta, agente de recubrimiento (cera carnauba), colorante: E163."],"conservation":" Conservar en lugar fresco y seco","ean":"0000080310624"},{"full_name":"TIC TAC Fresa Mix caramelos de fresa 37 grageas caja 18 g","name":"Fresa Mix caramelos de fresa 37 grageas caja 18 g","brand":"TIC TAC ","img":"https://sgfm.elcorteingles.es/SGFM/dctm/MEDIA03/201708/01/00120630701983____2__600x600.jpg","price":"1,10 €","price_unit":"(61,11 € / Kilo)","categories":["Supermercado","Desayunos Dulces y pan","Desayunos, dulces y pan","Caramelos, chicles y golosinas","Caramelos duros","TIC TAC Fresa Mix caramelos de fresa 37 grageas caja 18 g"],"general_information":["Denominación del alimento: Pastillas con sabor a fresa","Nombre del operador: Ferrero Ibérica, S.A.","Dirección del operador: WTC Almeda Park, Edificio 2 - 08940 Cornellà de Llobregat (Barcelona)","Cantidad Neta: 18 g"],"ingredients":[" Azúcar, maltodextrina, acidificantes (ácido tartárico, ácido málico, ácido cítrico),  espesante (goma arábiga), almidón de arroz, fructosa, aromas, fresa en polvo, colorante (E 162), zumo de limón en polvo,  agente de recubrimiento (cera carnauba)."],"conservation":" Conservar en lugar fresco y seco","ean":"0000080800019"},{"full_name":"TIC TAC Cherry Passion caramelos de cereza y fruta de la pasión 37 grageas caja 18 g","name":"Cherry Passion caramelos de cereza y fruta de la pasión 37 grageas caja 18 g","brand":"TIC TAC ","img":"https://sgfm.elcorteingles.es/SGFM/dctm/MEDIA03/201708/01/00120630701991____2__600x600.jpg","price":"1,10 €","price_unit":"(61,11 € / Kilo)","categories":["Supermercado","Desayunos Dulces y pan","Desayunos, dulces y pan","Caramelos, chicles y golosinas","Caramelos duros","TIC TAC Cherry Passion caramelos de cereza y fruta de la pasión 37 grageas caja 18 g"],"general_information":["Denominación del alimento: Pastillas con sabor a cereza y fruta de la pasión","Nombre del operador: Ferrero Ibérica, S.A.","Dirección del operador: WTC Almeda Park, Edificio 2 - 08940 Cornellà de Llobregat (Barcelona)","Cantidad Neta: 18 g"],"ingredients":[" Azúcar, maltodextrina, acidificantes (ácido tartárico, ácido málico, ácido cítrico), almidón de arroz, espesante (goma arábiga), aromas, zumo de fruta de la pasión en polvo, colorantes (E 100, E 120, E160 a), agente de recubrimiento (cera carnauba)."],"conservation":" Conservar en lugar fresco y seco","ean":"0000080756422"},{"full_name":"FIESTA piruleta de cereza con forma de corazón 7 unidades bolsa 91 g","name":"piruleta de cereza con forma de corazón 7 unidades bolsa 91 g","brand":"FIESTA ","img":"https://sgfm.elcorteingles.es/SGFM/dctm/MEDIA03/201607/27/00120630501490____1__600x600.jpg","price":"1,29 €","price_unit":"(14,18 € / Kilo)","categories":["Supermercado","Desayunos Dulces y pan","Desayunos, dulces y pan","Caramelos, chicles y golosinas","Caramelos duros","FIESTA piruleta de cereza con forma de corazón 7 unidades bolsa 91 g"],"general_information":[],"ingredients":[],"ean":"8411402261241"},{"full_name":"BE4 caramelo de menta y té verde fresh con vitamina C bolsa 65 g","name":"caramelo de menta y té verde fresh con vitamina C bolsa 65 g","brand":"BE4 ","img":"https://sgfm.elcorteingles.es/SGFM/dctm/MEDIA03/201708/07/00120630702569____1__600x600.jpg","price":"2,35 €","price_unit":"(36,15 € / Kilo)","categories":["Supermercado","Desayunos Dulces y pan","Desayunos, dulces y pan","Caramelos, chicles y golosinas","Caramelos duros","BE4 caramelo de menta y té verde fresh con vitamina C bolsa 65 g"],"general_information":[],"ingredients":[],"ean":"8412968410012"},{"full_name":"BE4 caramelo de fresa y guayaba antiox con vitamina C bolsa 65 g","name":"caramelo de fresa y guayaba antiox con vitamina C bolsa 65 g","brand":"BE4 ","img":"https://sgfm.elcorteingles.es/SGFM/dctm/MEDIA03/201708/07/00120630702577____1__600x600.jpg","price":"2,35 €","price_unit":"(36,15 € / Kilo)","categories":["Supermercado","Desayunos Dulces y pan","Desayunos, dulces y pan","Caramelos, chicles y golosinas","Caramelos duros","BE4 caramelo de fresa y guayaba antiox con vitamina C bolsa 65 g"],"general_information":[],"ingredients":[],"ean":"8412968410029"},{"full_name":"BE4 caramelo de manzana y uva detox con vitamina C bolsa 65 g","name":"caramelo de manzana y uva detox con vitamina C bolsa 65 g","brand":"BE4 ","img":"https://sgfm.elcorteingles.es/SGFM/dctm/MEDIA03/201708/07/00120630702585____1__600x600.jpg","price":"2,35 €","price_unit":"(36,15 € / Kilo)","categories":["Supermercado","Desayunos Dulces y pan","Desayunos, dulces y pan","Caramelos, chicles y golosinas","Caramelos duros","BE4 caramelo de manzana y uva detox con vitamina C bolsa 65 g"],"general_information":[],"ingredients":[],"ean":"8412968410036"},{"full_name":"BE4 caramelo de naranja y maracuya energy con vitamina C bolsa 65 g","name":"caramelo de naranja y maracuya energy con vitamina C bolsa 65 g","brand":"BE4 ","img":"https://sgfm.elcorteingles.es/SGFM/dctm/MEDIA03/201708/07/00120630702593____1__600x600.jpg","price":"2,35 €","price_unit":"(36,15 € / Kilo)","categories":["Supermercado","Desayunos Dulces y pan","Desayunos, dulces y pan","Caramelos, chicles y golosinas","Caramelos duros","BE4 caramelo de naranja y maracuya energy con vitamina C bolsa 65 g"],"general_information":[],"ingredients":[],"ean":"8412968410043"},{"full_name":"BE4 caramelos citrus con vitamina C bolsa 65 g","name":"caramelos citrus con vitamina C bolsa 65 g","brand":"BE4 ","img":"https://sgfm.elcorteingles.es/SGFM/dctm/MEDIA03/201708/22/00200230702698____1__600x600.jpg","price":"2,35 €","price_unit":"(36,15 € / Kilo)","categories":["Supermercado","Desayunos Dulces y pan","Desayunos, dulces y pan","Caramelos, chicles y golosinas","Caramelos duros","BE4 caramelos citrus con vitamina C bolsa 65 g"],"general_information":[],"ingredients":[],"ean":"8412968410098"},{"full_name":"EL AVION Sintox caramelo balsámico de menta bolsa 150 g","name":"Sintox caramelo balsámico de menta bolsa 150 g","brand":"EL AVION ","img":"https://sgfm.elcorteingles.es/SGFM/dctm/MEDIA03/201707/07/00120630702528____1__600x600.jpg","price":"1,00 €","price_unit":"(6,67 € / Kilo)","categories":["Supermercado","Desayunos Dulces y pan","Desayunos, dulces y pan","Caramelos, chicles y golosinas","Caramelos duros","EL AVION Sintox caramelo balsámico de menta bolsa 150 g"],"general_information":[],"ingredients":[],"ean":"8410245200189"},{"full_name":"MENTOS caramelos sabor frutas envase 38 g","name":"caramelos sabor frutas envase 38 g","brand":"MENTOS ","img":"https://sgfm.elcorteingles.es/SGFM//01/05/2/0120630501052/0120630501052000g01011.jpg","price":"0,75 €","price_unit":"(19,74 € / Kilo)","categories":["Supermercado","Desayunos Dulces y pan","Desayunos, dulces y pan","Caramelos, chicles y golosinas","Caramelos duros","MENTOS caramelos sabor frutas envase 38 g"],"general_information":["Denominación del alimento: Caramelo masticable","País de origen: España","Nombre del operador: Chupa Chups S.A.U.","Dirección del operador: c/ De les Masies, 16 P.I. Sector Serra, 08635 Sant Esteve Sesrovires, Barcelona.","Cantidad Neta: 38 g"],"ingredients":[" Azúcar, jarabe de glucosa, jugo de frutas (fresa, naranja, limón) (2%), aceite de coco totalmente hidrogenado, ácido (ácido cítrico), almidón, aromatizantes, maltodextrina, espesantes, (goma de gelano, goma de celulosa, goma arábiga), emulsionante (ésteres de sacarosa de ácidos grasos), agentes de acristalamiento (cera de carnauba, cera de abejas), colorantes (beta-carotenos, remolacha roja)."],"ean":"0000087108026"},{"full_name":"EL CORTE INGLES caramelos de goma surtidos bote 500 g","name":"caramelos de goma surtidos bote 500 g","brand":"EL CORTE INGLES ","img":"https://sgfm.elcorteingles.es/SGFM/dctm/MEDIA03/201706/14/00120630802948____1__600x600.jpg","price":"3,05 €","price_unit":"(6,10 € / Kilo)","categories":["Supermercado","Desayunos Dulces y pan","Desayunos, dulces y pan","Caramelos, chicles y golosinas","Caramelos de goma","EL CORTE INGLES caramelos de goma surtidos bote 500 g"],"general_information":["Denominación del alimento: Surtido de caramelos de goma y geles dulces","Nombre del operador: Elaborado para El Corte Inglés por                        FINI GOLOSINAS ESPAÑA, S.L.U.                      Ctra. de Madrid KM 385                                               30500 Molina de Segur","Cantidad Neta: 500 g"],"ingredients":[" Ingredientes:  Azúcar, jarabe de glucosa, jarabe de glucosa y fructosa, agua, gelatina, harina de trigo, dextrosa, almidón, acidulantes: E 270, E 296 y E 330, grasa vegetal (palma), aromas, correctores de acidez: E 325 y E 331, humectante: E 422, gelificante: pectina, sal, emulgente: E 471, concentrados de frutas y preparados de extractos vegetales (zanahoria, grosella negra), colorantes E 100, E 120, E 133, E 150d, E 160c y E 171. Puede contener trazas de leche y sus derivados"],"ean":"8433329075008"},{"full_name":"EL CORTE INGLES caramelos de goma sabor fresas silvestres sin gluten bolsa 200 g","name":"caramelos de goma sabor fresas silvestres sin gluten bolsa 200 g","brand":"EL CORTE INGLES ","img":"https://sgfm.elcorteingles.es/SGFM/dctm/MEDIA03/201706/22/00120630802864____1__600x600.jpg","price":"1,05 €","price_unit":"(5,25 € / Kilo)","categories":["Supermercado","Desayunos Dulces y pan","Desayunos, dulces y pan","Caramelos, chicles y golosinas","Caramelos de goma","EL CORTE INGLES caramelos de goma sabor fresas silvestres sin gluten bolsa 200 g"],"general_information":["Denominación del alimento: Caramelos de goma - Fresas silvestres","Nombre del operador: Elaborado para El Corte Inglés por                        FINI GOLOSINAS ESPAÑA, S.L.U.                      Ctra. de Madrid KM 385                                               30500 Molina de Segur","Cantidad Neta: 200 g"],"ingredients":[" Ingredientes:  Jarabe de glucosa, azúcar, almidón, agua, dextrosa, gelatina, acidulantes: E 330 y E 270, corrector de acidez: E 325, aromas, agentes de recubrimiento: E 901 y E 903, aceite vegetal (palma, coco), colorantes: E 100, E 120 y E 133. Puede contener trazas de leche y sus derivados"],"ean":"8433329074926"},{"full_name":"EL CORTE INGLES caramelos de goma sabor moras sin gluten bolsa 200 g","name":"caramelos de goma sabor moras sin gluten bolsa 200 g","brand":"EL CORTE INGLES ","img":"https://sgfm.elcorteingles.es/SGFM/dctm/MEDIA03/201706/22/00120630802898____1__600x600.jpg","price":"1,05 €","price_unit":"(5,25 € / Kilo)","categories":["Supermercado","Desayunos Dulces y pan","Desayunos, dulces y pan","Caramelos, chicles y golosinas","Caramelos de goma","EL CORTE INGLES caramelos de goma sabor moras sin gluten bolsa 200 g"],"general_information":["Denominación del alimento: Caramelos de goma - Moras","Nombre del operador: Elaborado para El Corte Inglés por                        FINI GOLOSINAS ESPAÑA, S.L.U.                      Ctra. de Madrid KM 385                                               30500 Molina de Segur","Cantidad Neta: 200 g"],"ingredients":[" Ingredientes:  Azúcar, jarabe de glucosa, agua, gelatina, dextrosa, acidulante: E 330, gelificante: pectina, acidulante: E 270, corrector de acidez: E 325, aromas, concentrados de frutas y preparados de extractos vegetales (zanahoria, cartamo, baya de sauco, limón), colorantes: E 153. Puede contener trazas de leche y sus derivados"],"ean":"8433329074957"},{"full_name":"EL CORTE INGLES caramelos de goma en forma de corazón sabor melocotón sin gluten bolsa 200 g","name":"caramelos de goma en forma de corazón sabor melocotón sin gluten bolsa 200 g","brand":"EL CORTE INGLES ","img":"https://sgfm.elcorteingles.es/SGFM/dctm/MEDIA03/201706/22/00120630802872____1__600x600.jpg","price":"1,05 €","price_unit":"(5,25 € / Kilo)","categories":["Supermercado","Desayunos Dulces y pan","Desayunos, dulces y pan","Caramelos, chicles y golosinas","Caramelos de goma","EL CORTE INGLES caramelos de goma en forma de corazón sabor melocotón sin gluten bolsa 200 g"],"general_information":["Denominación del alimento: Caramelos de goma - Corazones de melocotón","Nombre del operador: Elaborado para El Corte Inglés por                        FINI GOLOSINAS ESPAÑA, S.L.U.                      Ctra. de Madrid KM 385                                               30500 Molina de Segur","Cantidad Neta: 200 g"],"ingredients":[" Ingredientes:  Azúcar, jarabe de glucosa, agua, dextrosa, gelatina, acidulantes: E 330 y E 270, corrector de acidez: E 325, gelificante: pectina, aromas, concentrados de frutas y preparados de extractos vegetales (zanahoria, grosella negra), colorantes: E 120 y E 160c. Puede contener trazas de leche y sus derivados"],"ean":"8433329074933"},{"full_name":"EL CORTE INGLES caramelos de goma en forma de ositos sabores surtidos sin gluten bolsa 200 g","name":"caramelos de goma en forma de ositos sabores surtidos sin gluten bolsa 200 g","brand":"EL CORTE INGLES ","img":"https://sgfm.elcorteingles.es/SGFM/dctm/MEDIA03/201706/22/00120630802849____1__600x600.jpg","price":"1,05 €","price_unit":"(5,25 € / Kilo)","categories":["Supermercado","Desayunos Dulces y pan","Desayunos, dulces y pan","Caramelos, chicles y golosinas","Caramelos de goma","EL CORTE INGLES caramelos de goma en forma de ositos sabores surtidos sin gluten bolsa 200 g"],"general_information":["Denominación del alimento: Caramelos de goma - Ositos brillo","Nombre del operador: Elaborado para El Corte Inglés por                        FINI GOLOSINAS ESPAÑA, S.L.U.                      Ctra. de Madrid KM 385                                               30500 Molina de Segur","Cantidad Neta: 200 g"],"ingredients":[" Ingredientes:  Jarabe de glucosa, azúcar, gelatina, agua, humectante: E 420, acidulantes: E 330 y  E 270, corrector de acidez: E 325, aromas, concentrados de frutas y preparados de extractos vegetales (zanahoria, grosella negra), agentes de recubrimiento: E 901 y E 903, aceite vegetal (palma, coco), colorantes: E 100, E 120, E 133 y E 160c. Puede contener trazas de leche y sus derivados"],"ean":"8433329074902"},{"full_name":"EL CORTE INGLES caramelos de goma surtidos bolsa 200 g","name":"caramelos de goma surtidos bolsa 200 g","brand":"EL CORTE INGLES ","img":"https://sgfm.elcorteingles.es/SGFM/dctm/MEDIA03/201706/14/00120630802906____1__600x600.jpg","price":"1,09 €","price_unit":"(5,45 € / Kilo)","categories":["Supermercado","Desayunos Dulces y pan","Desayunos, dulces y pan","Caramelos, chicles y golosinas","Caramelos de goma","EL CORTE INGLES caramelos de goma surtidos bolsa 200 g"],"general_information":["Denominación del alimento: Surtido de caramelos de goma y geles dulces","Nombre del operador: Elaborado para El Corte Inglés por                        FINI GOLOSINAS ESPAÑA, S.L.U.                      Ctra. de Madrid KM 385                                               30500 Molina de Segur","Cantidad Neta: 200 g"],"ingredients":[" Ingredientes:  Jarabe de glucosa, azúcar, gelatina, jarabe de glucosa y fructosa, agua, dextrosa, harina de trigo, acidulantes: E 330, E 270 y E 296, almidón, aromas, grasa vegetal (palma, coco), aceite vegetal (palma, coco), correctores de acidez: E 325 y E 331, sal, humectantes: E 422 y E 420, emulgente: E 471, concentrados de frutas y preparados de extractos vegetales (zanahoria, grosella negra), agentes de recubrimiento: E 901 y E 903, colorantes: E 100, E 120, E 133, E 150d, E 160c y E 171. Puede contener trazas de leche y sus derivados"],"ean":"8433329074964"},{"full_name":"EL CORTE INGLES nubes sin gluten bolsa 200 g","name":"nubes sin gluten bolsa 200 g","brand":"EL CORTE INGLES ","img":"https://sgfm.elcorteingles.es/SGFM/dctm/MEDIA03/201706/14/00120630802930____1__600x600.jpg","price":"1,09 €","price_unit":"(5,45 € / Kilo)","categories":["Supermercado","Desayunos Dulces y pan","Desayunos, dulces y pan","Caramelos, chicles y golosinas","Caramelos de goma","EL CORTE INGLES nubes sin gluten bolsa 200 g"],"general_information":["Denominación del alimento: Espumas dulces","Nombre del operador: Elaborado para El Corte Inglés por                        FINI GOLOSINAS ESPAÑA, S.L.U.                      Ctra. de Madrid KM 385                                               30500 Molina de Segur","Cantidad Neta: 200 g"],"ingredients":[" Ingredientes:  Jarabe de glucosa y fructosa, azúcar, gelatina, agua, humectante: E 420, aromas, almidón, colorantes: E 120. Puede contener trazas de leche y sus derivados"],"ean":"8433329075015"},{"full_name":"EL CORTE INGLES caramelos de goma en forma botellitas bolsa 200 g","name":"caramelos de goma en forma botellitas bolsa 200 g","brand":"EL CORTE INGLES ","img":"https://sgfm.elcorteingles.es/SGFM/dctm/MEDIA03/201706/14/00120630802856____1__600x600.jpg","price":"1,05 €","price_unit":"(5,25 € / Kilo)","categories":["Supermercado","Desayunos Dulces y pan","Desayunos, dulces y pan","Caramelos, chicles y golosinas","Caramelos de goma","EL CORTE INGLES caramelos de goma en forma botellitas bolsa 200 g"],"general_information":["Denominación del alimento: Caramelos de goma - Botellitas","Nombre del operador: Elaborado para El Corte Inglés por                        FINI GOLOSINAS ESPAÑA, S.L.U.                      Ctra. de Madrid KM 385                                               30500 Molina de Segur","Cantidad Neta: 200 g"],"ingredients":[" Ingredientes:  Azúcar, jarabe de glucosa, agua, dextrosa, gelatina, acidulantes: E 330 y E 270, corrector de acidez: E 325, gelificante: pectina, aromas, colorantes: E 100, E 133 y E 150d. Puede contener trazas de leche y sus derivados"],"ean":"8433329074919"},{"full_name":"EL CORTE INGLES caramelos de goma bolsa 200 g","name":"caramelos de goma bolsa 200 g","brand":"EL CORTE INGLES ","img":"https://sgfm.elcorteingles.es/SGFM/dctm/MEDIA03/201707/17/00120630802922____1__600x600.jpg","price":"1,05 €","price_unit":"(5,25 € / Kilo)","categories":["Supermercado","Desayunos Dulces y pan","Desayunos, dulces y pan","Caramelos, chicles y golosinas","Caramelos de goma","EL CORTE INGLES caramelos de goma bolsa 200 g"],"general_information":["Denominación del alimento: Surtido de caramelos de goma y geles dulces","Nombre del operador: Elaborado para El Corte Inglés por                        FINI GOLOSINAS ESPAÑA, S.L.U.                      Ctra. de Madrid KM 385                                               30500 Molina de Segur","Cantidad Neta: 200 g"],"ingredients":[" Ingredientes: Azúcar, jarabe de glucosa, jarabe de glucosa y fructosa, agua, gelatina, dextrosa, harina de trigo, almidón, acidulantes: E 330, E 296 y E 270, gelificante: pectina, grasa vegetal (palma), aromas, correctores de acidez: E 325 y E 331, sal, emulgente: E 471, concentrados de frutas y preparados de extractos vegetales (zanahoria, grosella negra), humectantes: E 420 y E 422, colorantes: E 100, E 120, E 133, E 160c y E 171. Puede contener trazas de leche y sus derivados"],"ean":"8433329074988"},{"full_name":"EL CORTE INGLES caramelos de goma surtidos sin gluten bolsa 200 g","name":"caramelos de goma surtidos sin gluten bolsa 200 g","brand":"EL CORTE INGLES ","img":"https://sgfm.elcorteingles.es/SGFM/dctm/MEDIA03/201707/17/00120630802914____1__600x600.jpg","price":"1,05 €","price_unit":"(5,25 € / Kilo)","categories":["Supermercado","Desayunos Dulces y pan","Desayunos, dulces y pan","Caramelos, chicles y golosinas","Caramelos de goma","EL CORTE INGLES caramelos de goma surtidos sin gluten bolsa 200 g"],"general_information":["Denominación del alimento: Caramelos de goma - Surtido brillo","Nombre del operador: Elaborado para El Corte Inglés por                        FINI GOLOSINAS ESPAÑA, S.L.U.                      Ctra. de Madrid KM 385                                               30500 Molina de Segur","Cantidad Neta: 200 g"],"ingredients":[" Ingredientes: Jarabe de glucosa, azúcar, agua, gelatina, dextrosa, almidón, acidulantes: E 330 y E 270, corrector de acidez: E 325, humectante: E 420, gelificante: pectina, aromas, concentrados de frutas y preparados de extractos vegetales (zanahoria, grosella negra), agentes de recubrimiento: E 901 y E 903, aceite vegetal (coco, palma), colorantes: E 100, E 120, E 133, E 160c y E 171. Puede contener trazas de leche y sus derivados"],"ean":"8433329074971"},{"full_name":"EL CORTE INGLES caramelos de goma en forma de ladrillos de fresa y pica bolsa 200 g","name":"caramelos de goma en forma de ladrillos de fresa y pica bolsa 200 g","brand":"EL CORTE INGLES ","img":"https://sgfm.elcorteingles.es/SGFM/dctm/MEDIA03/201707/17/00120630802823____1__600x600.jpg","price":"1,05 €","price_unit":"(5,25 € / Kilo)","categories":["Supermercado","Desayunos Dulces y pan","Desayunos, dulces y pan","Caramelos, chicles y golosinas","Caramelos de goma","EL CORTE INGLES caramelos de goma en forma de ladrillos de fresa y pica bolsa 200 g"],"general_information":["Denominación del alimento: Geles dulces - Ladrillos pica","Nombre del operador: Elaborado para El Corte Inglés por                        FINI GOLOSINAS ESPAÑA, S.L.U.                      Ctra. de Madrid KM 385                                               30500 Molina de Segur","Cantidad Neta: 200 g"],"ingredients":[" Ingredientes:  Jarabe de glucosa y fructosa, azúcar, harina de trigo, almidón, acidulante: E 296, grasa vegetal (palma), acidulantes: E 330 y E 270, correctores de acidez: E 325 y E 331, sal, emulgente: E 471, aromas, humectante: E 422, colorantes: E 120 y E 160c. Puede contener trazas de leche y sus derivados"],"ean":"8433329074872"},{"full_name":"EL CORTE INGLES caramelos de goma besos de fresa y nata sin gluten bolsa 200 g","name":"caramelos de goma besos de fresa y nata sin gluten bolsa 200 g","brand":"EL CORTE INGLES ","img":"https://sgfm.elcorteingles.es/SGFM/dctm/MEDIA03/201708/31/00120630802880____1__600x600.jpg","price":"0,99 €","price_unit":"(4,95 € / Kilo)","categories":["Supermercado","Desayunos Dulces y pan","Desayunos, dulces y pan","Caramelos, chicles y golosinas","Caramelos de goma","EL CORTE INGLES caramelos de goma besos de fresa y nata sin gluten bolsa 200 g"],"general_information":["Denominación del alimento: Caramelos de goma - Besos","Nombre del operador: Elaborado para El Corte Inglés por                        FINI GOLOSINAS ESPAÑA, S.L.U.                      Ctra. de Madrid KM 385                                               30500 Molina de Segur","Cantidad Neta: 200 g"],"ingredients":[" Ingredientes:  Jarabe de glucosa, azúcar, agua, gelatina, humectante: E 420, acidulantes: E 330 y  E 270, gelificante: pectina, aromas, corrector de acidez: E 325, colorante: E 120. Puede contener trazas de leche y sus derivados"],"ean":"8433329074940"},{"full_name":"EL CORTE INGLES caramelos de goma pica cinta bolsa 200 g","name":"caramelos de goma pica cinta bolsa 200 g","brand":"EL CORTE INGLES ","img":"https://sgfm.elcorteingles.es/SGFM/dctm/MEDIA03/201708/31/00120630802815____1__600x600.jpg","price":"1,05 €","price_unit":"(5,25 € / Kilo)","categories":["Supermercado","Desayunos Dulces y pan","Desayunos, dulces y pan","Caramelos, chicles y golosinas","Caramelos de goma","EL CORTE INGLES caramelos de goma pica cinta bolsa 200 g"],"general_information":["Denominación del alimento: Geles dulces - Cintas pica","Nombre del operador: Elaborado para El Corte Inglés por                        FINI GOLOSINAS ESPAÑA, S.L.U.                      Ctra. de Madrid KM 385                                               30500 Molina de Segur","Cantidad Neta: 200 g"],"ingredients":[" Ingredientes:  Jarabe de glucosa y fructosa, azúcar, harina de trigo, almidón, acidulante: E 296, grasa vegetal (palma), acidulantes: E 330 y E 270, correctores de acidez: E 325 y E 331, sal, emulgente: E 471, aromas, humectante: E 422, colorantes: E 120 y E 160c. Puede contener trazas de leche y sus derivados"],"ean":"8433329074865"},{"full_name":"EL CORTE INGLES caramelos de goma surtidos bolsa 200 g","name":"caramelos de goma surtidos bolsa 200 g","brand":"EL CORTE INGLES ","img":"https://sgfm.elcorteingles.es/SGFM/dctm/MEDIA03/201709/27/00120630802971____1__600x600.jpg","price":"1,05 €","price_unit":"(5,25 € / Kilo)","categories":["Supermercado","Desayunos Dulces y pan","Desayunos, dulces y pan","Caramelos, chicles y golosinas","Caramelos de goma","EL CORTE INGLES caramelos de goma surtidos bolsa 200 g"],"general_information":["Denominación del alimento: Surtido de caramelos de goma y geles dulces","Nombre del operador: Elaborado para El Corte Inglés por                        FINI GOLOSINAS ESPAÑA, S.L.U.                      Ctra. de Madrid KM 385                                               30500 Molina de Segur","Cantidad Neta: 200 g"],"ingredients":[" Ingredientes: Azúcar, jarabe de glucosa, jarabe de glucosa y fructosa, agua, gelatina, dextrosa, harina de trigo, almidón, acidulantes: E 330, E 296 y E 270, gelificante: pectina, grasa vegetal (palma), aromas, correctores de acidez: E 325 y  E 331, sal, emulgente: E 471, concentrados de frutas y preparados de extractos vegetales (zanahoria, grosella negra), humectantes: E 420 y E 422, colorantes: E 100, E 120, E 133, E 160c y E 171. Puede contener trazas de leche y sus derivados"],"ean":"8433329074995"},{"full_name":"TROLLI Mini Burger caramelos de goma sin gluten bolsa 50 g","name":"Mini Burger caramelos de goma sin gluten bolsa 50 g","brand":"TROLLI ","img":"https://sgfm.elcorteingles.es/SGFM/dctm/MEDIA03/201704/20/00120630802435____1__600x600.jpg","price":"0,95 €","price_unit":"(19 € / Kilo)","categories":["Supermercado","Desayunos Dulces y pan","Desayunos, dulces y pan","Caramelos, chicles y golosinas","Caramelos de goma","TROLLI Mini Burger caramelos de goma sin gluten bolsa 50 g"],"general_information":["Denominación del alimento: Caramelos de goma con forma de hamburguesa","País de origen: España","Nombre del operador: Alimentación Varma, S.L.","Dirección del operador: C/ La granja, 15 - Pol. Industrial Alcobendas. 28108 Alcobendas (Madrid) - España","Cantidad Neta: 50 g"],"ingredients":[" Jarabe de glucosa, azúcar, gelatina, acidulantes: Ácido cítricos, ácido láctico, gelificante: pectina, alimentos colorantes (grosella negra, zanahoria, cúrcuma, alazor, limón, rábano, espirulina); aromas; aceite de semilla de palma, agentes de recubrimiento: cera de abejas, blanca y amarilla,  cera de carnauba."],"conservation":" Conservar en lugar fresco y seco.","ean":"8436036184490"},{"full_name":"MIGUELAÑEZ Jellypack Maxi caramelos de goma surtidos bote 600 g","name":"Jellypack Maxi caramelos de goma surtidos bote 600 g","brand":"MIGUELAÑEZ ","img":"https://sgfm.elcorteingles.es/SGFM/dctm/MEDIA03/201609/08/00120630802476____1__600x600.jpg","price":"6,95 €","price_unit":"(11,58 € / Kilo)","categories":["Supermercado","Desayunos Dulces y pan","Desayunos, dulces y pan","Caramelos, chicles y golosinas","Caramelos de goma","MIGUELAÑEZ Jellypack Maxi caramelos de goma surtidos bote 600 g"],"general_information":[],"ingredients":[],"ean":"8411823506075"},{"full_name":"MIGUELAÑEZ Jelly Pack Maxi caramelos de goma surtidos bote 600 g","name":"Jelly Pack Maxi caramelos de goma surtidos bote 600 g","brand":"MIGUELAÑEZ ","img":"https://sgfm.elcorteingles.es/SGFM/dctm/MEDIA03/201609/08/00120630802492____1__600x600.jpg","price":"6,95 €","price_unit":"(11,58 € / Kilo)","categories":["Supermercado","Desayunos Dulces y pan","Desayunos, dulces y pan","Caramelos, chicles y golosinas","Caramelos de goma","MIGUELAÑEZ Jelly Pack Maxi caramelos de goma surtidos bote 600 g"],"general_information":[],"ingredients":[],"ean":"8411823506082"},{"full_name":"MIGUELAÑEZ caramelos de goma surtidos tarrina 200 g","name":"caramelos de goma surtidos tarrina 200 g","brand":"MIGUELAÑEZ ","img":"https://sgfm.elcorteingles.es/SGFM//00/44/7/0120630800447/0120630800447000g01011.jpg","price":"2,25 €","price_unit":"(11,25 € / Kilo)","categories":["Supermercado","Desayunos Dulces y pan","Desayunos, dulces y pan","Caramelos, chicles y golosinas","Caramelos de goma","MIGUELAÑEZ caramelos de goma surtidos tarrina 200 g"],"general_information":["Denominación del alimento: CARAMELO DE GOMA y GELES DULCES","País de origen: España","Nombre del operador: MIDEL","Dirección del operador: Pol. Ind. Villaverde Avda, laboral, 9 28021 - MADRID","Cantidad Neta: 200 g","Peso neto escurrido: 200 g","Otras menciones obligatorias en la etiqueta: GELES DULCES CONTIENEN GLUTEN"],"ingredients":[" Ver etiqueta unitaria de producto. Envasado variable, según necesidades  de empresa  y estacionalidad. Caramelo de goma: Azúcar,  jarabe de glucosa, agua, gelatina, almidón, harina de maíz, dextrosa, sorbitol,  pectina, acidulantes: E-330, acido láctico, ácido málico, aromas y colorantes:  E-100, E-160c, E-120, E-141, extracto vegetal, E-163, E-171, E-153 y E-150c,  agentes de recubrimiento: aceite vegetal y cera de carnauba.    Geles dulces: Jarabe de  glucosa-fructosa, azúcar, agua, almidón de maíz, harina de trigo (contiene gluten), dextrosa,  acidulantes: E270, E296, E330, grasa de palma , gelatina, correctores de acidez: E331(iii), E325,  aroma, sal, emulgente: E471, conservante: E202, colorantes: E100, E120, E133,  E150d. Agentes de recubrimiento: cera de abejas, goma laca y cera de carnauba"],"conservation":" CONSERVAR EN LUGAR FRESCO Y SECO","ean":"8411823900316"},{"full_name":"MIGUELAÑEZ Selección Mix de gominolas envase 165 g","name":"Selección Mix de gominolas envase 165 g","brand":"MIGUELAÑEZ ","img":"https://sgfm.elcorteingles.es/SGFM/dctm/MEDIA02/CONTENIDOS/201511/02/00120630802195____1__600x600.jpg","price":"2,09 €","price_unit":"(12,67 € / Kilo)","categories":["Supermercado","Desayunos Dulces y pan","Desayunos, dulces y pan","Caramelos, chicles y golosinas","Caramelos de goma","MIGUELAÑEZ Selección Mix de gominolas envase 165 g"],"general_information":["Denominación del alimento: CARAMELO DE GOMA","País de origen: España","Nombre del operador: MIDEL","Dirección del operador: Pol. Ind. Villaverde Avda, laboral, 9 28021 - MADRID","Cantidad Neta: 165 g","Peso neto escurrido: 165 g","Número de raciones por envase: 1"],"ingredients":[" Azúcar,\njarabe de glucosa, agua, gelatina, almidón, harina de maíz, dextrosa, sorbitol,\npectina, acidulantes: E-330, acido láctico, ácido málico, aromas y colorantes:\nE-100, E-160c, E-120, E-141, concentrado de espirulina, E-163, E-171, E-153 y\nE-150c, agentes  recubrimiento: grasa vegetal (coco,  palmiste) y cera de carnauba."],"conservation":" CONSERVAR EN LUGAR FRESCO Y SECO","ean":"8411823509571"},{"full_name":"MIGUELAÑEZ Marsh Mallows nubes bolsa 175 g","name":"Marsh Mallows nubes bolsa 175 g","brand":"MIGUELAÑEZ ","img":"https://sgfm.elcorteingles.es/SGFM/00/59/5/0120630800595/0120630800595000g01011.jpg","price":"2,75 €","price_unit":"(15,71 € / Kilo)","categories":["Supermercado","Desayunos Dulces y pan","Desayunos, dulces y pan","Caramelos, chicles y golosinas","Caramelos de goma","MIGUELAÑEZ Marsh Mallows nubes bolsa 175 g"],"general_information":["Denominación del alimento: MIGUELAÑEZ MASMELO BICOLOR175G","Dirección del operador: Avda. Laboral, 9 pol. Ind. Villaverde - 28021-MADRID","Lugar de procedencia del alimento: UE","Cantidad Neta: 175 g","Otras menciones obligatorias en la etiqueta: Producto no recomendado para menores de 3 años."],"ingredients":[" Espuma\ndulce: Jarabe de glucosa y fructosa, azúcar, agua, gelatina ,\nalmidon de maiz, aromas, colorante natural: E-162"],"conservation":" CONSERVAR EN LUGAR FRESCO Y SECO. PROTEGER DE LA LUZ SOLAR","ean":"8411823010329"},{"full_name":"MIGUELAÑEZ Jelly Pack caramelos de goma sin gluten tarrina 200 g","name":"Jelly Pack caramelos de goma sin gluten tarrina 200 g","brand":"MIGUELAÑEZ ","img":"https://sgfm.elcorteingles.es/SGFM/00/84/9/0200230800849/0200230800849000g01011.jpg","price":"2,29 €","price_unit":"(11,45 € / Kilo)","categories":["Supermercado","Desayunos Dulces y pan","Desayunos, dulces y pan","Caramelos, chicles y golosinas","Caramelos de goma","MIGUELAÑEZ Jelly Pack caramelos de goma sin gluten tarrina 200 g"],"general_information":["Denominación del alimento: CARAMELO DE GOMA","País de origen: España","Nombre del operador: MIDEL","Dirección del operador: Pol. Ind. Villaverde Avda, laboral, 9 28021 - MADRID","Cantidad Neta: 200 g","Peso neto escurrido: 200 g"],"ingredients":[" Azúcar, jarabe de glucosa, agua, gelatina, almidón,\nharina de maíz, dextrosa, sorbitol, pectina, acidulantes: E-330, acido láctico,\nácido málico, aromas y colorantes: E-100, E-160c, E-120, E-141, extracto\nvegetal(espirulina), E-163, E-171, E-153 y E-150c, agentes de recubrimiento:\naceite vegetal(coco y/o palmiste) y cera de carnauba"],"conservation":" CONSERVAR EN LUGAR FRESCO Y SECO","ean":"8411823504347"},{"full_name":"MIGUELAÑEZ Jelly Pack caramelos de goma sin gluten bolsa 150 g","name":"Jelly Pack caramelos de goma sin gluten bolsa 150 g","brand":"MIGUELAÑEZ ","img":"https://sgfm.elcorteingles.es/SGFM/dctm/MEDIA03/201607/27/00120630800587____3__600x600.jpg","price":"1,95 €","price_unit":"(13 € / Kilo)","categories":["Supermercado","Desayunos Dulces y pan","Desayunos, dulces y pan","Caramelos, chicles y golosinas","Caramelos de goma","MIGUELAÑEZ Jelly Pack caramelos de goma sin gluten bolsa 150 g"],"general_information":["Denominación del alimento: CARAMELO DE GOMA OSOS AZUCAR SIN GLUTEN","País de origen: España","Nombre del operador: MIDEL","Dirección del operador: Pol. Ind. Villaverde Avda, laboral, 9 28021 - MADRID","Cantidad Neta: 150 g","Peso neto escurrido: 150 g"],"ingredients":[" Caramelo\ngoma: Azúcar, Jarabe de glucosa, agua, gelatina, almidón, harina de maíz,\ndextrosa, sorbitol, pectina, acidulantes: E-330, acido láctico, ácido málico,\naromas y colorantes: E-100, E-160c, E-120, E-141, extracto vegetal, E-163,\nE-171, E-153 y E-150c, agentes de recubrimiento: aceite vegetal y cera de\ncarnauba"],"conservation":" CONSERVAR EN LUGAR FRESCO Y SECO","ean":"8411823504323"},{"full_name":"MIGUELAÑEZ caramelos de goma sin gluten bolsa 150 g","name":"caramelos de goma sin gluten bolsa 150 g","brand":"MIGUELAÑEZ ","img":"https://sgfm.elcorteingles.es/SGFM/dctm/MEDIA03/201703/29/00120630800124____2__600x600.jpg","price":"2,99 €","price_unit":"(19,93 € / Kilo)","categories":["Supermercado","Desayunos Dulces y pan","Desayunos, dulces y pan","Caramelos, chicles y golosinas","Caramelos de goma","MIGUELAÑEZ caramelos de goma sin gluten bolsa 150 g"],"general_information":[],"ingredients":[],"ean":"8411823010114"},{"full_name":"MIDEL Pick and Mix caramelos de goma surtidos bote 1 kg","name":"Pick and Mix caramelos de goma surtidos bote 1 kg","brand":"MIDEL ","img":"https://sgfm.elcorteingles.es/SGFM/dctm/MEDIA02/CONTENIDOS/201506/17/00200230801649____2__600x600.jpg","price":"7,75 €","price_unit":"(7,75 € / Kilo)","categories":["Supermercado","Desayunos Dulces y pan","Desayunos, dulces y pan","Caramelos, chicles y golosinas","Caramelos de goma","MIDEL Pick and Mix caramelos de goma surtidos bote 1 kg"],"general_information":["Denominación del alimento: CARAMELO DE GOMA","País de origen: España","Nombre del operador: MIDEL","Dirección del operador: Pol. Ind. Villaverde Avda, laboral, 9 28021 - MADRID","Cantidad Neta: 1000 g","Peso neto escurrido: 1000 g","Otras menciones obligatorias en la etiqueta: Vida util: 24 meses desde fabricación"],"ingredients":[" Azúcar, jarabe de glucosa, agua, gelatina, almidón,\nharina de maíz, dextrosa, sorbitol, pectina, acidulantes: E-330, acido láctico,\nácido málico, aromas y colorantes: E-100, E-160c, E-120, E-141, extracto\nvegetal(espirulina), E-163, E-171, E-153 y E-150c, agentes de recubrimiento:\naceite vegetal(coco y/o palmiste) y cera de carnauba"],"conservation":" CONSERVAR EN LUGAR FRESCO Y SECO","ean":"8411823507249"},{"full_name":"HARIBO Maxibox gominolas recubiertas de azúcar tarro 600 g","name":"Maxibox gominolas recubiertas de azúcar tarro 600 g","brand":"HARIBO ","img":"https://sgfm.elcorteingles.es/SGFM/dctm/MEDIA02/CONTENIDOS/201601/28/00120630802286____1__600x600.jpg","price":"6,49 €","price_unit":"(10,82 € / Kilo)","categories":["Supermercado","Desayunos Dulces y pan","Desayunos, dulces y pan","Caramelos, chicles y golosinas","Caramelos de goma","HARIBO Maxibox gominolas recubiertas de azúcar tarro 600 g"],"general_information":["Denominación del alimento: CARAMELOS DE GOMA","Nombre del operador: HARIBO España S.A.U.","Dirección del operador: Ctra. Girona-Banyoles, KM 14 17844 Cornellà del Terri","Cantidad Neta: 600 g","Número de raciones por envase: 24"],"ingredients":[" Jarabe de glucosa; azúcar (37,5 %); agua; zumo de frutas a partir de concentrado (5 %): limón, fresa, cereza, naranja, manzana, piña; humectante: jarabe de sorbitol; gelatina; dextrosa; acidulante: ácido cítrico; gelificante: pectina amidada; corrector de acidez: citrato trisódico; aroma; concentrados de frutas y plantas: grosella negra, baya de saúco, aronia, uva, rábano, cártamo, naranja, limón, mango, fruta de la pasión, espirulina, manzana; extracto de baya de saúco; jarabe de caramelo; colorante: curcumina; jarabe de azúcar invertido."],"conservation":" Mantener en lugar fresco y seco.","ean":"8426617008567"},{"full_name":"HARIBO World Mix caramelos de goma surtidos bolsa 500 g","name":"World Mix caramelos de goma surtidos bolsa 500 g","brand":"HARIBO ","img":"https://sgfm.elcorteingles.es/SGFM/dctm/MEDIA03/201706/13/00120630802955____1__600x600.jpg","price":"3,99 €","price_unit":"(7,98 € / Kilo)","categories":["Supermercado","Desayunos Dulces y pan","Desayunos, dulces y pan","Caramelos, chicles y golosinas","Caramelos de goma","HARIBO World Mix caramelos de goma surtidos bolsa 500 g"],"general_information":["Denominación del alimento: CONFISERIE ASSORTIE","Nombre del operador: HARIBO España S.A.U.","Dirección del operador: Ctra. Girona-Banyoles, KM 14 17844 Cornellà del Terri","Cantidad Neta: 500 g","Número de raciones por envase: 20"],"ingredients":[" Jarabe de glucosa y fructosa; azúcar; harina de trigo; gelatina; dextrosa; almidón de maíz; almidón de trigo; acidulantes: ácido cítrico, ácido málico; correctores de ácidez: citrato trisódico, malato ácido de sodio; grasa de palma; emulgente: monoglicéridos y diglicéridos de ácidos grasos; gelificante: agar; aroma; concentrados de frutas y plantas: naranja, baya de saúco, limón, mango, fruta de la pasión, grosella negra, aronia, uva, ortiga, manzana, espinaca, kiwi, zanahoria, hibisco, cártamo, boniato, rábano, espirulina; extracto de algarroba; extracto de baya de saúco; jarabe de caramelo; colorantes: curcumina, carmines, azul patente V, complejos cúpricos de clorofilas y clorofilinas, carbón vegetal, carotenos de plantas, antocianinas, luteína; agentes de recubrimiento: cera de abeja blanca y amarilla, cera de carnauba; jarabe de azúcar invertido."],"conservation":" Melange nom contractuel.","ean":"3103220025994"},{"full_name":"HARIBO Sweet Celebration caramelos surtidos con zumo de frutas 400 g","name":"Sweet Celebration caramelos surtidos con zumo de frutas  400 g","brand":"HARIBO ","img":"https://sgfm.elcorteingles.es/SGFM//01/67/0/0120630601670/0120630601670000g01011.jpg","price":"4,05 €","price_unit":"(10,12 € / Kilo)","categories":["Supermercado","Desayunos Dulces y pan","Desayunos, dulces y pan","Caramelos, chicles y golosinas","Caramelos de goma","HARIBO Sweet Celebration caramelos surtidos con zumo de frutas 400 g"],"general_information":["Denominación del alimento: SURTIDO DE GOLOSINAS","Nombre del operador: HARIBO España S.A.U.","Dirección del operador: Ctra. Girona-Banyoles, KM 14 17844 Cornellà del Terri","Cantidad Neta: 400 g","Número de raciones por envase: 16"],"ingredients":[" Ositos de oro: CARAMELOS DE GOMA SABOR FRUTAS / Ingredientes: Jarabe de glucosa; azúcar; gelatina; dextrosa; zumo de frutas a partir de concentrado: manzana, fresa, frambuesa, naranja, limón, piña; acidulante: ácido cítrico; concentrados de frutas y plantas: cártamo, espirulina, manzana, baya de saúco, naranja, grosella negra, kiwi, limón, aronia, mango, fruta de la pasión, uva; aroma; extracto de baya de saúco; agentes de recubrimiento: cera de abeja blanca y amarilla, cera de carnauba. Favoritos azúcar: CARAMELOS DE GOMA / Ingredientes: Jarabe de glucosa; azúcar (38 %); agua; zumo de frutas a partir de concentrado (5 %): limón, fresa, cereza, naranja, manzana, piña; gelatina; humectante: jarabe de sorbitol; dextrosa; acidulante: ácido cítrico; nata ligera en polvo; gelificante: pectina amidada; corrector de acidez: citrato trisódico; aroma; concentrados de frutas y plantas: grosella negra, baya de saúco, aronia, uva, rábano, cártamo, naranja, limón, mango, fruta de la pasión, espirulina, manzana; extracto de baya de saúco; jarabe de caramelo; colorante: curcumina; jarabe de azúcar invertido. Starmix: CARAMELOS DE GOMA / Ingredientes: Jarabe de glucosa; azúcar; agua; gelatina; dextrosa; acidulante: ácido cítrico; zumo de frutas a partir de concentrado: manzana, naranja, limón, frambuesa, fresa, piña; aroma; concentrado de frutas y plantas: cártamo, espirulina, manzana, kiwi, grosella negra, baya de saúco, aronia, uva, naranja, limón, mango, fruta de la pasión; extracto de baya de saúco; jarabe de caramelo; agentes de recubrimiento: cera de abeja blanca y amarilla, cera de carnauba."],"conservation":" Mantener en lugar fresco y seco.","ean":"8426617007706"},{"full_name":"HARIBO Funky Mix surtido de caramelos de goma bolsa 150 g","name":"Funky Mix surtido de caramelos de goma bolsa 150 g","brand":"HARIBO ","img":"https://sgfm.elcorteingles.es/SGFM/01/06/0/0200230801060/0200230801060000g01011.jpg","price":"1,75 €","price_unit":"(11,67 € / Kilo)","categories":["Supermercado","Desayunos Dulces y pan","Desayunos, dulces y pan","Caramelos, chicles y golosinas","Caramelos de goma","HARIBO Funky Mix surtido de caramelos de goma bolsa 150 g"],"general_information":["Denominación del alimento: SURTIDO DE GOLOSINAS","Nombre del operador: HARIBO España S.A.U.","Dirección del operador: Ctra. Girona-Banyoles, KM 14 17844 Cornellà del Terri","Cantidad Neta: 150 g","Número de raciones por envase: 6"],"ingredients":[" Azúcar; jarabe de glucosa y fructosa; agua; dextrosa; harina de trigo; gelatina; melaza; almidón de maíz; zumo de frutas a partir de concentrado (1,5 %): frambuesa, manzana, naranja, limón, fresa, piña; almidón de trigo; grasa de palma; acidulante: ácido cítrico; emulgente: monoglicéridos y diglicéridos de ácidos grasos; extracto de regaliz; sal; conservador: sorbato potásico; corrector de acidez: carbonato ácido de sodio; aroma; concentrados de frutas y plantas: rábano, grosella negra, baya de saúco, aronia, uva, cártamo, naranja, limón, mango, fruta de la pasión, espirulina, manzana, kiwi; extracto de baya de saúco; colorantes: curcumina, carmines, complejos cúpricos de clorofilinas, carbón vegetal, dióxido de titanio; agentes de recubrimiento: cera de abeja blanca y amarilla, cera de carnauba."],"conservation":" Mantener en lugar fresco y seco.","ean":"8426617005146"},{"full_name":"HARIBO Starmix surtido de caramelos de goma bolsa 150 g","name":"Starmix surtido de caramelos de goma bolsa 150 g","brand":"HARIBO ","img":"https://sgfm.elcorteingles.es/SGFM/dctm/MEDIA03/201701/16/00120630800223____1__600x600.jpg","price":"1,75 €","price_unit":"(11,67 € / Kilo)","categories":["Supermercado","Desayunos Dulces y pan","Desayunos, dulces y pan","Caramelos, chicles y golosinas","Caramelos de goma","HARIBO Starmix surtido de caramelos de goma bolsa 150 g"],"general_information":["Denominación del alimento: CARAMELOS DE GOMA","Nombre del operador: HARIBO España S.A.U.","Dirección del operador: Ctra. Girona-Banyoles, KM 14 17844 Cornellà del Terri","Cantidad Neta: 150 g","Número de raciones por envase: 6"],"ingredients":[" Jarabe de glucosa; azúcar; agua; gelatina; dextrosa; acidulante: ácido cítrico; zumo de frutas a partir de concentrado: manzana, naranja, limón, frambuesa, fresa, piña; aroma; concentrado de frutas y plantas: cártamo, espirulina, manzana, kiwi, grosella negra, baya de saúco, aronia, uva, naranja, limón, mango, fruta de la pasión; extracto de baya de saúco; jarabe de caramelo; agentes de recubrimiento: cera de abeja blanca y amarilla, cera de carnauba."],"conservation":" Mantener en lugar fresco y seco.","ean":"8426617005627"},{"full_name":"HARIBO Frutissima caramelos de goma con zumo de frutas bolsa 150 g","name":"Frutissima caramelos de goma con zumo de frutas bolsa 150 g","brand":"HARIBO ","img":"https://sgfm.elcorteingles.es/SGFM/dctm/MEDIA03/201701/16/00120630801098____1__600x600.jpg","price":"1,75 €","price_unit":"(11,67 € / Kilo)","categories":["Supermercado","Desayunos Dulces y pan","Desayunos, dulces y pan","Caramelos, chicles y golosinas","Caramelos de goma","HARIBO Frutissima caramelos de goma con zumo de frutas bolsa 150 g"],"general_information":["Denominación del alimento: CARAMELOS DE GOMA SABOR FRUTAS CON 4,5 % DE ZUMO DE FRUTAS A PARTIR DE CONCENTRADO","Nombre del operador: HARIBO España S.A.U.","Dirección del operador: Ctra. Girona-Banyoles, KM 14 17844 Cornellà del Terri","Cantidad Neta: 150 g","Número de raciones por envase: 6"],"ingredients":[" Azúcar; jarabe de glucosa; agua; dextrosa; zumo de frutas a partir de concentrado: limón, naranja; gelatina; gelificante: pectina amidada; acidulante: ácido cítrico; corrector de acidez: citrato trisódico; aroma; concentrados de frutas y plantas: espirulina, cártamo, manzana, zanahoria, hibisco, naranja, baya de saúco, limón, mango, fruta de la pasión, grosella negra, aronia, uva roja; extracto de baya de saúco; jarabe de caramelo; jarabe de azúcar invertido."],"conservation":" Mantener en lugar fresco y seco.","ean":"8426617005764"},{"full_name":"HARIBO Favoritos Classic con zumo de frutas bolsa 150 g","name":"Favoritos Classic con zumo de frutas bolsa 150 g","brand":"HARIBO ","img":"https://sgfm.elcorteingles.es/SGFM/dctm/MEDIA02/CONTENIDOS/201504/24/00120630801940____1__600x600.jpg","price":"1,75 €","price_unit":"(11,67 € / Kilo)","categories":["Supermercado","Desayunos Dulces y pan","Desayunos, dulces y pan","Caramelos, chicles y golosinas","Caramelos de goma","HARIBO Favoritos Classic con zumo de frutas bolsa 150 g"],"general_information":["Denominación del alimento: SURTIDOS DE GOLOSINAS","Nombre del operador: HARIBO España S.A.U.","Dirección del operador: Ctra. Girona-Banyoles, KM 14 17844 Cornellà del Terri","Cantidad Neta: 150 g","Número de raciones por envase: 6"],"ingredients":[" Jarabe de glucosa; azúcar; agua; gelatina; dextrosa; almidón de maíz; acidulante: ácido cítrico; zumo de frutas a partir de concentrado (1,5 %): frambuesa, manzana, naranja, limón, fresa, piña; gelificante: agar; aroma; concentrados de frutas y plantas: grosella negra, baya de saúco, aronia, uva, cártamo, espirulina, manzana, kiwi, naranja, limón, mango, fruta de la pasión; extracto de baya de saúco; jarabe de caramelo; colorantes: curcumina, carmines, complejos cúpricos de clorofilinas, carbón vegetal, beta-carotenos, dióxido de titanio; agentes de recubrimiento: cera de abeja blanca y amarilla, cera de carnauba."],"conservation":" Mantener en lugar fresco y seco","ean":"8426617005818"},{"full_name":"HARIBO Favoritos caramelos de goma recubiertos de azúcar bolsa 150 g","name":"Favoritos caramelos de goma recubiertos de azúcar bolsa 150 g","brand":"HARIBO ","img":"https://sgfm.elcorteingles.es/SGFM/00/25/6/0120630800256/0120630800256000g01011.jpg","price":"1,75 €","price_unit":"(11,67 € / Kilo)","categories":["Supermercado","Desayunos Dulces y pan","Desayunos, dulces y pan","Caramelos, chicles y golosinas","Caramelos de goma","HARIBO Favoritos caramelos de goma recubiertos de azúcar bolsa 150 g"],"general_information":["Denominación del alimento: CARAMELOS DE GOMA","Nombre del operador: HARIBO España S.A.U.","Dirección del operador: Ctra. Girona-Banyoles, KM 14 17844 Cornellà del Terri","Cantidad Neta: 150 g","Número de raciones por envase: 6"],"ingredients":[" Jarabe de glucosa; azúcar (37,5 %); agua; zumo de frutas a partir de concentrado (5 %): limón, fresa, cereza, naranja, manzana, piña; humectante: jarabe de sorbitol; gelatina; dextrosa; acidulante: ácido cítrico; gelificante: pectina amidada; corrector de acidez: citrato trisódico; aroma; concentrados de frutas y plantas: grosella negra, baya de saúco, aronia, uva, rábano, cártamo, naranja, limón, mango, fruta de la pasión, espirulina, manzana; extracto de baya de saúco; jarabe de caramelo; colorante: curcumina; jarabe de azúcar invertido."],"conservation":" Mantener en lugar fresco y seco.","ean":"8426617005658"},{"full_name":"HARIBO Ositos de Oro caramelos de goma con zumo de frutas bolsa 150 g","name":"Ositos de Oro caramelos de goma con zumo de frutas bolsa 150 g","brand":"HARIBO ","img":"https://sgfm.elcorteingles.es/SGFM/dctm/MEDIA03/201701/16/00120630800462____1__600x600.jpg","price":"1,75 €","price_unit":"(11,67 € / Kilo)","categories":["Supermercado","Desayunos Dulces y pan","Desayunos, dulces y pan","Caramelos, chicles y golosinas","Caramelos de goma","HARIBO Ositos de Oro caramelos de goma con zumo de frutas bolsa 150 g"],"general_information":["Denominación del alimento: CARAMELOS DE GOMA SABOR FRUTAS","Nombre del operador: HARIBO España S.A.U.","Dirección del operador: Ctra. Girona-Banyoles, KM 14 17844 Cornellà del Terri","Cantidad Neta: 150 g","Número de raciones por envase: 6"],"ingredients":[" Jarabe de glucosa; azúcar; gelatina; dextrosa; zumo de frutas a partir de concentrado: manzana, fresa, frambuesa, naranja, limón, piña; acidulante: ácido cítrico; concentrados de frutas y plantas: cártamo, espirulina, manzana, baya de saúco, naranja, grosella negra, kiwi, limón, aronia, mango, fruta de la pasión, uva; aroma; extracto de baya de saúco; agentes de recubrimiento: cera de abeja blanca y amarilla, cera de carnauba."],"conservation":" Mantener en lugar fresco y seco.","ean":"8426617005061"},{"full_name":"HARIBO Chamallows tubos de colores bolsa 250 g","name":"Chamallows tubos de colores bolsa 250 g","brand":"HARIBO ","img":"https://sgfm.elcorteingles.es/SGFM/dctm/MEDIA03/201701/16/00120630802609____1__600x600.jpg","price":"2,25 €","price_unit":"(9 € / Kilo)","categories":["Supermercado","Desayunos Dulces y pan","Desayunos, dulces y pan","Caramelos, chicles y golosinas","Caramelos de goma","HARIBO Chamallows tubos de colores bolsa 250 g"],"general_information":["Denominación del alimento: ESPUMAS DULCES","Nombre del operador: HARIBO España S.A.U.","Dirección del operador: Ctra. Girona-Banyoles, KM 14 17844 Cornellà del Terri","Cantidad Neta: 250 g","Número de raciones por envase: 10"],"ingredients":[" Jarabe de glucosa; azúcar; dextrosa; agua; humectante: sorbitol; gelatina; aroma; colorantes: curcumina, carmines, azul patente V."],"conservation":" Mantener en lugar fresco y seco.","ean":"8710575159585"},{"full_name":"HARIBO Chamallows Soft-Kiss nubes de chocolate bolsa 175 g","name":"Chamallows Soft-Kiss nubes de chocolate bolsa 175 g","brand":"HARIBO ","img":"https://sgfm.elcorteingles.es/SGFM/dctm/MEDIA03/201604/25/00120630800272____1__600x600.jpg","price":"1,69 €","price_unit":"(9,66 € / Kilo)","categories":["Supermercado","Desayunos Dulces y pan","Desayunos, dulces y pan","Caramelos, chicles y golosinas","Caramelos de goma","HARIBO Chamallows Soft-Kiss nubes de chocolate bolsa 175 g"],"general_information":["Denominación del alimento: ESPUMAS DULCES CON 51 % DE RECUBRIMIENTO AL CACAO","Nombre del operador: HARIBO España S.A.U.","Dirección del operador: Ctra. Girona-Banyoles, KM 14 17844 Cornellà del Terri","Cantidad Neta: 175 g","Número de raciones por envase: 7"],"ingredients":[" Recubrimiento al cacao (azúcar; grasas de coco y palma totalmente hidrogenadas en proporción variable; cacao desgrasado en polvo; leche desnatada en polvo; suero lácteo en polvo; lactosa; estabilizante: triestearato de sorbitano; emulgente: lecitina de soja; aroma); jarabe de glucosa; azúcar; agua; humectante: sorbitoles; dextrosa; gelatina; aroma."],"conservation":" Mantener en lugar fresco y seco.","ean":"5410358455219"},{"full_name":"HARIBO Happy Time caramelos de goma surtidos bolsa 135 g","name":"Happy Time caramelos de goma surtidos bolsa 135 g","brand":"HARIBO ","img":"https://sgfm.elcorteingles.es/SGFM/dctm/MEDIA02/CONTENIDOS/201510/26/00200230802241____1__600x600.jpg","price":"2,19 €","price_unit":"(16,22 € / Kilo)","categories":["Supermercado","Desayunos Dulces y pan","Desayunos, dulces y pan","Caramelos, chicles y golosinas","Caramelos de goma","HARIBO Happy Time caramelos de goma surtidos bolsa 135 g"],"general_information":["Denominación del alimento: SURTIDO DE GOLOSINAS","Nombre del operador: HARIBO España S.A.U.","Dirección del operador: Ctra. Girona-Banyoles, KM 14 17844 Cornellà del Terri","Cantidad Neta: 150 g","Número de raciones por envase: 6"],"ingredients":[" Jarabe de glucosa y fructosa; azúcar; agua; harina de trigo;  gelatina; dextrosa; almidón de maíz; humectante: jarabe de sorbitol; zumo de frutas a partir de concentrado: frambuesa, manzana, naranja, limón, fresa, piña; acidulante: ácido cítrico; almidón de trigo; grasa de palma; gelificante; pectina amidada; emulgente: monoglicéridos y diglicéridos de ácidos grasos; corrector de acidez: citrato trisódico; aroma; concentrados de frutas y plantas: rábano, grosella negra, manzana, cártamo, espirulina, kiwi, baya de saúco, aronia, uva, naranja, limón, mango, fruta de la pasión; extracto de baya de saúco; colorantes: curcumina, azul brillante FCF, complejos cúpricos de clorofilas, dióxido de titanio; agentes de recubrimiento: cera de abeja blanca y amarilla, cera de carnauba."],"conservation":" Mantener en lugar fresco y seco.","ean":"8426617005788"},{"full_name":"HARIBO ositos de oro el original desde 1922 bolsa 75 g","name":"ositos de oro el original desde 1922 bolsa 75 g","brand":"HARIBO ","img":"https://sgfm.elcorteingles.es/SGFM/dctm/MEDIA02/CONTENIDOS/201505/05/00120630802047____2__600x600.jpg","price":"1,15 €","price_unit":"(15,33 € / Kilo)","categories":["Supermercado","Desayunos Dulces y pan","Desayunos, dulces y pan","Caramelos, chicles y golosinas","Caramelos de goma","HARIBO ositos de oro el original desde 1922 bolsa 75 g"],"general_information":[],"ingredients":[],"ean":"8426617011017"},{"full_name":"CHUPA CHUPS caramelos de goma Candy Sushi bandeja 300 g","name":"caramelos de goma Candy Sushi bandeja 300 g","brand":"CHUPA CHUPS ","img":"https://sgfm.elcorteingles.es/SGFM/dctm/MEDIA03/201708/01/00120630803011____6__600x600.jpg","price":"4,99 €","price_unit":"(16,63 € / Kilo)","categories":["Supermercado","Desayunos Dulces y pan","Desayunos, dulces y pan","Caramelos, chicles y golosinas","Caramelos de goma","CHUPA CHUPS caramelos de goma Candy Sushi bandeja 300 g"],"general_information":["Denominación del alimento: Confitería mixta","País de origen: España","Nombre del operador: Chupa Chups S.A.U.","Dirección del operador: c/ De les Masies, 16 P.I. Sector Serra, 08635 Sant Esteve Sesrovires, Barcelona.","Cantidad Neta: 300 g"],"ingredients":[" Azúcar, jarabe de glucosa, jarabe de glucosa-fructosa, harina de trigo, agua, almidón, gelatina, estabilizantes (sorbitol, glicerol), dextrosa, ácidos (ácido cítrico, ácido málico, ácido fumárico) (coco, palma), zumo de uva concentrado, almidón modificado, aromas, agentes de acristalamiento (cera de abejas, cera de carnauba), humectante (sorbitol), colores (caramelo sulfito amoníaco, extracto de pimentón, carmines, carbono vegetal, curcumina, azul brillante FCF, azul patente V), regulador de la acidez (citratos de sodio), emulsificante (mono y diglicéridos de ácidos grasos), antioxidantes (ácido ascórbico, extracto rico en tocoferol), concentrados (manzana, calabaza, tomate, rábano), gelificante (pectina), manteca de karité."],"ean":"8713600285853"},{"full_name":"CHUPA CHUPS Gomis Lollies caramelos de goma con zumo de limón y aromas naturales bolsa 175 g","name":"Gomis Lollies caramelos de goma con zumo de limón y aromas naturales bolsa 175 g","brand":"CHUPA CHUPS ","img":"https://sgfm.elcorteingles.es/SGFM/dctm/MEDIA02/CONTENIDOS/201506/15/00120630802096____1__600x600.jpg","price":"1,85 €","price_unit":"(10,57 € / Kilo)","categories":["Supermercado","Desayunos Dulces y pan","Desayunos, dulces y pan","Caramelos, chicles y golosinas","Caramelos de goma","CHUPA CHUPS Gomis Lollies caramelos de goma con zumo de limón y aromas naturales bolsa 175 g"],"general_information":["Denominación del alimento: Gominolas","País de origen: España","Nombre del operador: Chupa Chups S.A.U.","Dirección del operador: c/ De les Masies, 16 P.I. Sector Serra, 08635 Sant Esteve Sesrovires, Barcelona.","Cantidad Neta: 175 g"],"ingredients":[" Jarabe de glucosa, azúcar, gelatina, jugo de limón (3%), acidificante (ácido láctico, ácido cítrico, ácido málico, ácido fumárico), aromas naturales, colores (curcumina, carmines, antocianina), azúcar moreno, concentrado vegetal (espirulina y cártamo)."],"ean":"8410031959413"},{"full_name":"CHUPA CHUPS Gomis Margaritas caramelos de goma con zumo de limón y aromas naturales bolsa 175 g","name":"Gomis Margaritas caramelos de goma con zumo de limón y aromas naturales bolsa 175 g","brand":"CHUPA CHUPS ","img":"https://sgfm.elcorteingles.es/SGFM/dctm/MEDIA02/CONTENIDOS/201506/15/00120630802088____1__600x600.jpg","price":"1,85 €","price_unit":"(10,57 € / Kilo)","categories":["Supermercado","Desayunos Dulces y pan","Desayunos, dulces y pan","Caramelos, chicles y golosinas","Caramelos de goma","CHUPA CHUPS Gomis Margaritas caramelos de goma con zumo de limón y aromas naturales bolsa 175 g"],"general_information":["Denominación del alimento: Dulces de goma","País de origen: España","Nombre del operador: Chupa Chups S.A.U.","Dirección del operador: c/ De les Masies, 16 P.I. Sector Serra, 08635 Sant Esteve Sesrovires, Barcelona.","Cantidad Neta: 175 g"],"ingredients":[" Jarabe de glucosa, azúcar, gelatina, jugo de limón (3%), ácido cítrico, aromas naturales, colores (curcumina, carmines, antonianina), concetrado vegetal (espirulina y cártamo)."],"ean":"8410031959406"},{"full_name":"NIMM2 SMILE GUMMI caramelos de goma con zumo de frutas y vitaminas sabor ácido bolsa 100 g","name":"caramelos de goma con zumo de frutas y vitaminas sabor ácido bolsa 100 g","brand":"NIMM2 SMILE GUMMI ","img":"https://sgfm.elcorteingles.es/SGFM/dctm/MEDIA03/201603/07/00120630801643____1__600x600.jpg","price":"0,99 €","price_unit":"(9,90 € / Kilo)","categories":["Supermercado","Desayunos Dulces y pan","Desayunos, dulces y pan","Caramelos, chicles y golosinas","Caramelos de goma","NIMM2 SMILE GUMMI caramelos de goma con zumo de frutas y vitaminas sabor ácido bolsa 100 g"],"general_information":["Denominación del alimento: Caramelos blandos con zumo de frutas y 6 vitaminas.","Nombre del operador: Storck Iberica S.L.U.","Dirección del operador: Ctra. Real 340, n.° 122-A, 5.a Planta 08960 Sant Just Desvern (Barcelona)","Cantidad Neta: 100 g"],"ingredients":[" Azúcar, jarabe de glucosa, zumo de uva (5 %) a partir de concentrado, gelatina, acidulantes: ácido málico, ácido láctico y ácido cítrico, almidón modificado, humectante: jarabe de sorbitol, corrector de acidez: lactato cálcico, aromas, extractos vegetales (zanahoria negra, girasol, espirulina, cúrcuma, pimentón), niacina, vitamina E, ácido pantoténico, vitamina B6, biotina, vitamina B12. Puede contener también trazas de leche."],"conservation":" ¡Proteger del calor y de la humedad!","ean":"4014400911039"},{"full_name":"NIMM2 SMILE GUMMI caramelos de goma con zumo de frutas y vitaminas sabor fruta y yogur bolsa 100 g","name":"caramelos de goma con zumo de frutas y vitaminas sabor fruta y yogur bolsa 100 g","brand":"NIMM2 SMILE GUMMI ","img":"https://sgfm.elcorteingles.es/SGFM/dctm/MEDIA03/201603/07/00120630801619____1__600x600.jpg","price":"0,99 €","price_unit":"(9,90 € / Kilo)","categories":["Supermercado","Desayunos Dulces y pan","Desayunos, dulces y pan","Caramelos, chicles y golosinas","Caramelos de goma","NIMM2 SMILE GUMMI caramelos de goma con zumo de frutas y vitaminas sabor fruta y yogur bolsa 100 g"],"general_information":["Denominación del alimento: Caramelos blandos con zumo de frutas y una capa de leche fermentada desnatada (40 %), con 6 vitaminas.","Nombre del operador: Storck Iberica S.L.U.","Dirección del operador: Ctra. Real 340, n.° 122-A, 5.a Planta 08960 Sant Just Desvern (Barcelona)","Cantidad Neta: 100 g"],"ingredients":[" Jarabe de glucosa, azúcar, gelatina, zumo de frutas (5 %) a partir de concentrado (uva, granos de saúco), leche fermentada desnatada en polvo (2,1 %), acidu­lantes (ácido cítrico y ácido láctico), gelificante: pectina, aromas, hidrolizados de proteínas de la leche, extractos vegetales (ortiga, espinaca, pimentón, cúrcuma), niacina, vitamina E, ácido pantoténico, vita­mina B6, biotina, vitamina B12, agentes de recubrimiento (cera carnauba, cera de abejas)."],"conservation":" ¡Proteger del calor y de la humedad!","ean":"4014400913057"},{"full_name":"NIMM2 SMILE GUMMI caramelos de goma con zumo de frutas y vitaminas sabor frutas diversas bolsa 100 g","name":"caramelos de goma con zumo de frutas y vitaminas sabor frutas diversas bolsa 100 g","brand":"NIMM2 SMILE GUMMI ","img":"https://sgfm.elcorteingles.es/SGFM/01/62/7/0120630801627/0120630801627000g01011.jpg","price":"0,99 €","price_unit":"(9,90 € / Kilo)","categories":["Supermercado","Desayunos Dulces y pan","Desayunos, dulces y pan","Caramelos, chicles y golosinas","Caramelos de goma","NIMM2 SMILE GUMMI caramelos de goma con zumo de frutas y vitaminas sabor frutas diversas bolsa 100 g"],"general_information":["Denominación del alimento: Caramelos blandos con zumo de frutas y 6 vitaminas.","Nombre del operador: Storck Iberica S.L.U.","Dirección del operador: Ctra. Real 340, n.° 122-A, 5.a Planta 08960 Sant Just Desvern (Barcelona)","Cantidad Neta: 100 g"],"ingredients":[" Jarabe de glucosa, azúcar, gelatina, zumo de frutas (5 %) a partir de concentrado (uva, granos de saúco), acidulantes (ácido cítrico y ácido láctico), aromas, extractos vegetales (ortiga, espinaca, pimentón, cúrcuma), niacina, vitamina E, ácido pantoténico, vitamina B6, biotina, vitamina B12, agentes de recubri­miento (cera carnauba, cera de abejas). Puede contener también trazas de leche."],"conservation":" ¡Proteger del calor y de la humedad!","ean":"4014400907278"},{"full_name":"NIMM2 SMILE GUMMI caramelos de goma con zumo de frutas y vitaminas sabor yogur bolsa 100 g","name":"caramelos de goma con zumo de frutas y vitaminas sabor yogur bolsa 100 g","brand":"NIMM2 SMILE GUMMI ","img":"https://sgfm.elcorteingles.es/SGFM/dctm/MEDIA03/201603/07/00120630801635____1__600x600.jpg","price":"0,99 €","price_unit":"(9,90 € / Kilo)","categories":["Supermercado","Desayunos Dulces y pan","Desayunos, dulces y pan","Caramelos, chicles y golosinas","Caramelos de goma","NIMM2 SMILE GUMMI caramelos de goma con zumo de frutas y vitaminas sabor yogur bolsa 100 g"],"general_information":["Denominación del alimento: Caramelos blandos con zumo de frutas y leche fermentada desnatada, con 6 vitaminas.","Nombre del operador: Storck Iberica S.L.U.","Dirección del operador: Ctra. Real 340, n.° 122-A, 5.a Planta 08960 Sant Just Desvern (Barcelona)","Cantidad Neta: 100 g"],"ingredients":[" Jarabe de glucosa, azúcar, leche fermentada desnatada en polvo (5,5 %), zumo de frutas (5 %) a partir de concentrado (uva, granos de saúco), gelatina, acidulantes (ácido cítrico y ácido láctico), gelificante: pectina, hidrolizados de proteínas de la leche, aromas, extractos vegetales (ortiga, espinaca, pimentón, cúrcuma), niacina, vitamina E, ácido pantoténico, vitamina B6, biotina, vitamina B12, agentes de recubrimiento (cera carnauba, cera de abejas)."],"conservation":" ¡Proteger del calor y de la humedad!","ean":"4014400913040"},{"full_name":"FUNDASHOP Candly Bottle botella solidaria de gominolas envase 214 g","name":"Candly Bottle botella solidaria de gominolas envase 214 g","brand":"FUNDASHOP ","img":"https://sgfm.elcorteingles.es/SGFM/dctm/MEDIA03/201606/20/00120631101423____1__600x600.jpg","price":"5,75 €","price_unit":"(26,87 € / Kilo)","categories":["Supermercado","Desayunos Dulces y pan","Desayunos, dulces y pan","Caramelos, chicles y golosinas","Caramelos de goma","FUNDASHOP Candly Bottle botella solidaria de gominolas envase 214 g"],"general_information":[],"ingredients":[],"ean":"8437013423021"},{"full_name":"FIESTA Bokados Kojak caramelos de goma bolsa 100 g","name":"Bokados Kojak caramelos de goma bolsa 100 g","brand":"FIESTA ","img":"https://sgfm.elcorteingles.es/SGFM/dctm/MEDIA03/201704/20/00120630802781____1__600x600.jpg","price":"1,55 €","price_unit":"(15,50 € / Kilo)","categories":["Supermercado","Desayunos Dulces y pan","Desayunos, dulces y pan","Caramelos, chicles y golosinas","Caramelos de goma","FIESTA Bokados Kojak caramelos de goma bolsa 100 g"],"general_information":[],"ingredients":[],"ean":"8411402281638"},{"full_name":"FUNMACIA Suplemento de Cumpleaños caramelos de goma bote 190 g","name":"Suplemento de Cumpleaños caramelos de goma bote 190 g","brand":"FUNMACIA ","img":"https://sgfm.elcorteingles.es/SGFM/dctm/MEDIA02/CONTENIDOS/201601/15/00120630802229____1__600x600.jpg","price":"3,49 €","price_unit":"(18,37 € / Kilo)","categories":["Supermercado","Desayunos Dulces y pan","Desayunos, dulces y pan","Caramelos, chicles y golosinas","Caramelos de goma","FUNMACIA Suplemento de Cumpleaños caramelos de goma bote 190 g"],"general_information":[],"ingredients":[],"ean":"5600883840967"},{"full_name":"FUNMACIA Kids Beari caramelos de gomas ricos en vitamina C sin gluten bote 85 g","name":"Kids Beari caramelos de gomas ricos en vitamina C sin gluten bote 85 g","brand":"FUNMACIA ","img":"https://sgfm.elcorteingles.es/SGFM/dctm/MEDIA03/201709/07/00120630803029____6__600x600.jpg","price":"1,99 €","price_unit":"(23,41 € / Kilo)","categories":["Supermercado","Desayunos Dulces y pan","Desayunos, dulces y pan","Caramelos, chicles y golosinas","Caramelos de goma","FUNMACIA Kids Beari caramelos de gomas ricos en vitamina C sin gluten bote 85 g"],"general_information":[],"ingredients":[],"ean":"5600879705904"},{"full_name":"FUNMACIA Kids Whally caramelos de goma ricos en vitamina C sin gluten bote 85 g","name":"Kids Whally caramelos de goma ricos en vitamina C sin gluten bote 85 g","brand":"FUNMACIA ","img":"https://sgfm.elcorteingles.es/SGFM/dctm/MEDIA03/201709/07/00120630803037____6__600x600.jpg","price":"1,99 €","price_unit":"(23,41 € / Kilo)","categories":["Supermercado","Desayunos Dulces y pan","Desayunos, dulces y pan","Caramelos, chicles y golosinas","Caramelos de goma","FUNMACIA Kids Whally caramelos de goma ricos en vitamina C sin gluten bote 85 g"],"general_information":[],"ingredients":[],"ean":"5600879705911"},{"full_name":"SWEETPEOPLE Sushi Gourmet caramelos blandos surtidos envase 200 g","name":"Sushi Gourmet caramelos blandos surtidos envase 200 g","brand":"SWEETPEOPLE ","img":"https://sgfm.elcorteingles.es/SGFM/dctm/MEDIA03/201706/07/00120630802443____1__600x600.jpg","price":"2,00 €","price_unit":"(10 € / Kilo)","categories":["Supermercado","Desayunos Dulces y pan","Desayunos, dulces y pan","Caramelos, chicles y golosinas","Caramelos de goma","SWEETPEOPLE Sushi Gourmet caramelos blandos surtidos envase 200 g"],"general_information":[],"ingredients":[],"ean":"8436538781098"},{"full_name":"VIDAL Party Mix gominolas surtidas envasadas en bolsitas bolsa 450 g","name":"Party Mix gominolas surtidas envasadas en bolsitas bolsa 450 g","brand":"VIDAL ","img":"https://sgfm.elcorteingles.es/SGFM/dctm/MEDIA02/CONTENIDOS/201506/15/00120630802104____1__600x600.jpg","price":"3,55 €","price_unit":"(7,89 € / Kilo)","categories":["Supermercado","Desayunos Dulces y pan","Desayunos, dulces y pan","Caramelos, chicles y golosinas","Caramelos de goma","VIDAL Party Mix gominolas surtidas envasadas en bolsitas bolsa 450 g"],"general_information":["Denominación del alimento: Geles dulces","Nombre del operador: VIDAL GOLOSINAS, S.A.","Dirección del operador: Avda. Gutiérrez Mellado, s/n 30500","Cantidad Neta: 450 g"],"ingredients":[" Azúcar, Jarabe de glucosa, Jarabe de glucosa y fructosa, Almidón de maíz, Goma base, Jarabe de azúcar invertido, Gelatina; Acidulante: Ácido cítrico, Ácido málico, Ácido láctico; Harina de trigo, Almidón de trigo, Grasa de palma; Humectante: Glicerina, Sorbitoles; Almidón modificado de patata, aromas; Emulgente: E471, Lecitina de soja, Lecitina de girasol; Dextrosa, Almidón de patata; Concentrado vegetal: Limón, Cártamo, Rábano, Zanahoria, Grosella negra, Tomate, Manzana, Calabaza, Pimiento; Corrector de acidez: Citratos de potasio; Proteínas de la leche; Agente de recubrimiento: Goma Laca, Cera de Abejas, Cera carnauba; Espesante: Goma arábiga; aceites vegetales (coco, palmiste), Sal, Aceite de oliva; Antioxidante: BHA, Colorantes: E100, E120, E133, E141, E150d, E160a, E162, E171."],"conservation":" Conservar en lugar fresco y seco","ean":"8413178281645"},{"full_name":"VIDAL SoftFruit gominolas con sabores frutales sin gluten envueltos individualmente bote 350 g","name":"SoftFruit gominolas con sabores frutales sin gluten envueltos individualmente bote 350 g","brand":"VIDAL ","img":"https://sgfm.elcorteingles.es/SGFM/dctm/MEDIA03/201602/22/00120630802310____1__600x600.jpg","price":"2,75 €","price_unit":"(7,86 € / Kilo)","categories":["Supermercado","Desayunos Dulces y pan","Desayunos, dulces y pan","Caramelos, chicles y golosinas","Caramelos de goma","VIDAL SoftFruit gominolas con sabores frutales sin gluten envueltos individualmente bote 350 g"],"general_information":[],"ingredients":[],"ean":"8413178282291"},{"full_name":"WONKANDY I Love You caramelos de goma bote 1145 g","name":"I Love You caramelos de goma bote 1145 g","brand":"WONKANDY ","img":"https://sgfm.elcorteingles.es/SGFM/dctm/MEDIA03/201710/19/00200230803033____1__600x600.jpg","price":"4,99 €","price_unit":"(4,36 € / Kilo)","categories":["Supermercado","Desayunos Dulces y pan","Desayunos, dulces y pan","Caramelos, chicles y golosinas","Caramelos de goma","WONKANDY I Love You caramelos de goma bote 1145 g"],"general_information":[],"ingredients":[],"ean":"9091301394845"},{"full_name":"WONKANDY Tetris caramelos de goma bote 1145 g","name":"Tetris caramelos de goma bote 1145 g","brand":"WONKANDY ","img":"https://sgfm.elcorteingles.es/SGFM/dctm/MEDIA03/201710/19/00200230803058____1__600x600.jpg","price":"4,99 €","price_unit":"(4,36 € / Kilo)","categories":["Supermercado","Desayunos Dulces y pan","Desayunos, dulces y pan","Caramelos, chicles y golosinas","Caramelos de goma","WONKANDY Tetris caramelos de goma bote 1145 g"],"general_information":[],"ingredients":[],"ean":"9091300458326"},{"full_name":"WONKANDY caramelos de goma de emoticonos bote 800 g","name":"caramelos de goma de emoticonos bote 800 g","brand":"WONKANDY ","img":"https://sgfm.elcorteingles.es/SGFM/dctm/MEDIA03/201710/19/00200230803025____1__600x600.jpg","price":"4,99 €","price_unit":"(6,24 € / Kilo)","categories":["Supermercado","Desayunos Dulces y pan","Desayunos, dulces y pan","Caramelos, chicles y golosinas","Caramelos de goma","WONKANDY caramelos de goma de emoticonos bote 800 g"],"general_information":[],"ingredients":[],"ean":"9091301152070"},{"full_name":"WONKANDY Brush your teeth caramelos de goma bote 620 g","name":"Brush your teeth caramelos de goma bote 620 g","brand":"WONKANDY ","img":"https://sgfm.elcorteingles.es/SGFM/dctm/MEDIA03/201710/19/00200230803041____1__600x600.jpg","price":"4,99 €","price_unit":"(8,05 € / Kilo)","categories":["Supermercado","Desayunos Dulces y pan","Desayunos, dulces y pan","Caramelos, chicles y golosinas","Caramelos de goma","WONKANDY Brush your teeth caramelos de goma bote 620 g"],"general_information":[],"ingredients":[],"ean":"9091300516385"},{"full_name":"SUGUS caramelos blandos surtidos bolsa 1 kg","name":"caramelos blandos surtidos bolsa 1 kg","brand":"SUGUS ","img":"https://sgfm.elcorteingles.es/SGFM/00/22/9/0120630500229/0120630500229000g01011.jpg","price":"7,35 €","price_unit":"(7,35 € / Kilo)","categories":["Supermercado","Desayunos Dulces y pan","Desayunos, dulces y pan","Caramelos, chicles y golosinas","Caramelos blandos","SUGUS caramelos blandos surtidos bolsa 1 kg"],"general_information":["Denominación del alimento: Caramelos blandos con sabor a fruta y zumo de fruta concentrado","Nombre del operador: Wrigley Co SLU","Dirección del operador: Via Augusta 2bis, 3º. Barcelona 08006","Cantidad Neta: 1000 g","Otras menciones obligatorias en la etiqueta: Un consumo excesivo puede tener efectos laxantes."],"ingredients":[" Jarabe de glucosa, azúcar, aceite de palma, acidulante ácido cítrico, zumo de fruta concentrado 0,5%(Naranja, piña, limón, fresa, cereza), almidón modificado, dextrina, aromas, maltodextrina, emulgente lecitina de soja,  colorantes rojo remolacha, beta-caroteno."],"conservation":" Mantener en lugar fresco y seco.","ean":"4009900406512"},{"full_name":"SUGUS caramelos blandos surtidos bolsa 150 g","name":"caramelos blandos surtidos bolsa 150 g","brand":"SUGUS ","img":"https://sgfm.elcorteingles.es/SGFM/00/11/2/0120630500112/0120630500112000g01011.jpg","price":"1,45 €","price_unit":"(9,67 € / Kilo)","categories":["Supermercado","Desayunos Dulces y pan","Desayunos, dulces y pan","Caramelos, chicles y golosinas","Caramelos blandos","SUGUS caramelos blandos surtidos bolsa 150 g"],"general_information":["Denominación del alimento: Caramelos blandos con sabor a fruta y zumo de fruta concentrado","Nombre del operador: Wrigley Co SLU","Dirección del operador: Via Augusta 2bis, 3º. Barcelona 08006","Cantidad Neta: 150 g"],"ingredients":[" Jarabe de glucosa, azúcar, aceite de palma, acidulante ácido cítrico, zumo de fruta concentrado 0,5%(Naranja, piña, limón, fresa, cereza), almidón modificado, dextrina, aromas, maltodextrina, emulgente lecitina de soja,  colorantes rojo remolacha, beta-caroteno."],"conservation":" Mantener en lugar fresco y seco.","ean":"4009900403825"},{"full_name":"EL CASERIO caramelos blando dulce de leche ligeros sin azúcar bolsa 130 g","name":"caramelos blando dulce de leche ligeros sin azúcar bolsa 130 g","brand":"EL CASERIO ","img":"https://sgfm.elcorteingles.es/SGFM/dctm/MEDIA02/CONTENIDOS/201411/19/00120630500179____1__600x600.jpg","price":"3,05 €","price_unit":"(23,46 € / Kilo)","categories":["Supermercado","Desayunos Dulces y pan","Desayunos, dulces y pan","Caramelos, chicles y golosinas","Caramelos blandos","EL CASERIO caramelos blando dulce de leche ligeros sin azúcar bolsa 130 g"],"general_information":["Denominación del alimento: Caramelos Duros","Nombre del operador: EL CASERIO S.A.","Dirección del operador: Polígono Industrial La Nava Ampliación, Parcela B4, C.P.31300 Tafalla, Navarra, España.","Cantidad Neta: 130 g"],"ingredients":[" Edulcorantes(Isomalt, Jarabe de Maltitol), Leche (22%), Edulcorantes (E950, E959), Café."],"ean":"8412968000220"},{"full_name":"EL CASERIO DE TAFALLA caramelos de crema de café y leche bolsa 130 g","name":"caramelos de crema de café y leche bolsa 130 g","brand":"EL CASERIO DE TAFALLA ","img":"https://sgfm.elcorteingles.es/SGFM/dctm/MEDIA02/CONTENIDOS/201512/21/00120630501383____2__600x600.jpg","price":"1,85 €","price_unit":"(14,23 € / Kilo)","categories":["Supermercado","Desayunos Dulces y pan","Desayunos, dulces y pan","Caramelos, chicles y golosinas","Caramelos blandos","EL CASERIO DE TAFALLA caramelos de crema de café y leche bolsa 130 g"],"general_information":["Denominación del alimento: Caramelos Crema de Café y Leche","Nombre del operador: Aperitivos y Extrusionados S.A.U","Dirección del operador: Polígono El Ginestar, A-68, km. 104 31550 Ribaforada (Navarra)","Cantidad Neta: 130 g"],"ingredients":[" Azúcar, jarabe de glucosa, leche (22%), humectante: sorbitol, mantequilla (leche), aroma de café (0.4%), emulgente: Monogliceridos y digliceridos de acidos grasos, emulgente: Lecitina de soja, sal, café (0.008%)"],"conservation":" Manténgase en lugar fresco, seco y alejado de la luz","ean":"8412968260044"},{"full_name":"EL CASERIO DE TAFALLA caramelos blandos con piñones bolsa 85 g","name":"caramelos blandos con piñones bolsa 85 g","brand":"EL CASERIO DE TAFALLA ","img":"https://sgfm.elcorteingles.es/SGFM/dctm/CONTENIDOS/201511/24/00120630501359____2__600x600.jpg","price":"1,65 €","price_unit":"(19,41 € / Kilo)","categories":["Supermercado","Desayunos Dulces y pan","Desayunos, dulces y pan","Caramelos, chicles y golosinas","Caramelos blandos","EL CASERIO DE TAFALLA caramelos blandos con piñones bolsa 85 g"],"general_information":["Denominación del alimento: Caramelos con Piñones","Nombre del operador: Aperitivos y Extrusionados S.A.U","Dirección del operador: Polígono El Ginestar, A-68, km. 104 31550 Ribaforada (Navarra)","Cantidad Neta: 85 g"],"ingredients":[" Azúcar, jarabe de glucosa, leche, piñones, soporte: agua, emulgente: E-471, café"],"conservation":" Manténgase en lugar fresco, seco y alejado de la luz","ean":"8412968010014"},{"full_name":"EL CASERIO DE TAFALLA caramelos blandos ligeros con piñones bolsa 85 g","name":"caramelos blandos ligeros con piñones bolsa 85 g","brand":"EL CASERIO DE TAFALLA ","img":"https://sgfm.elcorteingles.es/SGFM/dctm/MEDIA02/CONTENIDOS/201511/16/00120630501367____1__600x600.jpg","price":"1,50 €","price_unit":"(17,65 € / Kilo)","categories":["Supermercado","Desayunos Dulces y pan","Desayunos, dulces y pan","Caramelos, chicles y golosinas","Caramelos blandos","EL CASERIO DE TAFALLA caramelos blandos ligeros con piñones bolsa 85 g"],"general_information":["Denominación del alimento: Caramelos Ligeros con piñones sin azucares añadidos","Nombre del operador: Aperitivos y Extrusionados S.A.U","Dirección del operador: Polígono El Ginestar, A-68, km. 104 31550 Ribaforada (Navarra)","Cantidad Neta: 85 g"],"ingredients":[" Edulcorante: ( Isomalt, Jarabe de Malitol), leche, piñones, soporte: agua, emulgente: E-471, edulcorantes (E-950,E-959), cafe."],"conservation":" Manténgase en lugar fresco, seco y alejado de la luz","ean":"8412968231044"},{"full_name":"EL CASERIO DE TAFALLA caramelos blandos de chocolate con piñones bolsa 85 g","name":"caramelos blandos de chocolate con piñones bolsa 85 g","brand":"EL CASERIO DE TAFALLA ","img":"https://sgfm.elcorteingles.es/SGFM/dctm/MEDIA02/CONTENIDOS/201511/16/00120630501375____1__600x600.jpg","price":"1,65 €","price_unit":"(19,41 € / Kilo)","categories":["Supermercado","Desayunos Dulces y pan","Desayunos, dulces y pan","Caramelos, chicles y golosinas","Caramelos blandos","EL CASERIO DE TAFALLA caramelos blandos de chocolate con piñones bolsa 85 g"],"general_information":["Denominación del alimento: Caramelos chocolate con piñones","Nombre del operador: Aperitivos y Extrusionados S.A.U","Dirección del operador: Polígono El Ginestar, A-68, km. 104 31550 Ribaforada (Navarra)","Cantidad Neta: 85 g"],"ingredients":[" Azúcar, jarabe de glucosa, leche, piñones (10%), chocolate negro (9%) (Pasta de cacao, azúcar, manteca de cacap, emulgente: lecitina de soja, aroma natural de vainilla), Emulgente: Lecitina de soja, emulgente: E-471, Aroma de chocolate (0.03%)"],"conservation":" Manténgase en lugar fresco, seco y alejado de la luz","ean":"8412968232041"},{"full_name":"VIRGINIAS Mix caramelos blandos surtidos bolsa 170 g","name":"Mix caramelos blandos surtidos bolsa 170 g","brand":"VIRGINIAS ","img":"https://sgfm.elcorteingles.es/SGFM/00/18/7/0120630500187/0120630500187000g01011.jpg","price":"3,85 €","price_unit":"(22,65 € / Kilo)","categories":["Supermercado","Desayunos Dulces y pan","Desayunos, dulces y pan","Caramelos, chicles y golosinas","Caramelos blandos","VIRGINIAS Mix caramelos blandos surtidos bolsa 170 g"],"general_information":["Denominación del alimento: Caramelo blando sabor frutas","Nombre del operador: Industrias Rodríguez, S.A.","Dirección del operador: Paseo Sunyer, nº 8, 43202 Reus (Tarragona)","Cantidad Neta: 160 g"],"ingredients":[" Jarabe de glucosa, azúcar, espesante (dextrina de maíz), grasa vegetal hidrogenada de coco, acidulante (ácido cítrico), aromas, proteína de leche, emulgente (E-471) y colorantes según sabor (E-100, E-120, E-160c). Puede contener trazas de huevo, soja y frutos de cáscara"],"conservation":" Mantener en lugar fresco y seco.","ean":"8410196020485"},{"full_name":"VIRGINIAS Mix caramelos blandos sabor frutos rojos con stevia y sin azúcares añadidos bolsa 85 g sin gluten","name":"Mix caramelos blandos sabor frutos rojos con stevia y sin azúcares añadidos bolsa 85 g","brand":"VIRGINIAS ","img":"https://sgfm.elcorteingles.es/SGFM/dctm/MEDIA03/201705/05/00120630501581____1__600x600.jpg","price":"1,65 €","price_unit":"(19,41 € / Kilo)","categories":["Supermercado","Desayunos Dulces y pan","Desayunos, dulces y pan","Caramelos, chicles y golosinas","Caramelos blandos","VIRGINIAS Mix caramelos blandos sabor frutos rojos con stevia y sin azúcares añadidos bolsa 85 g sin gluten"],"general_information":["Denominación del alimento: Caramelo blando sabor frutos rojos sin azúcares añadidos. Con edulcorantes","Nombre del operador: Industrias Rodríguez, S.A.","Dirección del operador: Paseo Sunyer, nº 8, 43202 Reus (Tarragona)","Cantidad Neta: 85 g","Otras menciones obligatorias en la etiqueta: Contiene azúcares naturalmente presentes. Un consumo excesivo puede producir efectos laxantes."],"ingredients":[" Edulcorantes (jarabe de maltitol, manitol), grasa vegetal de coco,  maltodextrina, acidulante (ácido cítrico), zumo concentrado de frutas (0,3%), emulgente (E-471), edulcorante (glucósidos de esteviol), aromas, colorantes (E-120 , E- 131 ). Puede contener trazas de huevo, proteína de la leche,  soja y frutos de cáscara"],"conservation":" Mantener en lugar fresco y seco.","ean":"8410196016259"},{"full_name":"VIRGINIAS Mix caramelos blandos sabor melón y sandia con stevia y sin azúcares añadidos bolsa 85 g sin gluten","name":"Mix caramelos blandos sabor melón y sandia con stevia y sin azúcares añadidos bolsa 85 g","brand":"VIRGINIAS ","img":"https://sgfm.elcorteingles.es/SGFM/dctm/MEDIA03/201705/05/00120630501599____1__600x600.jpg","price":"1,65 €","price_unit":"(19,41 € / Kilo)","categories":["Supermercado","Desayunos Dulces y pan","Desayunos, dulces y pan","Caramelos, chicles y golosinas","Caramelos blandos","VIRGINIAS Mix caramelos blandos sabor melón y sandia con stevia y sin azúcares añadidos bolsa 85 g sin gluten"],"general_information":["Denominación del alimento: Caramelo blando sabor melón y sandía sin azúcares añadidos. Con edulcorantes","Nombre del operador: Industrias Rodríguez, S.A.","Dirección del operador: Paseo Sunyer, nº 8, 43202 Reus (Tarragona)","Cantidad Neta: 85 g","Otras menciones obligatorias en la etiqueta: Contiene azúcares naturalmente presentes. Un consumo excesivo puede producir efectos laxantes."],"ingredients":[" Edulcorantes (jarabe de maltitol, manitol), grasa vegetal de coco,  maltodextrina, acidulante (ácido cítrico), zumo concentrado de frutas (0,3%),  emulgente (E-471), edulcorante (glucósidos de esteviol), aromas, colorantes (E-120 , E-141 ). Puede contener trazas de huevo, proteína de la leche,  soja y frutos de cáscara"],"conservation":" Mantener en lugar fresco y seco.","ean":"8410196016273"},{"full_name":"VIRGINIAS Mix caramelos blandos sabor 5 frutas con stevia y sin azúcares añadidos bolsa 85 g sin gluten","name":"Mix caramelos blandos sabor 5 frutas con stevia y sin azúcares añadidos bolsa 85 g","brand":"VIRGINIAS ","img":"https://sgfm.elcorteingles.es/SGFM/dctm/MEDIA03/201705/05/00120630501607____1__600x600.jpg","price":"1,69 €","price_unit":"(19,88 € / Kilo)","categories":["Supermercado","Desayunos Dulces y pan","Desayunos, dulces y pan","Caramelos, chicles y golosinas","Caramelos blandos","VIRGINIAS Mix caramelos blandos sabor 5 frutas con stevia y sin azúcares añadidos bolsa 85 g sin gluten"],"general_information":["Denominación del alimento: Caramelo blando sabor frutas sin azúcares añadidos. Con edulcorantes","Nombre del operador: Industrias Rodríguez, S.A.","Dirección del operador: Paseo Sunyer, nº 8, 43202 Reus (Tarragona)","Cantidad Neta: 85 g","Otras menciones obligatorias en la etiqueta: Contiene azúcares naturalmente presentes. Un consumo excesivo puede producir efectos laxantes."],"ingredients":[" Edulcorantes (jarabe de maltitol, manitol), grasa vegetal de coco,  maltodextrina, acidulante (ácido cítrico), zumo concentrado de frutas (0,3%): limón, naranja, fresa, cereza y piña, emulgente (E-471), edulcorante (glucósidos de esteviol), aromas, colorantes (E-100, E-120 , E-160c). Puede contener trazas de huevo, proteína de la leche,  soja y frutos de cáscara"],"conservation":" Mantener en lugar fresco y seco.","ean":"8410196016280"},{"full_name":"SKITTLES caramelos masticables con sabor a frutas bolsa 174 g","name":"caramelos masticables con sabor a frutas bolsa 174 g","brand":"SKITTLES ","img":"https://sgfm.elcorteingles.es/SGFM/dctm/MEDIA02/CONTENIDOS/201412/04/00120630501235____1__600x600.jpg","price":"1,99 €","price_unit":"(11,44 € / Kilo)","categories":["Supermercado","Desayunos Dulces y pan","Desayunos, dulces y pan","Caramelos, chicles y golosinas","Caramelos blandos","SKITTLES caramelos masticables con sabor a frutas bolsa 174 g"],"general_information":["Denominación del alimento: Caramelos masticables con una crujiente capa de azúcar con sabor a frutas ácidas","Nombre del operador: Wrigley Co SLU","Dirección del operador: Via Augusta 2bis, 3º. Barcelona 08006","Cantidad Neta: 174 g","Otras menciones obligatorias en la etiqueta: Un consumo excesivo puede tener efectos laxantes."],"ingredients":[" Azúcar, jarabe de glucosa, aceite de palma, acidulantes ácido tartárico, ácido cítrico, ácido málico,; almidón modificado, dextrina, maldodextrina, aromas, corrector de la acidez citrato trisódico; agente de recubrimiento cera carnauba, colorantes (E100, E120, E132, E133, E160e, E171"],"conservation":" Mantener en lugar fresco y seco.","ean":"4009900465304"},{"full_name":"SKITTLES caramelos masticables con sabor a frutas bolsa 174 g","name":"caramelos masticables con sabor a frutas bolsa 174 g","brand":"SKITTLES ","img":"https://sgfm.elcorteingles.es/SGFM/dctm/MEDIA02/CONTENIDOS/201412/04/00120630501227____1__600x600.jpg","price":"1,99 €","price_unit":"(11,44 € / Kilo)","categories":["Supermercado","Desayunos Dulces y pan","Desayunos, dulces y pan","Caramelos, chicles y golosinas","Caramelos blandos","SKITTLES caramelos masticables con sabor a frutas bolsa 174 g"],"general_information":["Denominación del alimento: Caramelos masticables con una crujiente capa de azúcar con sabor a frutas","Nombre del operador: Wrigley Co SLU","Dirección del operador: Via Augusta 2bis, 3º. Barcelona 08006","Cantidad Neta: 174 g","Otras menciones obligatorias en la etiqueta: Un consumo excesivo puede tener efectos laxantes."],"ingredients":[" Azúcar, jarabe de glucosa, aceite de palma, acidulantes, ácido cítrico, ácido málico; dextrina, maltodextrina, aromas, almidón modificado, corrector de la acidez citrato trisódico, colorantes (E120, E100, E171, E132, E160e, E133, agente de recubrimiento cera de carnauba, emulgente esteres poliglicéricos de ácidos grasos."],"conservation":" Mantener en lugar fresco y seco.","ean":"4009900455299"},{"full_name":"SKITTLES caramelos masticables ácidos bolsa 38 g","name":"caramelos masticables ácidos bolsa 38 g","brand":"SKITTLES ","img":"https://sgfm.elcorteingles.es/SGFM/dctm/MEDIA02/CONTENIDOS/201502/09/00120630501219____1__600x600.jpg","price":"0,87 €","price_unit":"(22,89 € / Kilo)","categories":["Supermercado","Desayunos Dulces y pan","Desayunos, dulces y pan","Caramelos, chicles y golosinas","Caramelos blandos","SKITTLES caramelos masticables ácidos bolsa 38 g"],"general_information":["Denominación del alimento: Caramelos masticables con una crujiente capa de azúcar con sabor a frutas ácidas","Nombre del operador: Wrigley Co SLU","Dirección del operador: Via Augusta 2bis, 3º. Barcelona 08006","Cantidad Neta: 38 g","Otras menciones obligatorias en la etiqueta: Un consumo excesivo puede tener efectos laxantes."],"ingredients":[" Azúcar, jarabe de glucosa, aceite de palma, acidulantes ácido tartárico, ácido cítrico, ácido málico,; almidón modificado, dextrina, maldodextrina, aromas, corrector de la acidez citrato trisódico; agente de recubrimiento cera carnauba, colorantes (E100, E120, E132, E133, E160e, E171"],"conservation":" Mantener en lugar fresco y seco.","ean":"5000159376792"},{"full_name":"SKITTLES caramelo masticable de frutas bolsa 38 g","name":"caramelo masticable de frutas bolsa 38 g","brand":"SKITTLES ","img":"https://sgfm.elcorteingles.es/SGFM/dctm/MEDIA02/CONTENIDOS/201502/16/00120630501201____2__600x600.jpg","price":"0,87 €","price_unit":"(22,89 € / Kilo)","categories":["Supermercado","Desayunos Dulces y pan","Desayunos, dulces y pan","Caramelos, chicles y golosinas","Caramelos blandos","SKITTLES caramelo masticable de frutas bolsa 38 g"],"general_information":["Denominación del alimento: Caramelos masticables con una crujiente capa de azúcar con sabor a frutas","Nombre del operador: Wrigley Co SLU","Dirección del operador: Via Augusta 2bis, 3º. Barcelona 08006","Cantidad Neta: 38 g","Otras menciones obligatorias en la etiqueta: Un consumo excesivo puede tener efectos laxantes."],"ingredients":[" Azúcar, jarabe de glucosa, aceite de palma, acidulantes, ácido cítrico, ácido málico; dextrina, maltodextrina, aromas, almidón modificado, corrector de la acidez citrato trisódico, colorantes (E120, E100, E171, E132, E160e, E133, agente de recubrimiento cera de carnauba, emulgente esteres poliglicéricos de ácidos grasos."],"conservation":" Mantener en lugar fresco y seco.","ean":"5000159376655"},{"full_name":"HARIBO Star Mint caramelos masticables menta intensa bolsa 200 g","name":"Star Mint caramelos masticables menta intensa bolsa 200 g","brand":"HARIBO ","img":"https://sgfm.elcorteingles.es/SGFM/dctm/MEDIA03/201602/09/00120630501417____1__600x600.jpg","price":"2,55 €","price_unit":"(12,75 € / Kilo)","categories":["Supermercado","Desayunos Dulces y pan","Desayunos, dulces y pan","Caramelos, chicles y golosinas","Caramelos blandos","HARIBO Star Mint caramelos masticables menta intensa bolsa 200 g"],"general_information":["Denominación del alimento: CARAMELOS GRAGEADOS SABOR MENTA","Nombre del operador: HARIBO España S.A.U.","Dirección del operador: Ctra. Girona-Banyoles, KM 14 17844 Cornellà del Terri","Cantidad Neta: 200 g","Número de raciones por envase: 8"],"ingredients":[" Azúcar; jarabe de glucosa; almidón; aroma; agente de recubrimiento: cera de carnauba."],"conservation":" Mantener en lugar fresco y seco.","ean":"3103220006603"},{"full_name":"DIETORELLE caramelo de naranja y limón rico en zumos de frutas con extracto de hojas de stevia bolsa 70 g","name":"caramelo de naranja y limón rico en zumos de frutas con extracto de hojas de stevia bolsa 70 g","brand":"DIETORELLE ","img":"https://sgfm.elcorteingles.es/SGFM/dctm/MEDIA02/CONTENIDOS/201504/21/00200230501645____1__600x600.jpg","price":"2,05 €","price_unit":"(29,29 € / Kilo)","categories":["Supermercado","Desayunos Dulces y pan","Desayunos, dulces y pan","Caramelos, chicles y golosinas","Caramelos blandos","DIETORELLE caramelo de naranja y limón rico en zumos de frutas con extracto de hojas de stevia bolsa 70 g"],"general_information":[" Nuevo Dietorelle Blando, el caramelo que te sorprende con su increíble textura. Es rico en zumo de frutas, con sabor natural y endulzados con extracto de Stevia, que garantiza menos calorías.","Precauciones: Un consumo excesivo puede tener efectos laxantes."],"ingredients":["Ingredientes: Edulcorantes (jarabe de maltitol, glucósidos de esteviol), agua, gelatina, zumo de fresa(6,5%) a base de concentrado, acidulante (ácido cítrico), estabilizador (glicerina), aceites vegetales (coco, palma), agente de recubrimiento (cera de abejas), aroma natural, extracto de baya de saúco."],"ean":"8013399145346"},{"full_name":"DIETORELLE caramelo de menta con extracto de hojas de stevia bolsa 70 g","name":"caramelo de menta con extracto de hojas de stevia bolsa 70 g","brand":"DIETORELLE ","img":"https://sgfm.elcorteingles.es/SGFM/dctm/MEDIA02/CONTENIDOS/201506/01/00200230501652____1__600x600.jpg","price":"2,15 €","price_unit":"(30,71 € / Kilo)","categories":["Supermercado","Desayunos Dulces y pan","Desayunos, dulces y pan","Caramelos, chicles y golosinas","Caramelos blandos","DIETORELLE caramelo de menta con extracto de hojas de stevia bolsa 70 g"],"general_information":["Denominación del alimento: Caramelos de goma con STEVIA sabor menta","Nombre del operador: Storck Iberica S.L.U.","Dirección del operador: Ctra. Real 340, n.° 122-A, 5.a Planta 08960 Sant Just Desvern (Barcelona)","Cantidad Neta: 70 g","Otras menciones obligatorias en la etiqueta: Un consumo excesivo puede producir efectos laxantes."],"ingredients":[" Edulcorantes (jarabe de maltitol, maltitol, glucósidos de esteviol), espesante (goma arábiga), gelificante: pectina, estabilizador (glicerina), extracto de ortiga, espinaca e cúrcuma,  aromas naturales de menta y anís, aceites vegetales (coco, palma), agente de recubrimiento (cera de abejas)."],"conservation":" Conservar en lugar fresco y seco (max 30°)","ean":"8013399145285"},{"full_name":"DIETORELLE caramelo de fresa rico en zumos de frutas con extracto de hojas de stevia bolsa 70 g","name":"caramelo de fresa rico en zumos de frutas con extracto de hojas de stevia bolsa 70 g","brand":"DIETORELLE ","img":"https://sgfm.elcorteingles.es/SGFM/dctm/MEDIA02/CONTENIDOS/201504/21/00120630501268____1__600x600.jpg","price":"2,05 €","price_unit":"(29,29 € / Kilo)","categories":["Supermercado","Desayunos Dulces y pan","Desayunos, dulces y pan","Caramelos, chicles y golosinas","Caramelos blandos","DIETORELLE caramelo de fresa rico en zumos de frutas con extracto de hojas de stevia bolsa 70 g"],"general_information":[" Nuevo Dietorelle Blando, sabor a fresa. El caramelo que te sorprende con su increíble textura. Es rico en zumo de frutas, con sabor natural y endulzados con extracto de Stevia, que garantiza menos calorías. Aproximadamente 8 calorías por caramelo.","Precauciones: Un consumo excesivo puede tener efectos laxantes."],"ingredients":["Ingredientes: Ingredientes:\n\nEdulcorantes (jarabe de maltitol, glucósidos de esteviol), agua, gelatina, zumo de fresa(6,5%) a base de concentrado, acidulante (ácido cítrico), estabilizador (glicerina), aceites vegetales (coco, palma), agente de recubrimiento (cera de abejas), aroma natural, extracto de baya de saúco."],"ean":"8013399145315"},{"full_name":"MAOAM MaoMix caramelos masticables surtidos bolsa 325 g","name":"MaoMix caramelos masticables surtidos bolsa 325 g","brand":"MAOAM ","img":"https://sgfm.elcorteingles.es/SGFM/dctm/MEDIA03/201706/13/00120630501631____1__600x600.jpg","price":"3,45 €","price_unit":"(10,62 € / Kilo)","categories":["Supermercado","Desayunos Dulces y pan","Desayunos, dulces y pan","Caramelos, chicles y golosinas","Caramelos blandos","MAOAM MaoMix caramelos masticables surtidos bolsa 325 g"],"general_information":["Denominación del alimento: CARAMELOS MASTICABLES EN PARTE SABOR COLA","Nombre del operador: HARIBO España S.A.U.","Dirección del operador: Ctra. Girona-Banyoles, KM 14 17844 Cornellà del Terri","Cantidad Neta: 325 g","Número de raciones por envase: 13"],"ingredients":[" Azúcar; jarabe de glucosa; grasa de palma; humectante: jarabe de sorbitol; acidulante: ácido cítrico; gelatina; aroma; concentrados de frutas y plantas: cártamo, limón, espirulina, rábano, grosella negra, zanahoria, manzana; jarabe de caramelo; extracto de regaliz; antiaglomerante: talco; agente de recubrimiento: cera de abeja blanca y amarilla; melaza; jarabe de azúcar invertido."],"conservation":" Mantener en lugar fresco y seco.","ean":"4001686583364"},{"full_name":"MAOAM Pinballs caramelos masticables bolsa 160 g","name":"Pinballs caramelos masticables bolsa 160 g","brand":"MAOAM ","img":"https://sgfm.elcorteingles.es/SGFM/dctm/MEDIA03/201706/13/00120630501623____1__600x600.jpg","price":"1,39 €","price_unit":"(8,69 € / Kilo)","categories":["Supermercado","Desayunos Dulces y pan","Desayunos, dulces y pan","Caramelos, chicles y golosinas","Caramelos blandos","MAOAM Pinballs caramelos masticables bolsa 160 g"],"general_information":["Denominación del alimento: CARAMELOS MASTICABLES GRAGEADOS EN PARTE SABOR COLA","Nombre del operador: HARIBO España S.A.U.","Dirección del operador: Ctra. Girona-Banyoles, KM 14 17844 Cornellà del Terri","Cantidad Neta: 160 g","Número de raciones por envase: 6"],"ingredients":[" Azúcar; jarabe de glucosa; grasa de palma; humectante: jarabe de sorbitol; acidulante: ácido cítrico; gelatina; concentrados de frutas y plantas: cártamo, limón, espirulina, rábano, grosella negra, zanahoria, manzana; aroma; jarabe de caramelo; extracto de regaliz; agente antiaglomerante: talco; agente de recubrimiento: cera de abeja blanca y amarilla; melaza; jarabe de azúcar invertido."],"conservation":" Mantener en lugar fresco y seco.","ean":"4001686579176"},{"full_name":"MENTOS Mint Mix caramelos masticables surtidos de menta bolsa 160 g","name":"Mint Mix caramelos masticables surtidos de menta bolsa 160 g","brand":"MENTOS ","img":"https://sgfm.elcorteingles.es/SGFM/dctm/MEDIA03/201707/14/00120630501730____1__600x600.jpg","price":"1,85 €","price_unit":"(11,56 € / Kilo)","categories":["Supermercado","Desayunos Dulces y pan","Desayunos, dulces y pan","Caramelos, chicles y golosinas","Caramelos blandos","MENTOS Mint Mix caramelos masticables surtidos de menta bolsa 160 g"],"general_information":["Denominación del alimento: Caramelos masticables con sabor a menta y hierbabuena","País de origen: Países Bajos","Nombre del operador: PVM Benelux","Dirección del operador: P.O. Box 3000, 4800 DA Breda, Holland","Cantidad Neta: 160 g"],"ingredients":[" Azúcar, jarabe de glucosa, aceite de coco totalmente hidrogenado,almidón, maltodextrina, sabores a menta natura, espesantes (goma Gellan, goma de celulosa, goma arábiga), emulsionante (sucroésteres de ácidos grasos), agentes de recubrimiento (cera carnauba, cera de abejas), colorantes (antocianinas, betacaroteno)."],"ean":"8723400780991"},{"full_name":"MENTOS caramelos masticables sabor menta pack 12X3 envase 114 g","name":"caramelos masticables sabor menta pack 12X3 envase 114 g","brand":"MENTOS ","img":"https://sgfm.elcorteingles.es/SGFM//01/12/8/0120630501128/0120630501128000g01011.jpg","price":"1,75 €","price_unit":"(15,35 € / Kilo)","categories":["Supermercado","Desayunos Dulces y pan","Desayunos, dulces y pan","Caramelos, chicles y golosinas","Caramelos blandos","MENTOS caramelos masticables sabor menta pack 12X3 envase 114 g"],"general_information":["Denominación del alimento: Caramelo masticable","País de origen: España","Nombre del operador: Chupa Chups S.A.U","Dirección del operador: c/ de les Masies, 16 P.I. Sector Serra - 08635 Sant Esteve Sesrovires (Barcelona)","Cantidad Neta: 114 g"],"ingredients":[" Azúcar, jarabe de glucosa, grasa de coco totalmente hidrogenada, almidón, aromas narturales de menta, maltodextrina, espesantes (goma gellan, goma de celulosa, goma arábiga), emulgente (sucroésteres de ácidos grasos), agentes de recubrimiento (cera carnauba, cera de abeja)."],"ean":"8723400772620"},{"full_name":"MENTOS Fruit Mix caramelos masticables con sabores surtidos de frutas bolsa 160 g","name":"Fruit Mix caramelos masticables con sabores surtidos de frutas bolsa 160 g","brand":"MENTOS ","img":"https://sgfm.elcorteingles.es/SGFM/dctm/MEDIA03/201707/14/00120630501748____1__600x600.jpg","price":"1,85 €","price_unit":"(11,56 € / Kilo)","categories":["Supermercado","Desayunos Dulces y pan","Desayunos, dulces y pan","Caramelos, chicles y golosinas","Caramelos blandos","MENTOS Fruit Mix caramelos masticables con sabores surtidos de frutas bolsa 160 g"],"general_information":["Denominación del alimento: Caramelos masticables con sabor a fresa, naranja, limón, manzana verde y casis","País de origen: Países Bajos","Nombre del operador: PVM Benelux","Dirección del operador: P.O. Box 3000, 4800 DA Breda, Holland","Cantidad Neta: 160 g"],"ingredients":[" Azúcar, jarabe de glucosa, zumo de frutas (fresa, manzana, grossella negra, naranja, limón) (2%), aceite de coco totalmente hidrogenado, ácido (ácido cítrico), almidón, maltodextrina, aromas, espesantes (goma Gellan, goma de celulosa, goma arábiga), colorantes (antocianinas, curcumina, betacaroteno, rojo de remolacha), emulsionante (sucroésteres de ácidos grasos), agentes de recubrimiento (cera carnauba, cera de abejas)."],"ean":"8723400781011"},{"full_name":"MENTOS caramelos sabor frutas pack 3x12 unidades bolsa 114 g","name":"caramelos sabor frutas pack 3x12 unidades bolsa 114 g","brand":"MENTOS ","img":"https://sgfm.elcorteingles.es/SGFM//01/13/6/0120630501136/0120630501136000g01011.jpg","price":"1,75 €","price_unit":"(15,35 € / Kilo)","categories":["Supermercado","Desayunos Dulces y pan","Desayunos, dulces y pan","Caramelos, chicles y golosinas","Caramelos blandos","MENTOS caramelos sabor frutas pack 3x12 unidades bolsa 114 g"],"general_information":["Denominación del alimento: Caramelo masticable","País de origen: España","Nombre del operador: Chupa Chups S.A.U","Dirección del operador: c/ de les Masies, 16 P.I. Sector Serra - 08635 Sant Esteve Sesrovires (Barcelona)","Cantidad Neta: 114 g"],"ingredients":[" Azúcar, jarabe de glucosa, jugo de frutas (fresa, naranja, limón) (2%), aceite de coco totalmente hidrogenado, ácido (ácido cítrico), almidón, aromatizantes, maltodextrina, espesantes, (goma de gelano, goma de celulosa, goma arábiga), emulsionante (ésteres de sacarosa de ácidos grasos), agentes de acristalamiento (cera de carnauba, cera de abejas), colorantes (beta-carotenos, remolacha roja)."],"ean":"8723400772637"},{"full_name":"MENTOS Rainbow caramelos sabor manzana piña mora sandía mandarina fresa y uva pack 3x12 unidades bolsa 114 g","name":"Rainbow caramelos sabor manzana piña mora sandía mandarina fresa y uva pack 3x12 unidades bolsa 114 g","brand":"MENTOS ","img":"https://sgfm.elcorteingles.es/SGFM//01/14/4/0120630501144/0120630501144000g01011.jpg","price":"1,75 €","price_unit":"(15,35 € / Kilo)","categories":["Supermercado","Desayunos Dulces y pan","Desayunos, dulces y pan","Caramelos, chicles y golosinas","Caramelos blandos","MENTOS Rainbow caramelos sabor manzana piña mora sandía mandarina fresa y uva pack 3x12 unidades bolsa 114 g"],"general_information":["Denominación del alimento: Caramelo masticable","País de origen: España","Nombre del operador: Chupa Chups S.A.U","Dirección del operador: c/ de les Masies, 16 P.I. Sector Serra - 08635 Sant Esteve Sesrovires (Barcelona)","Cantidad Neta: 114 g"],"ingredients":[" Azúcar, jarabe de glucosa, zumo de frutas (sandía, fresa, manzana, naranja, pomelo, frambuesa, arándano) (2%), aceite de coco totalmente hidrogenado, ácido (ácido cítrico), almidón, aromas, maltodextrina, espesantes (goma gellan, goma de celulosa, goma arábiga), emulsionante (sucroésteres de ácidos grasos), agentes de recubrimiento (cera carnauba, cera de abejas), colorantes (curcumina, carmines, antocianinas, betacaroteno, rojo remolacha)."],"ean":"8723400758518"},{"full_name":"MENTOS caramelos de menta 38 g","name":"caramelos de menta  38 g","brand":"MENTOS ","img":"https://sgfm.elcorteingles.es/SGFM/dctm/MEDIA02/CONTENIDOS/201510/14/00120630700084____1__600x600.jpg","price":"0,75 €","price_unit":"(19,74 € / Kilo)","categories":["Supermercado","Desayunos Dulces y pan","Desayunos, dulces y pan","Caramelos, chicles y golosinas","Caramelos blandos","MENTOS caramelos de menta 38 g"],"general_information":["Denominación del alimento: Caramelo masticable","País de origen: España","Nombre del operador: Chupa Chups S.A.U.","Dirección del operador: c/ De les Masies, 16 P.I. Sector Serra, 08635 Sant Esteve Sesrovires, Barcelona.","Cantidad Neta: 38 g"],"ingredients":[" Azúcar, jarabe de glucosa, grasa de coco totalmente hidrogenada, almidón, aromas narturales de menta, maltodextrina, espesantes (goma gellan, goma de celulosa, goma arábiga), emulgente (sucroésteres de ácidos grasos), agentes de recubrimiento (cera carnauba, cera de abeja)."],"ean":"0000087108019"},{"full_name":"MENTOS caramelos masticables de toffe blando rellenos de chocolate con leche unidad 38 g","name":"caramelos masticables de toffe blando rellenos de chocolate con leche unidad 38 g","brand":"MENTOS ","img":"https://sgfm.elcorteingles.es/SGFM/dctm/MEDIA03/201703/31/00120630702460____1__600x600.jpg","price":"1,10 €","price_unit":"(28,95 € / Kilo)","categories":["Supermercado","Desayunos Dulces y pan","Desayunos, dulces y pan","Caramelos, chicles y golosinas","Caramelos blandos","MENTOS caramelos masticables de toffe blando rellenos de chocolate con leche unidad 38 g"],"general_information":["Denominación del alimento: Caramelos masticables rellenos de chocolate","País de origen: España","Nombre del operador: Chupa Chups S.A.U.","Dirección del operador: c/ De les Masies, 16 P.I. Sector Serra, 08635 Sant Esteve Sesrovires, Barcelona.","Cantidad Neta: 38 g"],"ingredients":[" Azúcar, jarabe de glucosa, chocolate 27% (azúcar, masa de cacao, mantequilla, cacao desgrasado en polvo, emulgente (lecitina de soja), aroma), leche condensada, dextrosa, leche descremada en polvo, sal, espesante (goma arábiga), aroma, grasa vegetal (coco), dextrina, agente de recubrimiento (cera carnauba)."],"ean":"0000046144485"},{"full_name":"JELLY BEAN caramelos masticables con 36 sabores gourmet sin gluten tubo 100 g","name":"caramelos masticables con 36 sabores gourmet sin gluten tubo 100 g","brand":"JELLY BEAN ","img":"https://sgfm.elcorteingles.es/SGFM/dctm/MEDIA03/201705/10/00120630501615____2__600x600.jpg","price":"2,85 €","price_unit":"(28,50 € / Kilo)","categories":["Supermercado","Desayunos Dulces y pan","Desayunos, dulces y pan","Caramelos, chicles y golosinas","Caramelos blandos","JELLY BEAN caramelos masticables con 36 sabores gourmet sin gluten tubo 100 g"],"general_information":["Denominación del alimento: Caramelos","Nombre del operador: Taste Of America S.L.","Dirección del operador: Serrano, 149. 28002 Madrid, Madrid","Cantidad Neta: 100 g"],"ingredients":[" Azúcar, jarabe de glucosa, almidón modificado, agua, antioxidantes: ácido cítrico (E330), ácido fumárico (E297), agentes de recubrimiento: goma laca (E904), cera de abejas, cera de carnauba (E903), aromas, regulador de la acidez: citrato de sodio (E331), colorantes: (E102, E110, E129, E132, E133, E150d, E171)."],"ean":"0745092006058"},{"full_name":"FIESTA Kojak caramelo de cereza relleno de chicle con palo 7 unidades bolsa 105 g","name":"Kojak caramelo de cereza relleno de chicle con palo 7 unidades bolsa 105 g","brand":"FIESTA ","img":"https://sgfm.elcorteingles.es/SGFM/dctm/MEDIA03/201607/27/00120630501482____1__600x600.jpg","price":"1,29 €","price_unit":"(12,29 € / Kilo)","categories":["Supermercado","Desayunos Dulces y pan","Desayunos, dulces y pan","Caramelos, chicles y golosinas","Caramelos rellenos","FIESTA Kojak caramelo de cereza relleno de chicle con palo 7 unidades bolsa 105 g"],"general_information":[],"ingredients":[],"ean":"8411402261067"},{"full_name":"EL CORTE INGLES Torcidos regalices rojos bolsa 200 g","name":"Torcidos regalices rojos bolsa 200 g","brand":"EL CORTE INGLES ","img":"https://sgfm.elcorteingles.es/SGFM/dctm/MEDIA03/201707/17/00120630802799____1__600x600.jpg","price":"1,05 €","price_unit":"(5,25 € / Kilo)","categories":["Supermercado","Desayunos Dulces y pan","Desayunos, dulces y pan","Caramelos, chicles y golosinas","Regaliz","EL CORTE INGLES Torcidos regalices rojos bolsa 200 g"],"general_information":["Denominación del alimento: Geles dulces - Torcidos","Nombre del operador: Elaborado para El Corte Inglés por                             FINI GOLOSINAS ESPAÑA, S.L.U.                           Ctra. de Madrid KM 385                                               30500 Molin","Cantidad Neta: 200 g"],"ingredients":[" Ingredientes:  Jarabe de glucosa y fructosa, harina de trigo, azúcar, acidulantes: E 330 y E 270, grasa vegetal (palma, coco), aceite vegetal (palma, coco), correctores de acidez: E 325 y E 331, humectante: E 422, sal, emulgente: E 471, aromas y colorantes: E 120 y E 160c. Puede contener trazas de leche y sus derivados"],"ean":"8433329074834"},{"full_name":"EL CORTE INGLES Tronquitos regalices rellenos de nata y fresa bolsa 200 g","name":"Tronquitos regalices rellenos de nata y fresa bolsa 200 g","brand":"EL CORTE INGLES ","img":"https://sgfm.elcorteingles.es/SGFM/dctm/MEDIA03/201706/14/00120630802831____1__600x600.jpg","price":"1,09 €","price_unit":"(5,45 € / Kilo)","categories":["Supermercado","Desayunos Dulces y pan","Desayunos, dulces y pan","Caramelos, chicles y golosinas","Regaliz","EL CORTE INGLES Tronquitos regalices rellenos de nata y fresa bolsa 200 g"],"general_information":["Denominación del alimento: Geles dulces - Tronquitos nata fresa","Nombre del operador: Elaborado para El Corte Inglés por                        FINI GOLOSINAS ESPAÑA, S.L.U.                      Ctra. de Madrid KM 385                                               30500 Molina de Segur","Cantidad Neta: 200 g"],"ingredients":[" Ingredientes:  Azúcar, jarabe de glucosa y fructosa, harina de trigo, grasa vegetal (palma, coco), aceite vegetal (palma, coco), almidón, gelatina, acidulantes: E 296, E 330 y E 270, humectante: E 422, correctores de acidez: E 325 y E 331, sal, emulgente: E 471, aromas y colorantes: E120 y E160c. Puede contener trazas de leche y sus derivados"],"ean":"8433329074858"},{"full_name":"EL CORTE INGLES Tronquitos regalices rellenos de nata y fresa largos bolsa 200 g","name":"Tronquitos regalices rellenos de nata y fresa largos bolsa 200 g","brand":"EL CORTE INGLES ","img":"https://sgfm.elcorteingles.es/SGFM/dctm/MEDIA03/201707/17/00120630802807____1__600x600.jpg","price":"1,05 €","price_unit":"(5,25 € / Kilo)","categories":["Supermercado","Desayunos Dulces y pan","Desayunos, dulces y pan","Caramelos, chicles y golosinas","Regaliz","EL CORTE INGLES Tronquitos regalices rellenos de nata y fresa largos bolsa 200 g"],"general_information":["Denominación del alimento: Geles dulces - Tronquito nata fresa","Nombre del operador: Elaborado para El Corte Inglés por                             FINI GOLOSINAS ESPAÑA, S.L.U.                          Ctra. de Madrid KM 385                                               30500 Molina","Cantidad Neta: 200 g"],"ingredients":[" Ingredientes:  Azúcar, jarabe de glucosa y fructosa, harina de trigo, grasa vegetal (palma, coco), aceite vegetal (palma, coco), almidón, gelatina, acidulantes: E 296, E 330 y E 270, humectante: E 422, correctores de acidez: E 325 y E 331, sal, emulgente: E 471, aromas y colorantes: E120 y E160c. Puede contener trazas de leche y sus derivados"],"ean":"8433329074841"},{"full_name":"MIGUELAÑEZ Jellypack Maxi regalices rellenos surtidos bote 600 g","name":"Jellypack Maxi regalices rellenos surtidos bote 600 g","brand":"MIGUELAÑEZ ","img":"https://sgfm.elcorteingles.es/SGFM/dctm/MEDIA03/201607/27/00120630802484____1__600x600.jpg","price":"6,95 €","price_unit":"(11,58 € / Kilo)","categories":["Supermercado","Desayunos Dulces y pan","Desayunos, dulces y pan","Caramelos, chicles y golosinas","Regaliz","MIGUELAÑEZ Jellypack Maxi regalices rellenos surtidos bote 600 g"],"general_information":[],"ingredients":[],"ean":"8411823510607"},{"full_name":"MIGUELAÑEZ geles dulces con zumo concentrado de fresas sin colorantes artificiales bolsa 200 g","name":"geles dulces con zumo concentrado de fresas sin colorantes artificiales bolsa 200 g","brand":"MIGUELAÑEZ ","img":"https://sgfm.elcorteingles.es/SGFM/dctm/MEDIA03/201703/29/00120630802468____1__600x600.jpg","price":"1,95 €","price_unit":"(9,75 € / Kilo)","categories":["Supermercado","Desayunos Dulces y pan","Desayunos, dulces y pan","Caramelos, chicles y golosinas","Regaliz","MIGUELAÑEZ geles dulces con zumo concentrado de fresas sin colorantes artificiales bolsa 200 g"],"general_information":[],"ingredients":[],"ean":"8411823507393"},{"full_name":"MIGUELAÑEZ geles dulces con zumo concentrado de fresas sin colorantes artificiales bolsa 60 g","name":"geles dulces con zumo concentrado de fresas sin colorantes artificiales bolsa 60 g","brand":"MIGUELAÑEZ ","img":"https://sgfm.elcorteingles.es/SGFM/dctm/MEDIA03/201607/19/00120630802450____1__600x600.jpg","price":"0,79 €","price_unit":"(13,17 € / Kilo)","categories":["Supermercado","Desayunos Dulces y pan","Desayunos, dulces y pan","Caramelos, chicles y golosinas","Regaliz","MIGUELAÑEZ geles dulces con zumo concentrado de fresas sin colorantes artificiales bolsa 60 g"],"general_information":[],"ingredients":[],"ean":"8411823507355"},{"full_name":"MIGUELAÑEZ regaliz bolsa 150 g","name":"regaliz bolsa 150 g","brand":"MIGUELAÑEZ ","img":"https://sgfm.elcorteingles.es/SGFM/dctm/MEDIA03/201607/27/00120630801874____1__600x600.jpg","price":"2,99 €","price_unit":"(19,93 € / Kilo)","categories":["Supermercado","Desayunos Dulces y pan","Desayunos, dulces y pan","Caramelos, chicles y golosinas","Regaliz","MIGUELAÑEZ regaliz bolsa 150 g"],"general_information":[],"ingredients":[],"ean":"8411823061895"},{"full_name":"MIGUELAÑEZ Selección Mix Geles envase 165 g","name":"Selección Mix Geles envase 165 g","brand":"MIGUELAÑEZ ","img":"https://sgfm.elcorteingles.es/SGFM/dctm/MEDIA02/CONTENIDOS/201511/02/00120630802203____1__600x600.jpg","price":"2,09 €","price_unit":"(12,67 € / Kilo)","categories":["Supermercado","Desayunos Dulces y pan","Desayunos, dulces y pan","Caramelos, chicles y golosinas","Regaliz","MIGUELAÑEZ Selección Mix Geles envase 165 g"],"general_information":["Denominación del alimento: GELES DULCES","País de origen: España","Nombre del operador: MIDEL","Dirección del operador: Pol. Ind. Villaverde Avda, laboral, 9 28021 - MADRID","Cantidad Neta: 165 g","Peso neto escurrido: 165 mg"],"ingredients":[" Jarabe de\nglucosa-fructosa, azúcar, agua, almidón de maíz, HARINA DE TRIGO (CONTIENE GLUTEN), dextrosa, humectante: E420,\nacidulantes: E270, E296, E330, grasa vegetal hidrogenada(palma), gelatina,\ncorrectores de acidez: E331, E325, aroma, sal, emulgente: E471, conservador:\nE202, colorantes: E100, E120, E133, E150d. Agentes de recubrimiento: cera de\nabejas, goma laca y cera de carnauba"],"conservation":" CONSERVAR EN LUGAR FRESCO Y SECO","ean":"8411823509564"},{"full_name":"HARIBO Mega Torcidas de regaliz rojo bolsa 200 g","name":"Mega Torcidas de regaliz rojo bolsa 200 g","brand":"HARIBO ","img":"https://sgfm.elcorteingles.es/SGFM/00/84/3/0120630800843/0120630800843000g01011.jpg","price":"1,45 €","price_unit":"(7,25 € / Kilo)","categories":["Supermercado","Desayunos Dulces y pan","Desayunos, dulces y pan","Caramelos, chicles y golosinas","Regaliz","HARIBO Mega Torcidas de regaliz rojo bolsa 200 g"],"general_information":["Denominación del alimento: GELES DULCES SABOR FRESA","Nombre del operador: HARIBO España S.A.U.","Dirección del operador: Ctra. Girona-Banyoles, KM 14 17844 Cornellà del Terri","Cantidad Neta: 200 g","Número de raciones por envase: 8"],"ingredients":[" Harina de trigo; azúcar; jarabe de glucosa y fructosa; agua; emulgente: monoglicéridos y diglicéridos de ácidos grasos; acidulante: ácido cítrico; aroma; colorantes: curcumina, carmines; agentes de recubrimiento: cera de abeja blanca y amarilla, cera de carnauba."],"conservation":" Mantener en lugar fresco y seco.","ean":"8426617007331"},{"full_name":"HARIBO Mega Torcidas de regaliz negro bolsa 200 g","name":"Mega Torcidas de regaliz negro bolsa 200 g","brand":"HARIBO ","img":"https://sgfm.elcorteingles.es/SGFM/dctm/MEDIA03/201703/28/00120630802591____1__600x600.jpg","price":"1,99 €","price_unit":"(9,95 € / Kilo)","categories":["Supermercado","Desayunos Dulces y pan","Desayunos, dulces y pan","Caramelos, chicles y golosinas","Regaliz","HARIBO Mega Torcidas de regaliz negro bolsa 200 g"],"general_information":["Denominación del alimento: DULCES DE REGALIZ","Nombre del operador: HARIBO España S.A.U.","Dirección del operador: Ctra. Girona-Banyoles, KM 14 17844 Cornellà del Terri","Cantidad Neta: 200 g","Número de raciones por envase: 8"],"ingredients":[" Melaza; harina de trigo; jarabe de glucosa y fructosa; extracto de regaliz (3 %); sal; emulgente: monoglicéridos y diglicéridos de ácidos grasos; corrector de acidez: bicarbonato sódico; conservador: sorbato potásico; aroma; colorante: carbón vegetal; agente de recubrimiento: cera de abeja."],"conservation":" Mantener en lugar fresco y seco.","ean":"8426617008666"},{"full_name":"HARIBO tronquitos de regaliz Maxi rellenos bolsa 200 g","name":"tronquitos de regaliz Maxi rellenos bolsa 200 g","brand":"HARIBO ","img":"https://sgfm.elcorteingles.es/SGFM/00/85/0/0120630800850/0120630800850000g01011.jpg","price":"1,45 €","price_unit":"(7,25 € / Kilo)","categories":["Supermercado","Desayunos Dulces y pan","Desayunos, dulces y pan","Caramelos, chicles y golosinas","Regaliz","HARIBO tronquitos de regaliz Maxi rellenos bolsa 200 g"],"general_information":["Denominación del alimento: GELES DULCES SABOR FRESA","Nombre del operador: HARIBO España S.A.U.","Dirección del operador: Ctra. Girona-Banyoles, KM 14 17844 Cornellà del Terri","Cantidad Neta: 200 g","Número de raciones por envase: 8"],"ingredients":[" Azúcar; jarabe de glucosa y fructosa; harina de trigo; agua; almidón de trigo; grasa de palma; dextrosa; gelatina; acidulante: ácido cítrico; emulgente: monoglicéridos y diglicéridos de ácidos grasos; aroma; colorantes: curcumina, carmines; agentes de recubrimiento: cera de abeja blanca y amarilla, cera de carnauba."],"conservation":" Mantener en lugar fresco y seco.","ean":"8426617007348"},{"full_name":"HARIBO regaliz negro pack 6 sticks en envases individuales bolsa 108 g","name":"regaliz negro pack 6 sticks en envases individuales bolsa 108 g","brand":"HARIBO ","img":"https://sgfm.elcorteingles.es/SGFM/dctm/MEDIA02/CONTENIDOS/201506/09/00120630802062____1__600x600.jpg","price":"1,65 €","price_unit":"(15,28 € / Kilo)","categories":["Supermercado","Desayunos Dulces y pan","Desayunos, dulces y pan","Caramelos, chicles y golosinas","Regaliz","HARIBO regaliz negro pack 6 sticks en envases individuales bolsa 108 g"],"general_information":["Denominación del alimento: DULCES DE REGALIZ","Nombre del operador: HARIBO España S.A.U.","Dirección del operador: Ctra. Girona-Banyoles, KM 14 17844 Cornellà del Terri","Cantidad Neta: 108 g","Número de raciones por envase: 4"],"ingredients":[" Melaza; harina de trigo; jarabe de glucosa; almidón de maíz; extracto de regaliz (3 %); aroma; sal; agentes de recubrimiento: cera de abeja blanca y amarilla, cera de carnauba."],"conservation":" Mantener en lugar fresco y seco.","ean":"8426617005719"},{"full_name":"HARIBO Torcidas de regaliz rojo bolsa 175 g","name":"Torcidas de regaliz rojo bolsa 175 g","brand":"HARIBO ","img":"https://sgfm.elcorteingles.es/SGFM/dctm/MEDIA02/CONTENIDOS/201601/28/00120630802294____1__600x600.jpg","price":"1,99 €","price_unit":"(11,37 € / Kilo)","categories":["Supermercado","Desayunos Dulces y pan","Desayunos, dulces y pan","Caramelos, chicles y golosinas","Regaliz","HARIBO Torcidas de regaliz rojo bolsa 175 g"],"general_information":["Denominación del alimento: GELES DULCES SABOR FRESA","Nombre del operador: HARIBO España S.A.U.","Dirección del operador: Ctra. Girona-Banyoles, KM 14 17844 Cornellà del Terri","Cantidad Neta: 175 g","Número de raciones por envase: 7"],"ingredients":[" Harina de trigo; azúcar; jarabe de glucosa y fructosa; agua; emulgente: monoglicéridos y diglicéridos de ácidos grasos; acidulante: ácido cítrico; aroma; colorantes: curcumina, carmines; agentes de recubrimiento: cera de abeja blanca y amarilla, cera de carnauba."],"conservation":" Mantener en lugar fresco y seco.","ean":"8426617008802"},{"full_name":"HARIBO Favoritos regaliz pica sour bolsa 150 g","name":"Favoritos regaliz pica sour bolsa 150 g","brand":"HARIBO ","img":"https://sgfm.elcorteingles.es/SGFM/00/74/4/0120630800744/0120630800744000g01011.jpg","price":"1,75 €","price_unit":"(11,67 € / Kilo)","categories":["Supermercado","Desayunos Dulces y pan","Desayunos, dulces y pan","Caramelos, chicles y golosinas","Regaliz","HARIBO Favoritos regaliz pica sour bolsa 150 g"],"general_information":["Denominación del alimento: CARAMELOS DE GOMA","Nombre del operador: HARIBO España S.A.U.","Dirección del operador: Ctra. Girona-Banyoles, KM 14 17844 Cornellà del Terri","Cantidad Neta: 150 g","Número de raciones por envase: 6"],"ingredients":[" Jarabe de glucosa; azúcar; humectante: jarabe de sorbitol; agua; gelatina; acidulantes: ácido cítrico, ácido málico; correctores de acidez: citrato tricálcico, malato ácido de sodio, citrato trisódico; agente de recubrimiento: cera de carnauba; zumo de frutas a partir de concentrado (1,5 %): limón, manzana, naranja; dextrosa; gelificante: pectina amidada; aroma; concentrados de frutas y plantas: cártamo, limón, grosella negra, baya de saúco, aronia, uva, naranja, mango, fruta de la pasión; extracto de baya de saúco; jarabe de caramelo; colorantes: azul patente V, luteína, antocianinas; jarabe de azúcar invertido."],"conservation":" Mantener en lugar fresco y seco.","ean":"8426617005740"},{"full_name":"HARIBO Favoritos regaliz surtido sin colorantes artificiales bolsa 150 g","name":"Favoritos regaliz surtido sin colorantes artificiales bolsa 150 g","brand":"HARIBO ","img":"https://sgfm.elcorteingles.es/SGFM/dctm/MEDIA02/CONTENIDOS/201601/18/00120630800264____1__600x600.jpg","price":"1,75 €","price_unit":"(11,67 € / Kilo)","categories":["Supermercado","Desayunos Dulces y pan","Desayunos, dulces y pan","Caramelos, chicles y golosinas","Regaliz","HARIBO Favoritos regaliz surtido sin colorantes artificiales bolsa 150 g"],"general_information":["Denominación del alimento: GELES DULCES","Nombre del operador: HARIBO España S.A.U.","Dirección del operador: Ctra. Girona-Banyoles, KM 14 17844 Cornellà del Terri","Cantidad Neta: 150 g","Número de raciones por envase: 6"],"ingredients":[" Azúcar; harina de trigo; jarabe de glucosa y fructosa; agua; humectante: jarabe de sorbitol; almidón de trigo; emulgente: monoglicéridos y diglicéridos de ácidos grasos; grasa de palma; dextrosa; acidulante: ácido cítrico; gelatina; aroma; concentrados de frutas y plantas: rábano, grosella negra, manzana; colorantes: curcumina, carmines; agentes de recubrimiento: cera de abeja blanca y amarilla, cera de carnauba."],"conservation":" Mantener en lugar fresco y seco.","ean":"8426617005641"},{"full_name":"HARIBO cápsulas de regaliz de colores bolsa 80 g","name":"cápsulas de regaliz de colores bolsa 80 g","brand":"HARIBO ","img":"https://sgfm.elcorteingles.es/SGFM/dctm/MEDIA03/201605/18/00120630802070____3__600x600.jpg","price":"1,35 €","price_unit":"(16,88 € / Kilo)","categories":["Supermercado","Desayunos Dulces y pan","Desayunos, dulces y pan","Caramelos, chicles y golosinas","Regaliz","HARIBO cápsulas de regaliz de colores bolsa 80 g"],"general_information":["Denominación del alimento: DULCES DE REGALIZ GRAGEADOS","Nombre del operador: HARIBO España S.A.U.","Dirección del operador: Ctra. Girona-Banyoles, KM 14 17844 Cornellà del Terri","Cantidad Neta: 80 g","Número de raciones por envase: 3"],"ingredients":[" Azúcar; melaza; harina de trigo; agua; jarabe de glucosa; almidón; emulgente: monoglicéridos y diglicéridos de ácidos grasos; gelatina; extracto de regaliz (0,3 %); maltodextrina; sal; aroma; agentes de recubrimiento: cera de abeja blanca y amarilla, cera de carnauba; corrector de acidez: carbonato ácido de sodio; colorantes: curcumina, carmines, azul patente V, carotenos de plantas."],"conservation":" Mantener en lugar fresco y seco.","ean":"8426617003517"},{"full_name":"DIETORELLE caramelo de regaliz sabor intenso con extracto de hojas de stevia bolsa 70 g","name":"caramelo de regaliz sabor intenso con extracto de hojas de stevia bolsa 70 g","brand":"DIETORELLE ","img":"https://sgfm.elcorteingles.es/SGFM/dctm/MEDIA02/CONTENIDOS/201504/21/00120630501276____1__600x600.jpg","price":"2,05 €","price_unit":"(29,29 € / Kilo)","categories":["Supermercado","Desayunos Dulces y pan","Desayunos, dulces y pan","Caramelos, chicles y golosinas","Regaliz","DIETORELLE caramelo de regaliz sabor intenso con extracto de hojas de stevia bolsa 70 g"],"general_information":[" Nuevo Dietorelle Blando, sabor a regaliz. El caramelo que te sorprende con su increíble textura. Es rico en zumo de frutas, con sabor natural y endulzados con extracto de Stevia, que garantiza menos calorías. Aproximadamente 8 calorías por caramelo.","Precauciones: Un consumo excesivo puede tener efectos laxantes."],"ingredients":["Ingredientes: Edulcorantes (jarabe de maltitol, maltitol, glucósidos de esteviol), espesante (goma arábiga), agua, extracto de regaliz (2%), gelificante (pectina), estabilizador (glicerina), aroma natural, extracto de baya de saúco, aromas naturales de menta y anís, aceites vegetales (coco, palma), agente de recubrimiento (cera de abejas)."],"ean":"8013399145278"},{"full_name":"PANDA regaliz al natural bolsa 240 g","name":"regaliz al natural bolsa 240 g","brand":"PANDA ","img":"https://sgfm.elcorteingles.es/SGFM//01/89/0/0120630801890/0120630801890000g01011.jpg","price":"2,99 €","price_unit":"(12,46 € / Kilo)","categories":["Supermercado","Desayunos Dulces y pan","Desayunos, dulces y pan","Caramelos, chicles y golosinas","Regaliz","PANDA regaliz al natural bolsa 240 g"],"general_information":["Denominación del alimento: Trocitos de regaliz all natural","País de origen: Finlandia","Nombre del operador: Kömerfish, S.A","Dirección del operador: C/ Andrés Mellado 13, 28015 Madrid.","Cantidad Neta: 240 g"],"ingredients":[" Sirope de melazas, harina de trigo, extracto de regaliz, aroma natural (aceite de anís)"],"ean":"0075172078966"},{"full_name":"PANDA barras de regaliz natural pack 4 x 32 g envase 128 g","name":"barras de regaliz natural pack 4 x 32 g envase 128 g","brand":"PANDA ","img":"https://sgfm.elcorteingles.es/SGFM//01/84/1/0120630801841/0120630801841000g01011.jpg","price":"4,45 €","price_unit":"(34,77 € / Kilo)","categories":["Supermercado","Desayunos Dulces y pan","Desayunos, dulces y pan","Caramelos, chicles y golosinas","Regaliz","PANDA barras de regaliz natural pack 4 x 32 g envase 128 g"],"general_information":["Denominación del alimento: Barras de regaliz all natural","País de origen: Finlandia","Nombre del operador: Kömerfish, S.A","Dirección del operador: C/ Andrés Mellado 13, 28015 Madrid.","Cantidad Neta: 125 g"],"ingredients":[" Sirope de melazas, harina de trigo, extracto de regaliz, aroma natural (aceite de anís)"],"ean":"0075172079123"},{"full_name":"PANDA Pepe XXL Original barritas de regaliz barra 80 g","name":"Pepe XXL Original barritas de regaliz barra 80 g","brand":"PANDA ","img":"https://sgfm.elcorteingles.es/SGFM/dctm/MEDIA03/201704/20/00120630801833____1__600x600.jpg","price":"1,45 €","price_unit":"(18,12 € / Kilo)","categories":["Supermercado","Desayunos Dulces y pan","Desayunos, dulces y pan","Caramelos, chicles y golosinas","Regaliz","PANDA Pepe XXL Original barritas de regaliz barra 80 g"],"general_information":["Denominación del alimento: Barras de regaliz XXL","País de origen: Finlandia","Nombre del operador: Kömerfish, S.A","Dirección del operador: C/ Andrés Mellado 13, 28015 Madrid.","Cantidad Neta: 80 g"],"ingredients":[" Dulce de regaliz: Jarabe de azúcar, harina de trigo, jarabe de glucosa-fructosa, extracto de regaliz, melaza, colorante (carbón vegetal), aroma (aceite de anís)"],"ean":"6412500070188"},{"full_name":"NESTLE QUALITY STREET surtido de bombones y toffees lata 480 g","name":"surtido de bombones y toffees lata 480 g","brand":"NESTLE QUALITY STREET ","img":"https://sgfm.elcorteingles.es/SGFM/dctm/MEDIA03/201603/04/00200202301222____1__600x600.jpg","price":"15,49 €","price_unit":"(32,27 € / Kilo)","categories":["Supermercado","Desayunos Dulces y pan","Desayunos, dulces y pan","Caramelos, chicles y golosinas","Toffes","NESTLE QUALITY STREET surtido de bombones y toffees lata 480 g"],"general_information":["Denominación del alimento: Bombones de chocolate","Nombre del operador: Nestlé España, S.A.","Dirección del operador: Avinguda Països Catalans, 51 - 08950 Esplugues de Llobregat (Barcelona)","Cantidad Neta: 480 g","Otras menciones obligatorias en la etiqueta: Los niños pequeños (menores de 4 años) tienen una capacidad limitada y pueden atragantarse con caramelos pequeños."],"ingredients":[" Azúcar, jarabe de glucosa, leche condensada desnatada (leche desnatada, azúcar), manteca de cacao, cacao, grasa de palma, leche en polvo, jarabe de glucosa y fructosa, coco, suero lácteo, mantequilla, avellanas, grasa láctea, emulgentes (lecitina de girasol, E-471), aromas, leche desantada en polvo, sal, cacao desgrasado en polvo, acidulante (ácido láctico)."],"conservation":" Conservar en lugar fresco y seco.","ean":"5000189327290"},{"full_name":"RIESEN chocolate negro toffee bolsa 150 g","name":"chocolate negro toffee bolsa 150 g","brand":"RIESEN ","img":"https://sgfm.elcorteingles.es/SGFM/00/12/0/0120630500120/0120630500120000g01011.jpg","price":"2,25 €","price_unit":"(15 € / Kilo)","categories":["Supermercado","Desayunos Dulces y pan","Desayunos, dulces y pan","Caramelos, chicles y golosinas","Toffes","RIESEN chocolate negro toffee bolsa 150 g"],"general_information":["Denominación del alimento: Caramelos toffees de chocolate negro (30%)","Nombre del operador: Storck Iberica S.L.U.","Dirección del operador: Ctra. Real 340, n.° 122-A, 5.a Planta 08960 Sant Just Desvern (Barcelona)","Cantidad Neta: 150 g"],"ingredients":[" Jarabe de glucosa, azúcar, suero lácteo dulce concentrado, pasta de cacao* (10 %), manteca de palma, leche evaporada desnatada, cacao, humectante: jarabe de sorbitol, manteca de cacao, mantequilla concentrada, suero lácteo en polvo, almidón modificado, emulgente: lecitina (soja), extracto de vainilla. *elaborado a partir de cacao de Gavoa.  Puede contener también trazas de avellanas, almendras, caca­huetes y otros frutos de cáscara."],"conservation":" ¡Proteger del calor y de la humedad!","ean":"4014400902495"},{"full_name":"LACASA carachoco toffee con chocolate negro bolsa 150 g","name":"carachoco toffee con chocolate negro bolsa 150 g","brand":"LACASA ","img":"https://sgfm.elcorteingles.es/SGFM/dctm/MEDIA02/CONTENIDOS/201411/18/00120648602751____1__600x600.jpg","price":"1,98 €","price_unit":"(13,20 € / Kilo)","categories":["Supermercado","Desayunos Dulces y pan","Desayunos, dulces y pan","Caramelos, chicles y golosinas","Toffes","LACASA carachoco toffee con chocolate negro bolsa 150 g"],"general_information":["Denominación del alimento: Caramelo blando cubierto con chocolate negro","Nombre del operador: Lacasa España S.A.U.","Dirección del operador: Autovía de Logroño km.14 (50180 Utebo, Zaragoza).","Cantidad Neta: 150 g"],"ingredients":[" Jarabe de glucosa y fructosa, chocolate negro (25%) (azúcar, pasta de cacao, manteca de cacao, grasa láctica anhídra, emulgente (lecitinas de SOJA)), azúcar, LECHE desnatada condensada, grasa vegetal (palma), sal, emulgente (mono y diglicéridos de grasas saturadas, lecitinas de SOJA) y aroma. Cacao 50% mínimo en el chocolate."],"conservation":" Conservar en un lugar fresco y seco.","ean":"3116740021940"},{"full_name":"WERTHER'S ORIGINAL caramelos blandos de toffee con chocolate bolsa 120 g","name":"caramelos blandos de toffee con chocolate bolsa 120 g","brand":"WERTHER'S ORIGINAL ","img":"https://sgfm.elcorteingles.es/SGFM/dctm/MEDIA02/CONTENIDOS/201502/16/00200230501611____1__600x600.jpg","price":"2,10 €","price_unit":"(17,50 € / Kilo)","categories":["Supermercado","Desayunos Dulces y pan","Desayunos, dulces y pan","Caramelos, chicles y golosinas","Toffes","WERTHER'S ORIGINAL caramelos blandos de toffee con chocolate bolsa 120 g"],"general_information":["Denominación del alimento: Caramelo toffee cubierto con chocolate con leche (30%)","Nombre del operador: Storck Iberica S.L.U.","Dirección del operador: Ctra. Real 340, n.° 122-A, 5.a Planta 08960 Sant Just Desvern (Barcelona)","Cantidad Neta: 120 g"],"ingredients":[" Jarabe de glucosa, azúcar, suero lácteo dulce concentrado, leche eva­porada desnatada, leche en polvo, manteca de cacao, mantequilla concentrada, manteca de palma, pasta de cacao, humectante: jarabe de sorbitol, grasa de leche anhidra, lactosa, suero lácteo en polvo, aroma, sal, jarabe de azúcar caramelizado, emulgente: lecitina (soja). Puede contener también  trazas de avellanas, almendras, cacahuetes y otros frutos de cáscara."],"conservation":" ¡Proteger del calor y de la humedad!","ean":"4014400915143"},{"full_name":"WERTHER'S ORIGINAL Roomtoffees caramelos blandos de toffee con nata bolsa 115 g","name":"Roomtoffees caramelos blandos de toffee con nata bolsa 115 g","brand":"WERTHER'S ORIGINAL ","img":"https://sgfm.elcorteingles.es/SGFM/dctm/MEDIA03/201603/07/00200230500282____1__600x600.jpg","price":"1,89 €","price_unit":"(16,43 € / Kilo)","categories":["Supermercado","Desayunos Dulces y pan","Desayunos, dulces y pan","Caramelos, chicles y golosinas","Toffes","WERTHER'S ORIGINAL Roomtoffees caramelos blandos de toffee con nata bolsa 115 g"],"general_information":["Denominación del alimento: Caramelos blandos de toffee con nata","Nombre del operador: Storck Iberica S.L.U.","Dirección del operador: Ctra. Real 340, n.° 122-A, 5.a Planta 08960 Sant Just Desvern (Barcelona)","Cantidad Neta: 115 g"],"ingredients":[" Azúcar, jarabe de glucosa, leche evaporada desnatada (9,7%), humectante: jarabe de sorbitol, manteca de palma, mantequilla concentrada, nata (3,9%), suero lácteo dulce concentrado, mantequilla (2,5%), suero lácteo en polvo, aroma, sal, melaza de caña, emulgente: lecitina (soja)."],"conservation":" ¡Proteger del calor y de la humedad!","ean":"4014400910612"},{"full_name":"WERTHER'S ORIGINAL toffees rellenos de caramelo bolsa 135 g","name":"toffees rellenos de caramelo bolsa 135 g","brand":"WERTHER'S ORIGINAL ","img":"https://sgfm.elcorteingles.es/SGFM/dctm/MEDIA03/201603/07/00200230500449____1__600x600.jpg","price":"1,85 €","price_unit":"(13,70 € / Kilo)","categories":["Supermercado","Desayunos Dulces y pan","Desayunos, dulces y pan","Caramelos, chicles y golosinas","Toffes","WERTHER'S ORIGINAL toffees rellenos de caramelo bolsa 135 g"],"general_information":["Denominación del alimento: Caramelo de nata con relleno de caramelo (24%)","Nombre del operador: Storck Iberica S.L.U.","Dirección del operador: Ctra. Real 340, n.° 122-A, 5.a Planta 08960 Sant Just Desvern (Barcelona)","Cantidad Neta: 135 g"],"ingredients":[" Azúcar, jarabe de glucosa, jarabe de glucosa y fructosa, nata (7%), suero lácteo dulce concentrado, mantequilla  (4,5%), leche evaporada desnatada, melaza de caña, sal, mantequilla concentrada, suero lácteo en polvo,  emulgente: lecitina (soja), aroma."],"conservation":" ¡Proteger del calor y de la humedad!","ean":"4014400909876"},{"full_name":"EL AVION caramelos blandos de toffee con nata bolsa 150 g","name":"caramelos blandos de toffee con nata bolsa 150 g","brand":"EL AVION ","img":"https://sgfm.elcorteingles.es/SGFM/dctm/MEDIA03/201707/08/00200230502023____1__600x600.jpg","price":"1,99 €","price_unit":"(13,27 € / Kilo)","categories":["Supermercado","Desayunos Dulces y pan","Desayunos, dulces y pan","Caramelos, chicles y golosinas","Toffes","EL AVION caramelos blandos de toffee con nata bolsa 150 g"],"general_information":[],"ingredients":[],"ean":"8410245130189"},{"full_name":"TOFFIFEE avellana envuelta en caramelo con crema de chocolate caja 125 g","name":"avellana envuelta en caramelo con crema de chocolate caja 125 g","brand":"TOFFIFEE ","img":"https://sgfm.elcorteingles.es/SGFM/00/30/2/0120630500302/0120630500302000g01011.jpg","price":"2,45 €","price_unit":"(19,60 € / Kilo)","categories":["Supermercado","Desayunos Dulces y pan","Desayunos, dulces y pan","Caramelos, chicles y golosinas","Toffes","TOFFIFEE avellana envuelta en caramelo con crema de chocolate caja 125 g"],"general_information":["Denominación del alimento: Avellana (10%) envuelta en caramelo (41%) con un relleno de avellanas (37%) cubierto de chocolate (12%)","Nombre del operador: Storck Iberica S.L.U.","Dirección del operador: Ctra. Real 340, n.° 122-A, 5.a Planta 08960 Sant Just Desvern (Barcelona)","Cantidad Neta: 125 g"],"ingredients":[" Azúcar, grasas vegetales (palma, karité, ilipé), avellanas, jarabe de glucosa, suero lácteo en polvo, humectante: jarabe de sorbitol, pasta de cacao, leche evaporada desnatada, suero lácteo dulce concentrado, lactosa, cacao desgrasado en polvo, manteca de cacao, mantequilla concentrada, leche desnatada en polvo, melaza de caña, emulgente: lecitina (soja), sal, aromas. Puede contener también trazas de almendras, cacahuetes, y otros frutos de cáscara."],"conservation":" ¡Proteger del calor!","ean":"4014400400007"},{"full_name":"DAIM caramelos blandos con chocolate bolsa 200 g","name":"caramelos blandos con chocolate bolsa 200 g","brand":"DAIM ","img":"https://sgfm.elcorteingles.es/SGFM/00/10/4/0120630500104/0120630500104000g01011.jpg","price":"7,10 €","price_unit":"(35,50 € / Kilo)","categories":["Supermercado","Desayunos Dulces y pan","Desayunos, dulces y pan","Caramelos, chicles y golosinas","Toffes","DAIM caramelos blandos con chocolate bolsa 200 g"],"general_information":[],"ingredients":[],"ean":"7310511802301"},{"full_name":"LICENCE MIX Coolfan Trolls juguete con caramelos diversos envase 6 g diseños surtidos según existencias","name":"Coolfan Trolls juguete con caramelos diversos envase 6 g","brand":"LICENCE MIX ","img":"https://sgfm.elcorteingles.es/SGFM/dctm/MEDIA03/201712/01/00120630602959____1__600x600.jpg","price":"4,99 €","price_unit":"(831,67 € / Kilo)","categories":["Supermercado","Desayunos Dulces y pan","Desayunos, dulces y pan","Caramelos, chicles y golosinas","Caramelos diversos","LICENCE MIX Coolfan Trolls juguete con caramelos diversos envase 6 g diseños surtidos según existencias"],"general_information":[],"ingredients":[],"ean":"8714786226388"},{"full_name":"LICENCE MIX Candy Sticks Trolls  juguete con caramelos diversos envase 50 g diseños surtidos según existencias","name":"Candy Sticks Trolls  juguete con caramelos diversos envase 50 g","brand":"LICENCE MIX ","img":"https://sgfm.elcorteingles.es/SGFM/dctm/MEDIA03/201712/01/00120630602918____1__600x600.jpg","price":"3,75 €","price_unit":"(75 € / Kilo)","categories":["Supermercado","Desayunos Dulces y pan","Desayunos, dulces y pan","Caramelos, chicles y golosinas","Caramelos diversos","LICENCE MIX Candy Sticks Trolls  juguete con caramelos diversos envase 50 g diseños surtidos según existencias"],"general_information":[],"ingredients":[],"ean":"8714786766204"},{"full_name":"LICENCE MIX Super Surprise huevo sorpresa relleno de caramelos diversos envase 10 g diseños surtidos según existencias","name":"Super Surprise huevo sorpresa relleno de caramelos diversos envase 10 g","brand":"LICENCE MIX ","img":"https://sgfm.elcorteingles.es/SGFM/dctm/MEDIA03/201712/01/00120630602926____1__600x600.jpg","price":"1,10 €","price_unit":"(110 € / Kilo)","categories":["Supermercado","Desayunos Dulces y pan","Desayunos, dulces y pan","Caramelos, chicles y golosinas","Caramelos diversos","LICENCE MIX Super Surprise huevo sorpresa relleno de caramelos diversos envase 10 g diseños surtidos según existencias"],"general_information":[],"ingredients":[],"ean":"8714786243552"},{"full_name":"JUSTICE LEAGUE Lollipop Ups caramelo con palo envase 10 g diseños surtidos según existencias","name":"Lollipop Ups caramelo con palo envase 10 g","brand":"JUSTICE LEAGUE ","img":"https://sgfm.elcorteingles.es/SGFM/dctm/MEDIA03/201712/01/00120630603023____1__600x600.jpg","price":"1,79 €","price_unit":"(179 € / Kilo)","categories":["Supermercado","Desayunos Dulces y pan","Desayunos, dulces y pan","Caramelos, chicles y golosinas","Caramelos diversos","JUSTICE LEAGUE Lollipop Ups caramelo con palo envase 10 g diseños surtidos según existencias"],"general_information":[],"ingredients":[],"ean":"8714786259591"},{"full_name":"JUSTICE LEAGUE Proyector linterna rellena de caramelos diversos envase 8 g diseños surtidos según existencias","name":"Proyector linterna rellena de caramelos diversos envase 8 g","brand":"JUSTICE LEAGUE ","img":"https://sgfm.elcorteingles.es/SGFM/dctm/MEDIA03/201712/01/00120630603031____1__600x600.jpg","price":"1,79 €","price_unit":"(223,75 € / Kilo)","categories":["Supermercado","Desayunos Dulces y pan","Desayunos, dulces y pan","Caramelos, chicles y golosinas","Caramelos diversos","JUSTICE LEAGUE Proyector linterna rellena de caramelos diversos envase 8 g diseños surtidos según existencias"],"general_information":[],"ingredients":[],"ean":"8714786282742"},{"full_name":"MY LITTLE PONY Lollipop Ups caramelo con palo envase 10 g","name":"Lollipop Ups caramelo con palo envase 10 g","brand":"MY LITTLE PONY ","img":"https://sgfm.elcorteingles.es/SGFM/dctm/MEDIA03/201712/01/00120630602967____1__600x600.jpg","price":"1,79 €","price_unit":"(179 € / Kilo)","categories":["Supermercado","Desayunos Dulces y pan","Desayunos, dulces y pan","Caramelos, chicles y golosinas","Caramelos diversos","MY LITTLE PONY Lollipop Ups caramelo con palo envase 10 g"],"general_information":[],"ingredients":[],"ean":"8714786259621"},{"full_name":"MY LITTLE PONY Case Bobblehead juguete con caramelos diversos envase 10 g diseños surtidos según existencias","name":"Case Bobblehead juguete con caramelos diversos envase 10 g","brand":"MY LITTLE PONY ","img":"https://sgfm.elcorteingles.es/SGFM/dctm/MEDIA03/201712/01/00120630602983____1__600x600.jpg","price":"2,85 €","price_unit":"(285 € / Kilo)","categories":["Supermercado","Desayunos Dulces y pan","Desayunos, dulces y pan","Caramelos, chicles y golosinas","Caramelos diversos","MY LITTLE PONY Case Bobblehead juguete con caramelos diversos envase 10 g diseños surtidos según existencias"],"general_information":[],"ingredients":[],"ean":"8714786282650"},{"full_name":"MY LITTLE PONY Bobblehead juguete con caramelos diversos envase 20 g diseños surtidos según existencias","name":"Bobblehead juguete con caramelos diversos envase 20 g","brand":"MY LITTLE PONY ","img":"https://sgfm.elcorteingles.es/SGFM/dctm/MEDIA03/201712/01/00120630602991____1__600x600.jpg","price":"2,99 €","price_unit":"(149,50 € / Kilo)","categories":["Supermercado","Desayunos Dulces y pan","Desayunos, dulces y pan","Caramelos, chicles y golosinas","Caramelos diversos","MY LITTLE PONY Bobblehead juguete con caramelos diversos envase 20 g diseños surtidos según existencias"],"general_information":[],"ingredients":[],"ean":"8714786282711"},{"full_name":"MY LITTLE PONY Chompz dispensador de caramelos diversos envase 5 g diseños surtidos según existencias","name":"Chompz dispensador de caramelos diversos envase 5 g","brand":"MY LITTLE PONY ","img":"https://sgfm.elcorteingles.es/SGFM/dctm/MEDIA03/201712/01/00120630603007____1__600x600.jpg","price":"2,99 €","price_unit":"(598 € / Kilo)","categories":["Supermercado","Desayunos Dulces y pan","Desayunos, dulces y pan","Caramelos, chicles y golosinas","Caramelos diversos","MY LITTLE PONY Chompz dispensador de caramelos diversos envase 5 g diseños surtidos según existencias"],"general_information":[],"ingredients":[],"ean":"8714786282681"},{"full_name":"MY LITTLE PONY Super Surprise huevo sorpresa relleno de caramelos diversos envase 10 g diseños surtidos según existencias","name":"Super Surprise huevo sorpresa relleno de caramelos diversos envase 10 g","brand":"MY LITTLE PONY ","img":"https://sgfm.elcorteingles.es/SGFM/dctm/MEDIA03/201712/01/00120630603015____1__600x600.jpg","price":"1,10 €","price_unit":"(110 € / Kilo)","categories":["Supermercado","Desayunos Dulces y pan","Desayunos, dulces y pan","Caramelos, chicles y golosinas","Caramelos diversos","MY LITTLE PONY Super Surprise huevo sorpresa relleno de caramelos diversos envase 10 g diseños surtidos según existencias"],"general_information":[],"ingredients":[],"ean":"8714786259713"},{"full_name":"HARIBO caramelos surtidos celebraciones caja 100 g","name":"caramelos surtidos celebraciones caja 100 g","brand":"HARIBO ","img":"https://sgfm.elcorteingles.es/SGFM/01/08/4/0120630601084/0120630601084000g01011.jpg","price":"1,05 €","price_unit":"(8,75 € / Kilo)","categories":["Supermercado","Desayunos Dulces y pan","Desayunos, dulces y pan","Caramelos, chicles y golosinas","Caramelos diversos","HARIBO caramelos surtidos celebraciones caja 100 g"],"general_information":["Denominación del alimento: SURTIDO DE GOLOSINAS","Nombre del operador: HARIBO España S.A.U.","Dirección del operador: Ctra. Girona-Banyoles, KM 14 17844 Cornellà del Terri","Cantidad Neta: 100 g","Número de raciones por envase: 4"],"ingredients":[" Ositos de Oro: CARAMELOS DE GOMA SABOR FRUTAS / Ingredientes: Jarabe de glucosa; azúcar; gelatina; dextrosa; zumo de frutas a partir de concentrado: manzana, fresa, frambuesa, naranja, limón, piña; acidulante: ácido cítrico; concentrados de frutas y plantas: cártamo, espirulina, manzana, baya de saúco, naranja, grosella negra, kiwi, limón, aronia, mango, fruta de la pasión, uva; aroma; extracto de baya de saúco; agentes de recubrimiento: cera de abeja blanca y amarilla, cera de carnauba. Favoritos red mix: GELES DULCES / Ingredientes: Azúcar; harina de trigo; jarabe de glucosa y fructosa; agua; almidón de trigo; grasa de palma; emulgente: monoglicéridos y diglicéridos de  ácidos  grasos; dextrosa;  acidulante:  ácido  cítrico; gelatina; aroma; concentrados de frutas y plantas: rábano, grosella negra, manzana; colorantes: curcumina, carmines; agentes de recubrimiento: cera de abeja blanca y amarilla, cera de carnauba. Favoritos azúcar: CARAMELOS DE GOMA / Ingredientes: Jarabe de glucosa; azúcar (38 %); agua; zumo de frutas a partir de concentrado (5 %): limón, fresa, cereza, naranja, manzana, piña; gelatina; humectante: jarabe de sorbitol; dextrosa; acidulante: ácido cítrico; nata ligera en polvo; gelificante: pectina amidada; corrector de acidez: citrato trisódico; aroma; concentrados de frutas y plantas: grosella negra, baya de saúco, aronia, uva, rábano, cártamo, naranja, limón, mango, fruta de la pasión, espirulina, manzana; extracto de baya de saúco; jarabe de caramelo; colorante: curcumina; jarabe de azúcar invertido. Nube: ESPUMAS DULCES / Ingredientes: Jarabe de glucosa; azúcar; dextrosa; agua; estabilizante: sorbitoles; gelatina; aroma; colorantes: curcumina, carmines. Starmix: CARAMELOS DE GOMA / Ingredientes: Jarabe de glucosa; azúcar; agua; gelatina; dextrosa; acidulante: ácido cítrico; zumo de frutas a partir de concentrado: manzana, naranja, limón, frambuesa, fresa, piña; aroma; concentrados de frutas y plantas: cártamo, espirulina, manzana, kiwi, grosella negra, baya de saúco, aronia, uva, naranja, limón, mango, fruta de la pasión; extracto de baya de saúco; jarabe de caramelo; agentes de recubrimiento: cera de abeja blanca y amarilla, cera de carnauba."],"conservation":" Mantener en lugar fresco y seco.","ean":"8426617053536"},{"full_name":"MIGUELAÑEZ bolsa cono piñata grande con surtido variado de caramelos y golosinas envase 1 unidad","name":"bolsa cono piñata grande con surtido variado de caramelos y golosinas envase 1 unidad","brand":"MIGUELAÑEZ ","img":"https://sgfm.elcorteingles.es/SGFM/00/76/3/0120630600763/0120630600763000g01011.jpg","price":"2,29 €","price_unit":"(2,29 € / Unidad)","categories":["Supermercado","Desayunos Dulces y pan","Desayunos, dulces y pan","Caramelos, chicles y golosinas","Caramelos diversos","MIGUELAÑEZ bolsa cono piñata grande con surtido variado de caramelos y golosinas envase 1 unidad"],"general_information":["Denominación del alimento: PIÑATA GRANDE","País de origen: España","Nombre del operador: MIDEL, S.A.","Dirección del operador: Avda. Laboral, 9 pol. Ind. Villaverde - 28021-MADRID","Cantidad Neta: 75 g","Otras menciones obligatorias en la etiqueta: PRODUCTO NO APTO PARA MENORES DE 3 AÑOS."],"ingredients":[],"conservation":" CONSERVAR EN LUGAR FRESCO Y SECO","ean":"8411823030174"},{"full_name":"MIGUELAÑEZ pack celebraciones con piñata y surtido de dulces para 8 niños bolsa 1 unidad","name":"pack celebraciones con piñata y surtido de dulces para 8 niños bolsa 1 unidad","brand":"MIGUELAÑEZ ","img":"https://sgfm.elcorteingles.es/SGFM/dctm/MEDIA03/201604/28/00120630600854____1__600x600.jpg","price":"16,69 €","price_unit":"(16.690 € / Kilo)","categories":["Supermercado","Desayunos Dulces y pan","Desayunos, dulces y pan","Caramelos, chicles y golosinas","Caramelos diversos","MIGUELAÑEZ pack celebraciones con piñata y surtido de dulces para 8 niños bolsa 1 unidad"],"general_information":[],"ingredients":[],"ean":"8411823505269"},{"full_name":"MIGUELAÑEZ Rolling Party XXL surtido variado de caramelos y golosinas unidad 180 g","name":"Rolling Party XXL surtido variado de caramelos y golosinas unidad 180 g","brand":"MIGUELAÑEZ ","img":"https://sgfm.elcorteingles.es/SGFM//01/81/7/0120630801817/0120630801817000g01011.jpg","price":"3,55 €","price_unit":"(19,72 € / Kilo)","categories":["Supermercado","Desayunos Dulces y pan","Desayunos, dulces y pan","Caramelos, chicles y golosinas","Caramelos diversos","MIGUELAÑEZ Rolling Party XXL surtido variado de caramelos y golosinas unidad 180 g"],"general_information":["Denominación del alimento: MIGUELAÑEZ ROLLING PARTY XXL","País de origen: España","Dirección del operador: Avda. Laboral, 9 pol. Ind. Villaverde - 28021-MADRID","Cantidad Neta: 150 g"],"ingredients":[" Caramelo Masticable (Mastistick): Azúcar; Jarabe de Glucosa; Grasa vegetal; 4% de pure de frutas y zumo\nconcentrado de frutas (fresa); Acidulante: Ácido Cítrico E-330; Emulgente:\nLecitina de Soja(Contiene Soja);\nAromas; Colorantes E-162. Caramelo comprimido: (Collar):\nDextrosa; Glucosa; Acidulante E-330; Emulgente E-470b; Aromas; Colorantes:\nE-100, E-120, E-141, E160a, E-163;\nAgentes de recubrimiento: E-901, E-903, E-904. (Reloj): Dextrosa, Glucosa, Acidulante (E-330),  Emulgente: E-470b, Aromas y Colorantes:\nE-100, E-120, E-141, E-160a, E-163. Agentes de recubrimiento: E-901, E-903,\nE-904. (Golosina Pica). Tarrina: Azucar, Dextrosa,\nAcidulante:E-330, aromas de frutas y cola, antiaglomerante: E-551, Colorantes:\nE-100, E-150c,  E-160c, E-163.   Caramelo\nduro: (Caramelo Palo y Piruleta): Azúcar; jarabe de glucosa;\nAcidulante: Acido Cítrico E-330; Esencias y colorantes naturales: E-100,\nE-160a, E-120, E-141, E-150.  (Chupete): Azúcar, Glucosa, Acidulante:\nÁcido cítrico E-330, Colorante: E-120 y Aroma. Espumas dulces (Nube): Jarabe de Glucosa-Fructosa; Azúcar;\nAgua; Gelatina; Almidón de maíz; Aroma natural; Colorantes: E-162, E-100. Productos de Aperitivo y extrusionado:\nsémola de maíz, aceite de girasol y sal. \nCaramelo de Goma: Jarabe\nde glucosa, Azúcar, Agua, Gelificantes: Gelatina, Concentrado de Fruta (10% en\nfruta), Extractos vegetales: (Cartamo y espirulina), Sorbitol, Acidulante:\nAcido Láctico (E-270). Colorantes: E-100, E-120 y Aromas.  Galleta\nrecubierta de Chocolate con leche(67, 8%): Azúcar, harina de trigo,\nmanteca de cacao, leche desnatada en polvo, grasa vegetal, cacao, aceite de\nmantequilla, suero de leche en polvo, cacao desgrasado, jarabe de azúcar\ninvertido, emulgente: lecitina de girasol, aromas, sal, gasificante(bicarbonato\nsódico).  Contiene: Gluten y Leche"],"conservation":" CONSERVAR EN LUGAR FRESCO Y SECO","ean":"8411823504910"},{"full_name":"MIGUELAÑEZ Caja Mágica con dulces caja 60 g","name":"Caja Mágica con dulces caja 60 g","brand":"MIGUELAÑEZ ","img":"https://sgfm.elcorteingles.es/SGFM//02/00/9/0120630602009/0120630602009000g01011.jpg","price":"1,29 €","price_unit":"(1.290 € / Kilo)","categories":["Supermercado","Desayunos Dulces y pan","Desayunos, dulces y pan","Caramelos, chicles y golosinas","Caramelos diversos","MIGUELAÑEZ Caja Mágica con dulces caja 60 g"],"general_information":["Denominación del alimento: Caramelo masticable, Caramelo duro, Espuma dulce, Producto de aperirivo y extrusionado, Caramelo de goma","Dirección del operador: Avda. Laboral, 9 Pol.Ind, Vilaverde - 28021 MADRID","Lugar de procedencia del alimento: UE","Cantidad Neta: 60 g"],"ingredients":[" Caramelo Blando: Azúcar, Jarabe de Glucosa, Grasa vegetal: 4% de puré de frutas y zumo concentrado de frutas (fresa), Acidulante: Acido cítrico E-330, Emulgente, Lecitina de Soja, Aromas, Colorantes E-162. Caramelo duro: (Caramelo palo y piruleta): Azúcar, jarabe de glucosa, Acidulante: acido Cítrico E-330, Esencias y colorantes naturales: E-100, E-160a, E-120, E-150. Espuma dulce: Jarabe de glucosa-fructosa, azúcar, agua, gelatina, almidón de maíz, aroma natural, colorantes naturales: E-162, E-100. Productos de aperitivo y extrusionado: Semola de maiz, aceite de girasol y sal. Caramelo de Goma: Jarabe de Glucosa, Azúcar, Agua, Gelificantes: Gelatina, Concentrado de Fruta (10% en Fruta), Extractos vegetales (Cartamo y Espirulina), Sorbitol, Acidulantes: Ácido láctico(E-270)Colorantes: E-100 ,E-120 y Aromas .  REGALO: Pintura de cera"],"ean":"8411823506563"},{"full_name":"FUNDASHOP mini tarta fantasía azul con surtido de golosinas envase 110 g","name":"mini tarta fantasía azul con surtido de golosinas envase 110 g","brand":"FUNDASHOP ","img":"https://sgfm.elcorteingles.es/SGFM/dctm/MEDIA03/201606/20/00120631101456____1__600x600.jpg","price":"5,95 €","price_unit":"(54,09 € / Kilo)","categories":["Supermercado","Desayunos Dulces y pan","Desayunos, dulces y pan","Caramelos, chicles y golosinas","Caramelos diversos","FUNDASHOP mini tarta fantasía azul con surtido de golosinas envase 110 g"],"general_information":[],"ingredients":[],"ean":"8437013423014"},{"full_name":"FUNDASHOP piñata solidaria para cumpleaños bolsa 33,4 g","name":"piñata solidaria para cumpleaños bolsa 33,4 g","brand":"FUNDASHOP ","img":"https://sgfm.elcorteingles.es/SGFM/dctm/MEDIA03/201606/20/00120631101431____1__600x600.jpg","price":"1,95 €","price_unit":"(58,38 € / Kilo)","categories":["Supermercado","Desayunos Dulces y pan","Desayunos, dulces y pan","Caramelos, chicles y golosinas","Caramelos diversos","FUNDASHOP piñata solidaria para cumpleaños bolsa 33,4 g"],"general_information":[],"ingredients":[],"ean":"8437013426008"},{"full_name":"BELROS vaso de chuches variadas para celebraciones en colores surtidos 1 unidad","name":"vaso de chuches variadas para celebraciones en colores surtidos  1 unidad","brand":"BELROS ","img":"https://sgfm.elcorteingles.es/SGFM/dctm/MEDIA02/CONTENIDOS/201511/16/00120630600045____1__600x600.jpg","price":"2,29 €","price_unit":"(2,29 € / Unidad)","categories":["Supermercado","Desayunos Dulces y pan","Desayunos, dulces y pan","Caramelos, chicles y golosinas","Caramelos diversos","BELROS vaso de chuches variadas para celebraciones en colores surtidos 1 unidad"],"general_information":[],"ingredients":[],"ean":"8436023770118"},{"full_name":"BELROS cono de chuches para celebraciones 1 unidad","name":"cono de chuches para celebraciones  1 unidad","brand":"BELROS ","img":"https://sgfm.elcorteingles.es/SGFM/dctm/MEDIA02/CONTENIDOS/201511/12/00120630600052____1__600x600.jpg","price":"1,80 €","price_unit":"(1,80 € / Unidad)","categories":["Supermercado","Desayunos Dulces y pan","Desayunos, dulces y pan","Caramelos, chicles y golosinas","Caramelos diversos","BELROS cono de chuches para celebraciones 1 unidad"],"general_information":[],"ingredients":[],"ean":"8436023772327"},{"full_name":"LICENCE MIX Trolls vaso con caramelos diversos envase 21 g diseños surtidos según existencias","name":"Trolls vaso con caramelos diversos envase 21 g","brand":"LICENCE MIX ","img":"https://sgfm.elcorteingles.es/SGFM/dctm/MEDIA03/201712/01/00120630602934____1__600x600.jpg","price":"5,85 €","price_unit":"(278,57 € / Kilo)","categories":["Supermercado","Desayunos Dulces y pan","Desayunos, dulces y pan","Caramelos, chicles y golosinas","Caramelos diversos","LICENCE MIX Trolls vaso con caramelos diversos envase 21 g diseños surtidos según existencias"],"general_information":[],"ingredients":[],"ean":"8714786226357"},{"full_name":"1534 frutas de Aragón cesta 350 g","name":"frutas de Aragón cesta 350 g","brand":"1534 ","img":"https://sgfm.elcorteingles.es/SGFM/dctm/MEDIA02/CONTENIDOS/201407/17/00200473500098____1__600x600.jpg","price":"9,95 €","price_unit":"(28,43 € / Kilo)","categories":["Supermercado","Desayunos Dulces y pan","Desayunos, dulces y pan","Caramelos, chicles y golosinas","Dulces diversos","1534 frutas de Aragón cesta 350 g"],"general_information":["Denominación del alimento: Frutas de Aragón","Nombre del operador: Lapasion Internacional, S.A.","Dirección del operador: Pol.Ind. Malpica C/F, OesteParc 47, 50016 Zaragoza.","Cantidad Neta: 350 g"],"ingredients":[" Frutas y vegetales confitados (azúcar, jarabe de glucosa y fructosa, corrector de acidez (E-330), conservantes (E-202, E-223), cobertura de chocolate 37%(Azúcar, manteca de cacao, pasta de cacao, emulgente (lecitina de soja), aroma (vainillina))."],"conservation":" Consérvese en lugar fresco y seco. Temperatura óptima entre 15 y 20°C. Humedad Relativa: Inferior al 65%. Una vez abierto se recomienda consumir antes de 12 meses.","ean":"8413355002438"},{"full_name":"1534 frutas de Aragón bolsa 250 g","name":"frutas de Aragón bolsa 250 g","brand":"1534 ","img":"https://sgfm.elcorteingles.es/SGFM/dctm/MEDIA02/CONTENIDOS/201407/17/00120973500117____1__600x600.jpg","price":"5,85 €","price_unit":"(23,40 € / Kilo)","categories":["Supermercado","Desayunos Dulces y pan","Desayunos, dulces y pan","Caramelos, chicles y golosinas","Dulces diversos","1534 frutas de Aragón bolsa 250 g"],"general_information":["Denominación del alimento: Frutas de Aragón","Nombre del operador: Lapasion Internacional, S.A.","Dirección del operador: Pol.Ind. Malpica C/F, OesteParc 47, 50016 Zaragoza.","Cantidad Neta: 250 g"],"ingredients":[" Frutas y vegetales confitados (azúcar, jarabe de glucosa y fructosa, corrector de acidez (E-330), conservantes (E-202, E-223), cobertura de chocolate 37%(Azúcar, manteca de cacao, pasta de cacao, emulgente (lecitina de soja), aroma (vainillina))."],"conservation":" Consérvese en lugar fresco y seco. Temperatura óptima entre 15 y 20°C. Humedad Relativa: Inferior al 65%. Una vez abierto se recomienda consumir antes de 12 meses.","ean":"8413355003374"},{"full_name":"LUNITAS DE VALENCIA naranjas confitadas con chocolate negro 55% estuche 150 g","name":"naranjas confitadas con chocolate negro 55% estuche 150 g","brand":"LUNITAS DE VALENCIA ","img":"https://sgfm.elcorteingles.es/SGFM/dctm/MEDIA03/201602/11/00120602301697____1__600x600.jpg","price":"8,76 €","price_unit":"(58,40 € / Kilo)","categories":["Supermercado","Desayunos Dulces y pan","Desayunos, dulces y pan","Caramelos, chicles y golosinas","Dulces diversos","LUNITAS DE VALENCIA naranjas confitadas con chocolate negro 55% estuche 150 g"],"general_information":["Denominación del alimento: Naranja confitada con chocolate","Nombre del operador: Smart coffee, S.L.U.","Dirección del operador: Pol. Ind. Catarroja, Cami de les Eres, 407, 46470 Catarroja, Valencia.","Cantidad Neta: 150 g"],"ingredients":[" Naranja confitada (55%) (Naranja, jarabe de glucosa, azúcar, sulfitos y acidulante E-330). Cobertura de Chocolate (azúcar, manteca de cacao, pasta de cacao, emulgente: lecitina de soja y aroma de vainilla). Puede contener  frutos secos."],"conservation":" Conservar en lugar fresco y seco.","ean":"8437011209061"},{"full_name":"PIFARRE peladillas de colores bolsa 400","name":"peladillas de colores bolsa 400 ","brand":"PIFARRE ","img":"https://sgfm.elcorteingles.es/SGFM/00/69/5/0120967900695/0120967900695000g01011.jpg","price":"4,65 €","price_unit":"(11,62 € / Kilo)","categories":["Supermercado","Desayunos Dulces y pan","Desayunos, dulces y pan","Caramelos, chicles y golosinas","Dulces diversos","PIFARRE peladillas de colores bolsa 400"],"general_information":["Denominación del alimento: Peladilla","Nombre del operador: Viuda Pifarre y Compañía, S.L.","Dirección del operador: Calle La font, 22 -25250 Bellpuig -Lleida -España","Cantidad Neta: 400 g"],"ingredients":[" Cobertura de azúcar (85%) [ azúcar, harina de trigo, dextrina, almidón de maíz, colorantes: (E-100, E-120, E-131, E-170 y E-171) y aroma] y almendra."],"conservation":" Almacenar en sitio fresco y seco.","ean":"8410719004008"}]