[{"full_name":"EL CORTE INGLES cereales de desayuno en sticks de salvado de trigo paquete 500 g","name":"cereales de desayuno en sticks de salvado de trigo paquete 500 g","brand":"EL CORTE INGLES ","img":"https://sgfm.elcorteingles.es/SGFM/dctm/MEDIA03/201706/05/00120641600810____2__600x600.jpg","price":"1,39 €","price_unit":"(2,78 € / Kilo)","categories":["Supermercado","Desayunos Dulces y pan","Desayunos, dulces y pan","Cereales","Cereales para adultos","EL CORTE INGLES cereales de desayuno en sticks de salvado de trigo paquete 500 g"],"general_information":["Denominación del alimento: Cereales de salvado y harina de trigo extrusionados y tostados.","Nombre del operador: Elaborado para \nEl Corte Inglés \npor H. & J. Brüggen KG \nGertrudenstraße 15 \n23568 Lübeck \nAlemania","Cantidad Neta: 500 g","Número de raciones por envase: Ã 16"],"ingredients":[" Ingredientes: Salvado de trigo (59%), harina de trigo (28%), azúcar y sal. Puede contener trazas de frutos de cáscara, cacahuetes, productos de soja, productos lácteos y granos de sésamo."],"conservation":" Conservar en lugar fresco y seco. Una vez abierto el paquete, mantenga la bolsa perfectamente cerrada.","ean":"8433329070393"},{"full_name":"EL CORTE INGLES Corn Flakes Classic copos de maíz tostados con vitaminas, hierro y calcio estuche 500 g","name":"Corn Flakes Classic copos de maíz tostados con vitaminas, hierro y calcio estuche 500 g","brand":"EL CORTE INGLES ","img":"https://sgfm.elcorteingles.es/SGFM/dctm/MEDIA02/CONTENIDOS/201601/18/00120633800048____2__600x600.jpg","price":"1,13 €","price_unit":"(2,26 € / Kilo)","categories":["Supermercado","Desayunos Dulces y pan","Desayunos, dulces y pan","Cereales","Cereales para adultos","EL CORTE INGLES Corn Flakes Classic copos de maíz tostados con vitaminas, hierro y calcio estuche 500 g"],"general_information":["Denominación del alimento: Copos de maíz tostados enriquecidos con vitaminas (niacina, E, ácido pantoténico, B6, B2, B1, ácido fólico, B12), hierro y calcio","Nombre del operador: Elaborado para \nEl Corte Inglés \npor H. & J. Brüggen KG \nGertrudenstraße 15 \n23568 Lübeck \nAlemania","Cantidad Neta: 500 g","Número de raciones por envase: Ã 16"],"ingredients":[" Ingredientes: Maíz (91%), azúcar, sal, extracto de malta de cebada, carbonato de calcio, vitaminas (niacina, vitamina E, ácido pantoténico, vitamina B6, vitamina B2, vitamina B1, ácido fólico, vitamina B12) y difosfato férrico. Puede contener trazas de frutos de cáscara, cacahuetes, productos de soja, productos lácteos y granos de sésamo."],"conservation":" Conservar en lugar fresco y seco. Una vez abierto el paquete, mantenga la bolsa perfectamente cerrada.","ean":"8433329070409"},{"full_name":"EL CORTE INGLES cereales de desayuno en copos tostados de arroz y trigo integral con 8 vitaminas y hierro paquete 500 g","name":"cereales de desayuno en copos tostados de arroz y trigo integral con 8 vitaminas y hierro paquete 500 g","brand":"EL CORTE INGLES ","img":"https://sgfm.elcorteingles.es/SGFM/dctm/MEDIA03/201602/11/00120634100760____2__600x600.jpg","price":"1,60 €","price_unit":"(3,20 € / Kilo)","categories":["Supermercado","Desayunos Dulces y pan","Desayunos, dulces y pan","Cereales","Cereales para adultos","EL CORTE INGLES cereales de desayuno en copos tostados de arroz y trigo integral con 8 vitaminas y hierro paquete 500 g"],"general_information":["Denominación del alimento: Copos tostados de arroz y trigo integral, enriquecidos con vitaminas (niacina, E, ácido pantoténico, B6, B2, B1, ácido fólico, B12) y hierro.","Nombre del operador: Elaborado para \nEl Corte Inglés \npor H. & J. Brüggen KG \nGertrudenstraße 15 \n23568 Lübeck \nAlemania","Cantidad Neta: 500 g","Número de raciones por envase: Ã 16"],"ingredients":[" Ingredientes: Arroz (57%), trigo integral (14%), azúcar, gluten de trigo, extracto de malta de cebada, harina de trigo, leche desnatada en polvo, sal, germen de trigo, vitaminas (niacina, vitamina E, ácido pantoténico, vitamina B6, vitamina B2, vitamina B1, ácido fólico, vitamina B12) y difosfato férrico. Puede contener trazas de frutos de cáscara, cacahuetes, productos de soja y granos de sésamo."],"conservation":" Conservar en lugar fresco y seco. Una vez abierto el paquete, mantenga la bolsa perfectamente cerrada.","ean":"8433329070362"},{"full_name":"EL CORTE INGLES Naturall cereales de fruta y fibra estuche 500 g","name":"Naturall cereales de fruta y fibra estuche 500 g","brand":"EL CORTE INGLES ","img":"https://sgfm.elcorteingles.es/SGFM/dctm/MEDIA03/201609/08/00120641600893____1__600x600.jpg","price":"2,03 €","price_unit":"(4,06 € / Kilo)","categories":["Supermercado","Desayunos Dulces y pan","Desayunos, dulces y pan","Cereales","Cereales para adultos","EL CORTE INGLES Naturall cereales de fruta y fibra estuche 500 g"],"general_information":["Denominación del alimento: Copos tostados de trigo integral con frutas desecadas y avellanas. Enriquecidos con vitaminas (niacina, E, ácido pantoténico, B6, B2, B1, ácido fólico y B12) y hierro.","Nombre del operador: Elaborado para \nEl Corte Inglés \npor H. & J. Brüggen KG \nGertrudenstraße 15 \n23568 Lübeck \nAlemania","Cantidad Neta: 500 g","Número de raciones por envase: aproximadament"],"ingredients":[" Ingredientes: Copos tostados de trigo integral (72%) [trigo integral (61%), azúcar, extracto de malta de cebada, sal, vitaminas (niacina, E, ácido pantoténico, B6, B2, B1, ácido fólico, B12), difosfato férrico], frutas desecadas (25%) [pasas sultanas, chips de coco azucarados (coco, azúcar), chips de banana azucarados (banana, aceite de coco, azúcar), trozos de manzana (manzana, acidulante: ácido citrico, antioxidante: ácido ascórbico] y avellanas medias tostadas (1%). Puede contener trazas de otros frutos de cáscara, cacahuetes, productos de soja, productos lácteos y granos de sésamo."],"conservation":" Conservar en lugar fresco y seco. Una vez abierto el paquete, mantenga la bolsa perfectamente cerrada.","ean":"8433329069045"},{"full_name":"EL CORTE INGLES muesli crujiente y chocolate negro estuche 500 g","name":"muesli crujiente y chocolate negro estuche 500 g","brand":"EL CORTE INGLES ","img":"https://sgfm.elcorteingles.es/SGFM/dctm/MEDIA03/201609/07/00120606300828____1__600x600.jpg","price":"1,85 €","price_unit":"(3,70 € / Kilo)","categories":["Supermercado","Desayunos Dulces y pan","Desayunos, dulces y pan","Cereales","Cereales para adultos","EL CORTE INGLES muesli crujiente y chocolate negro estuche 500 g"],"general_information":["Denominación del alimento: Mezcla tostada de copos laminados de avena integral y cereales de trigo y arroz extrusionados y tostadoscon chocolate negro. Enriquecida con vitaminas (niacina, E, ácido pantoténico, B6, B2, B1, ácido fólico, B12) y hierro.","Nombre del operador: Elaborado para \nEl Corte Inglés \npor H. & J. Brüggen KG \nGertrudenstraße 15 \n23568 Lübeck \nAlemania","Cantidad Neta: 500 g","Número de raciones por envase: aproximadament"],"ingredients":[" Ingredientes: Mezcla tostada (87%) [copos laminados de avena integral (48%), azúcar, aceite de palma, harina de trigo, coco rallado (5%), cereales de trigo y arroz extrusionados y tostados (4%) (azúcar, harina de trigo, harina de arroz, harina de malta de trigo, harina de malta de cebada, sal, dextrosa, aceite de palma), jarabe de glucosa - fructosa, sal, jarabe de caramelo, vitaminas (niacina, E, ácido pantoténico, B6, B2, B1, ácido fólico, B12)], difosfato férrico, canela, aroma natural y trozos de chocolate negro (13%) [pasta de cacao, azúcar, manteca de cacao y emulgente: lecitinas (girasol)]. Puede contener trazas de frutos de cáscara, cacahuetes, productos de soja, productos lácteos y granos de sésamo."],"conservation":" Conservar en lugar fresco y seco.","ean":"8433329069052"},{"full_name":"EL CORTE INGLES muesli crujiente con frutas estuche 500 g","name":"muesli crujiente con frutas estuche 500 g","brand":"EL CORTE INGLES ","img":"https://sgfm.elcorteingles.es/SGFM/dctm/MEDIA03/201609/05/00120606300810____1__600x600.jpg","price":"1,69 €","price_unit":"(3,38 € / Kilo)","categories":["Supermercado","Desayunos Dulces y pan","Desayunos, dulces y pan","Cereales","Cereales para adultos","EL CORTE INGLES muesli crujiente con frutas estuche 500 g"],"general_information":["Denominación del alimento: Mezcla tostada de copos laminados de avena integral y cereales de trigo y arroz extrusionados y tostados con frutas desecadas. Enriquecida con vitaminas (niacina, E, ácido pantoténico, B6, B2, B1, ácido fólico, B12) y hierro.","Nombre del operador: Elaborado para \nEl Corte Inglés \npor H. & J. Brüggen KG \nGertrudenstraße 15 \n23568 Lübeck \nAlemania","Cantidad Neta: 500 g","Número de raciones por envase: aproximadament"],"ingredients":[" Ingredientes: Mezcla tostada (77%) [copos laminados de avena integral, azúcar, aceite de palma, harina de trigo, coco rallado, cereales de trigo y arroz extrusionados y tostados (3%) (azúcar, harina de trigo, harina de arroz, harina de malta de trigo, harina de malta de cebada, sal, dextrosa, aceite de palma), jarabe de glucosa - fructosa, sal, jarabe de caramelo, vitaminas (niacina, E, ácido pantoténico, B6, B2, B1, ácido fólico, B12), difosfato férrico, canela, aroma natural] y frutas desecadas (23%) [pasas sultanas, trozos de banana azucarados (4%) (banana, aceite de coco, azúcar), chips de coco azucarados (3%) (coco, azúcar), trozos de manzana (2%), trozos de albaricoque, trozos de piña azucarados (azúcar, piña, acidulante: ácido cítrico)]. Puede contener trazas de frutos de cáscara, cacahuetes, productos de soja, productos lácteos y granos de sésamo."],"conservation":" Conservar en lugar fresco y seco.","ean":"8433329069069"},{"full_name":"EL CORTE INGLES muesli crujiente con frutas rojas estuche 500 g","name":"muesli crujiente con frutas rojas estuche 500 g","brand":"EL CORTE INGLES ","img":"https://sgfm.elcorteingles.es/SGFM/dctm/MEDIA03/201609/05/00120606300836____1__600x600.jpg","price":"2,60 €            ","price_unit":"(5,10 € / Kilo)","categories":["Supermercado","Desayunos Dulces y pan","Desayunos, dulces y pan","Cereales","Cereales para adultos","EL CORTE INGLES muesli crujiente con frutas rojas estuche 500 g"],"general_information":["Denominación del alimento: Mezcla tostada de copos laminados de avena integral y cereales de trigo y arroz extrusionados y tostados con frutas rojas liofilizadas. Enriquecida con vitaminas (niacina, E, ácido pantoténico, B6, B2, B1, ácido fólico, B12) y hierro.","Nombre del operador: Elaborado para \nEl Corte Inglés \npor H. & J. Brüggen KG \nGertrudenstraße 15 \n23568 Lübeck \nAlemania","Cantidad Neta: 500 g","Número de raciones por envase: aproximadament"],"ingredients":[" Ingredientes: Mezcla tostada (94%) [copos laminados de avena integral (52%), azúcar, aceite de palma, harina de trigo, coco rallado, cereales de trigo y arroz extrusionados y tostados (4%) (azúcar, harina de trigo, harina de arroz, harina de malta de trigo, harina de malta de cebada, sal, dextrosa, aceite de palma), jarabe de glucosa - fructosa, sal, jarabe de caramelo, vitaminas (niacina, E, ácido pantoténico, B6, B2, B1, ácido fólico, B12), difosfato férrico, canela, aroma natural] y frutas rojas liofilizadas (6%) (trozos de fresa, trozos de frambuesa, arándanos azules). Puede contener trazas de frutos de cáscara, cacahuetes, productos de soja, productos lácteos y granos de sésamo."],"conservation":" Conservar en lugar fresco y seco.","ean":"8433329069076"},{"full_name":"EL CORTE INGLES copos de avena integral con alto contenido en fibra paquete 500 g","name":"copos de avena integral con alto contenido en fibra paquete 500 g","brand":"EL CORTE INGLES ","img":"https://sgfm.elcorteingles.es/SGFM/dctm/MEDIA03/201607/20/00120634000739____1__600x600.jpg","price":"0,95 €","price_unit":"(1,90 € / Kilo)","categories":["Supermercado","Desayunos Dulces y pan","Desayunos, dulces y pan","Cereales","Cereales para adultos","EL CORTE INGLES copos de avena integral con alto contenido en fibra paquete 500 g"],"general_information":["Denominación del alimento: Copos laminados de avena integral","Nombre del operador: Elaborado para \nEl Corte Inglés \npor H. & J. Brüggen KG \nGertrudenstraße 15 \n23568 Lübeck \nAlemania","Cantidad Neta: 500 g","Número de raciones por envase: aproximadament"],"ingredients":[" Ingredientes: Copos laminados de avena integral 100%. Puede contener trazas de otros cereales que contienen gluten"],"conservation":" Conservar en lugar fresco y seco. Una vez abierto el paquete, mantenga la bolsa perfectamente cerrada.","ean":"8433329069083"},{"full_name":"EL CORTE INGLES cereales de desayuno en copos tostados de arroz y trigo integral con  frutos rojos paquete 300 g","name":"cereales de desayuno en copos tostados de arroz y trigo integral con  frutos rojos paquete 300 g","brand":"EL CORTE INGLES ","img":"https://sgfm.elcorteingles.es/SGFM/dctm/MEDIA03/201607/20/00120634100778____2__600x600.jpg","price":"1,62 €","price_unit":"(5,40 € / Kilo)","categories":["Supermercado","Desayunos Dulces y pan","Desayunos, dulces y pan","Cereales","Cereales para adultos","EL CORTE INGLES cereales de desayuno en copos tostados de arroz y trigo integral con  frutos rojos paquete 300 g"],"general_information":["Denominación del alimento: Copos tostados de arroz y trigo integral, con frutas rojas liofilizadas, enriquecidos con vitaminas (niacina, E, ácido pantoténico, B6, B2, B1, ácido fólico, B12) y hierro.","Nombre del operador: Elaborado para \nEl Corte Inglés \npor H. & J. Brüggen KG \nGertrudenstraße 15 \n23568 Lübeck \nAlemania","Cantidad Neta: 300 g"],"ingredients":[" Ingredientes: Arroz (54%), trigo integral (13%), azúcar, mezcla de frutas rojas liofilizadas en proporciones variables (6%) (trozos de cereza, trozos de frambuesa, trozos de fresa), gluten de trigo, extracto de malta de cebada, harina de trigo, leche desnatada en polvo, sal, germen de trigo, vitaminas (niacina, vitamina E, ácido pantoténico, vitamina B6, vitamina B2, vitamina B1, ácido fólico, vitamina B12) y difosfato férrico. Puede contener trazas de frutos de cáscara, cacahuetes, productos de soja y granos de sésamo."],"conservation":" Conservar en lugar fresco y seco. Una vez abierto el paquete, mantenga la bolsa perfectamente cerrada.","ean":"8433329070379"},{"full_name":"EL CORTE INGLES cereales de desayuno en copos de arroz y trigo integral con chocolate negro paquete 300 g","name":"cereales de desayuno en copos de arroz y trigo integral con chocolate negro paquete 300 g","brand":"EL CORTE INGLES ","img":"https://sgfm.elcorteingles.es/SGFM/dctm/MEDIA03/201603/02/00120634100786____2__600x600.jpg","price":"1,43 €","price_unit":"(4,77 € / Kilo)","categories":["Supermercado","Desayunos Dulces y pan","Desayunos, dulces y pan","Cereales","Cereales para adultos","EL CORTE INGLES cereales de desayuno en copos de arroz y trigo integral con chocolate negro paquete 300 g"],"general_information":["Denominación del alimento: Copos tostados de arroz y trigo integral recubiertos con azúcar, con rollitos de chocolate negro, enriquecidos con vitaminas (niacina, E, ácido pantoténico, B6, B2, B1, ácido fólico, B12) y hierro.","Nombre del operador: Elaborado para \nEl Corte Inglés \npor H. & J. Brüggen KG \nGertrudenstraße 15 \n23568 Lübeck \nAlemania","Cantidad Neta: 300 g","Número de raciones por envase: 10.0"],"ingredients":[" Ingredientes: Arroz (42%), trigo integral (21%), rollitos de chocolate negro (19%) (azúcar, pasta de cacao, manteca de cacao, aroma natural de vainilla con otros aromas naturales, emulgente: lecitinas de girasol), azúcar, gluten de trigo, leche desnatada en polvo, germen de trigo, sal, extracto de malta de cebada, vitaminas (niacina, vitamina E, ácido pantoténico, vitamina B6, vitamina B2, vitamina B1, ácido fólico, vitamina B12) y difosfato férrico. Puede contener trazas de frutos de cáscara, cacahuetes, productos de soja y granos de sésamo."],"conservation":" Conservar en lugar fresco y seco. Una vez abierto el paquete, mantenga la bolsa perfectamente cerrada.","ean":"8433329070386"},{"full_name":"EL CORTE INGLES muesli con frutas paquete 500 g","name":"muesli con frutas paquete 500 g","brand":"EL CORTE INGLES ","img":"https://sgfm.elcorteingles.es/SGFM/dctm/MEDIA03/201612/01/00120606300547____2__600x600.jpg","price":"1,75 €","price_unit":"(3,50 € / Kilo)","categories":["Supermercado","Desayunos Dulces y pan","Desayunos, dulces y pan","Cereales","Cereales para adultos","EL CORTE INGLES muesli con frutas paquete 500 g"],"general_information":["Denominación del alimento: Mezcla de cereales (copos laminados de avena integral, copos laminados de trigo integral, copos tostados de trigo integral, copos tostados de maíz recubiertos con azúcar) con frutas desecadas y frutos secos. Contenido en frutas y frutos secos 25%.","Nombre del operador: Elaborado para \nEl Corte Inglés \npor H. & J. Brüggen KG \nGertrudenstraße 15 \n23568 Lübeck \nAlemania","Cantidad Neta: 500 g","Número de raciones por envase: 10.0"],"ingredients":[" Ingredientes: Copos laminados de avena integral (26%), mezcla de frutas desecadas y frutos secos (25%) [pasas sultanas, chips de coco azucarados (3,5%) (coco, azúcar), trozos de piña desecados y azucarados (azúcar, piña, acidulante: ácido cítrico), trozos de manzana desecados (3%), palitos de almendras tostadas, avellanas tostadas y picadas, chips de banana azucarados (0,5%) (banana, aceite de coco, azúcar)], copos laminados de trigo integral (20%), copos tostados de trigo integral (15%) [trigo, azúcar, sal, extracto de malta de cebada], copos tostados de maíz recubiertos con azúcar (14%) [maíz, azúcar, sal, extracto de malta de cebada]. Puede contener trazas de otros frutos de cáscara, cacahuetes, productos de soja, productos lácteos y granos de sésamo."],"conservation":" Conservar en lugar fresco y seco. Una vez abierto el paquete, mantenga la bolsa perfectamente cerrada.","ean":"8433329070287"},{"full_name":"HERO Línea cereales en copos de avena y miel solubles 25 raciones estuche 125 g","name":"Línea cereales en copos de avena y miel solubles 25 raciones estuche 125 g","brand":"HERO ","img":"https://sgfm.elcorteingles.es/SGFM/dctm/MEDIA03/201703/09/00120634000754____1__600x600.jpg","price":"1,83 €","price_unit":"(14,64 € / Kilo)","categories":["Supermercado","Desayunos Dulces y pan","Desayunos, dulces y pan","Cereales","Cereales para adultos","HERO Línea cereales en copos de avena y miel solubles 25 raciones estuche 125 g"],"general_information":["Denominación del alimento: Copos De Avena Y Miel.","País de origen: España","Nombre del operador: Hero España, S.A.","Dirección del operador: Avda. Murcia, 1 30820 Alcantarilla, Murcia","Cantidad Neta: 125 g"],"ingredients":[" Harina de cereales integrales 44% (avena 26% y trigo), harina de trigo 43%, miel 12%, vitaminas (C, niacina, B2, B6, B1, ácido fólico y B12), aroma, pirofosfato de hierro y acesulfamo K."],"conservation":" Conservar en lugar fresco y seco. Cerrar bien después de cada uso. Una vez abierta la bolsa, se aconseja consumir en el plazo de un mes.","ean":"8410175065797"},{"full_name":"KELLOGG'S SPECIAL K Classic cereales pack 2 unidades 500 g","name":"Classic cereales pack 2 unidades  500 g","brand":"KELLOGG'S SPECIAL K ","img":"https://sgfm.elcorteingles.es/SGFM/dctm/MEDIA03/201711/21/00120634101511____10__600x600.jpg","price":"5,80 €","price_unit":"(5,80 € / Kilo)","categories":["Supermercado","Desayunos Dulces y pan","Desayunos, dulces y pan","Cereales","Cereales para adultos","KELLOGG'S SPECIAL K Classic cereales pack 2 unidades 500 g"],"general_information":[],"ingredients":[],"ean":"5053827185707"},{"full_name":"KELLOGG'S SPECIAL K cereales de desayuno formato ahorro sin aceite de palma paquete 750 g","name":"cereales de desayuno formato ahorro sin aceite de palma paquete 750 g","brand":"KELLOGG'S SPECIAL K ","img":"https://sgfm.elcorteingles.es/SGFM/dctm/MEDIA03/201709/07/00120634101172____8__600x600.jpg","price":"4,20 €","price_unit":"(5,60 € / Kilo)","categories":["Supermercado","Desayunos Dulces y pan","Desayunos, dulces y pan","Cereales","Cereales para adultos","KELLOGG'S SPECIAL K cereales de desayuno formato ahorro sin aceite de palma paquete 750 g"],"general_information":["Denominación del alimento: Copos tostados de arroz, trigo integral y cebada.","Nombre del operador: Kellogg España, S.L.","Dirección del operador: KELLOGG ESPAÑA, S.L. Av. de Europa, 19, 2ª planta, 28108, Alcobendas, Madrid (España). Fabricado en la UE. ?, ®, © 2015 Kellogg Company. Todos los derechos reservados.","Lugar de procedencia del alimento: Fabricado en la UE","Cantidad Neta: 750 g"],"ingredients":[" Arroz (46%), trigo integral (33%), azúcar, cebada (8%), harina de malta de cebada, aroma de malta de cebada, sal.Vitaminas y minerales:Niacina, hierro, zinc, riboflavina (B2), tiamina (B1), vitamina B6, ácido fólico, vitamina D, vitamina B12.Para alérgenos ver ingredientes destacados en negrita.Puede contener leche."],"conservation":" Conservar en lugar seco","ean":"5000127169456"},{"full_name":"KELLOGG'S SPECIAL K Classic cereales de desayuno 100% trigo integral sin aceite de palma paquete 500 g","name":"Classic cereales de desayuno 100% trigo integral sin aceite de palma paquete 500 g","brand":"KELLOGG'S SPECIAL K ","img":"https://sgfm.elcorteingles.es/SGFM/dctm/MEDIA03/201709/07/00120634100018____8__600x600.jpg","price":"2,91 €","price_unit":"(5,82 € / Kilo)","categories":["Supermercado","Desayunos Dulces y pan","Desayunos, dulces y pan","Cereales","Cereales para adultos","KELLOGG'S SPECIAL K Classic cereales de desayuno 100% trigo integral sin aceite de palma paquete 500 g"],"general_information":["Denominación del alimento: Copos tostados de arroz, trigo integral y cebada.","Nombre del operador: Kellogg España, S.L.","Dirección del operador: KELLOGG ESPAÑA, S.L. Av. de Europa, 19, 2ª planta, 28108, Alcobendas, Madrid (España). Fabricado en la UE. ?, ®, © 2015 Kellogg Company. Todos los derechos reservados.","Lugar de procedencia del alimento: Fabricado en la UE","Cantidad Neta: 500 g"],"ingredients":[" Arroz (46%), trigo integral (33%), azúcar, cebada (8%), harina de malta de cebada, aroma de malta de cebada, sal.Vitaminas y minerales:Niacina, hierro, zinc, riboflavina (B2), tiamina (B1), vitamina B6, ácido fólico, vitamina D, vitamina B12.Para alérgenos ver ingredientes destacados en negrita.Puede contener leche."],"conservation":" Conservar en lugar seco","ean":"5000127160491"},{"full_name":"KELLOGG'S SPECIAL K cereales de desayuno sabor yogur con trigo 100% integral paquete 300 g","name":"cereales de desayuno sabor yogur con trigo 100% integral paquete 300 g","brand":"KELLOGG'S SPECIAL K ","img":"https://sgfm.elcorteingles.es/SGFM/dctm/MEDIA03/201709/07/00120634100364____6__600x600.jpg","price":"2,73 €","price_unit":"(9,10 € / Kilo)","categories":["Supermercado","Desayunos Dulces y pan","Desayunos, dulces y pan","Cereales","Cereales para adultos","KELLOGG'S SPECIAL K cereales de desayuno sabor yogur con trigo 100% integral paquete 300 g"],"general_information":["Denominación del alimento: Copos tostados de arroz, trigo integral y cebada con copos (15%) recubiertos de una deliciosa capa sabor a yogur natural.","Nombre del operador: Kellogg España, S.L.","Dirección del operador: KELLOGG ESPAÑA, S.L. Av. de Europa, 19, 2ª planta, 28108, Alcobendas, Madrid (España). Fabricado en la UE. ?, ®, © 2015 Kellogg Company. Todos los derechos reservados.","Lugar de procedencia del alimento: Fabricado en la UE","Cantidad Neta: 300 g"],"ingredients":[" Arroz (43%), trigo integral (31%), azúcar, cebada (7,5%), harina de malta de cebada, aceite de palma, aroma de malta de cebada, sal, harina de maíz, yogur(leche) en polvo, agente de recubrimiento (goma arábiga), leche desnatada en polvo, lactosa (de leche), suero de leche en polvo, emulgente(lecitina de soja), ácido cítrico.Vitaminas y minerales: Niacina, hierro, zinc, riboflavina (B2), tiamina (B1), vitamina B6, ácido fólico, vitamina D, vitamina B12.Para alérgenos ver ingredientes destacados en negrita."],"conservation":" Conservar en lugar fresco y seco","ean":"5050083229084"},{"full_name":"KELLOGG'S SPECIAL K cereales de desayuno con chocolate negro sin aceite de palma paquete 550 g","name":"cereales de desayuno con chocolate negro sin aceite de palma paquete 550 g","brand":"KELLOGG'S SPECIAL K ","img":"https://sgfm.elcorteingles.es/SGFM/dctm/MEDIA03/201709/07/00120634101487____10__600x600.jpg","price":"3,59 €","price_unit":"(6,53 € / Kilo)","categories":["Supermercado","Desayunos Dulces y pan","Desayunos, dulces y pan","Cereales","Cereales para adultos","KELLOGG'S SPECIAL K cereales de desayuno con chocolate negro sin aceite de palma paquete 550 g"],"general_information":["Denominación del alimento: Copos tostados de arroz, trigo integral y cebada con virutas de chocolate.","Nombre del operador: Kellogg España, S.L.","Dirección del operador: KELLOGG ESPAÑA, S.L. Av. de Europa, 19, 2ª planta, 28108, Alcobendas, Madrid (España). Fabricado en la UE. ?, ®, © 2015 Kellogg Company. Todos los derechos reservados.","Lugar de procedencia del alimento: Fabricado en la UE","Cantidad Neta: 550 g"],"ingredients":[" Arroz (39%), trigo integral (28%), chocolate (17%)(azúcar, pasta de cacao, grasa de leche, manteca de cacao, emulgente {lecitina de soja}), azúcar, cebada (6.5%), harina de malta de cebada (3%), aroma de malta de cebada, sal.Vitaminas y minerales:Niacina, hierro, zinc, riboflavina (B2), tiamina (B1), vitamina B6, ácido fólico, vitamina D, vitamina B12.Para alérgenos ver ingredientes destacados en negrita."],"conservation":" Conservar en lugar fresco y seco","ean":"5050083313509"},{"full_name":"KELLOGG'S SPECIAL K cereales de desayuno con chocolate con leche sin aceite de palma paquete 300 g","name":"cereales de desayuno con chocolate con leche sin aceite de palma paquete 300 g","brand":"KELLOGG'S SPECIAL K ","img":"https://sgfm.elcorteingles.es/SGFM/dctm/MEDIA03/201709/07/00120634100596____9__600x600.jpg","price":"2,59 €","price_unit":"(6,91 € / Kilo)","categories":["Supermercado","Desayunos Dulces y pan","Desayunos, dulces y pan","Cereales","Cereales para adultos","KELLOGG'S SPECIAL K cereales de desayuno con chocolate con leche sin aceite de palma paquete 300 g"],"general_information":[],"ingredients":[],"ean":"5053827148702"},{"full_name":"KELLOGG'S SPECIAL K cereales con chocolate negro sin aceite de palma paquete 375 g","name":"cereales con chocolate negro sin aceite de palma paquete 375 g","brand":"KELLOGG'S SPECIAL K ","img":"https://sgfm.elcorteingles.es/SGFM/dctm/MEDIA03/201709/07/00120634101529____10__600x600.jpg","price":"2,49 €","price_unit":"(6,64 € / Kilo)","categories":["Supermercado","Desayunos Dulces y pan","Desayunos, dulces y pan","Cereales","Cereales para adultos","KELLOGG'S SPECIAL K cereales con chocolate negro sin aceite de palma paquete 375 g"],"general_information":["Denominación del alimento: Copos tostados de arroz, trigo integral y cebada con virutas de chocolate.","Nombre del operador: Kellogg España, S.L.","Dirección del operador: KELLOGG ESPAÑA, S.L. Av. de Europa, 19, 2ª planta, 28108, Alcobendas, Madrid (España). Fabricado en la UE. ?, ®, © 2015 Kellogg Company. Todos los derechos reservados.","Lugar de procedencia del alimento: Fabricado en la UE","Cantidad Neta: 375 g"],"ingredients":[" Arroz (39%), trigo integral (28%), chocolate (17%)(azúcar, pasta de cacao, grasa de leche, manteca de cacao, emulgente {lecitina de soja}), azúcar, cebada (6.5%), harina de malta de cebada (3%), aroma de malta de cebada, sal.Vitaminas y minerales:Niacina, hierro, zinc, riboflavina (B2), tiamina (B1), vitamina B6, ácido fólico, vitamina D, vitamina B12.Para alérgenos ver ingredientes destacados en negrita."],"conservation":" Conservar en lugar fresco y seco","ean":"5050083514142"},{"full_name":"KELLOGG'S SPECIAL K cereales de desayuno frutas rojas sin aceite de palma estuche 300 g","name":"cereales de desayuno frutas rojas sin aceite de palma estuche 300 g","brand":"KELLOGG'S SPECIAL K ","img":"https://sgfm.elcorteingles.es/SGFM/dctm/MEDIA03/201709/07/00120634100174____8__600x600.jpg","price":"2,73 €","price_unit":"(9,10 € / Kilo)","categories":["Supermercado","Desayunos Dulces y pan","Desayunos, dulces y pan","Cereales","Cereales para adultos","KELLOGG'S SPECIAL K cereales de desayuno frutas rojas sin aceite de palma estuche 300 g"],"general_information":["Denominación del alimento: Copos tostados de arroz, trigo integral y cebada con frutas rojas liofilizadas","Nombre del operador: Kellogg España, S.L.","Dirección del operador: KELLOGG ESPAÑA, S.L. Av. de Europa, 19, 2ª planta, 28108, Alcobendas, Madrid (España). Fabricado en la UE. ?, ®, © 2015 Kellogg Company. Todos los derechos reservados.","Lugar de procedencia del alimento: Fabricado en la UE","Cantidad Neta: 300 g"],"ingredients":[" Arroz (44%), trigo integral (32%), azúcar, cebada (7,5%), frutas liofilizadas (5%)(frambuesas, fresas, cerezas), harina de malta de cebada, aroma de malta de cebada, sal.Vitaminas y minerales: Niacina, hierro, zinc, riboflavina (B2), tiamina (B1), vitamina B6, ácido fólico, vitamina D, vitamina B12.Para alérgenos ver ingredientes destacados en negrita.Puede contener leche."],"conservation":" Conservar en lugar seco","ean":"5000127524026"},{"full_name":"KELLOGG'S SPECIAL K Nutri-mi granolas con semillas de lino, girasol, chocolate negro y coco paquete 330 g sin aceite de palma","name":"Nutri-mi granolas con semillas de lino, girasol, chocolate negro y coco paquete 330 g","brand":"KELLOGG'S SPECIAL K ","img":"https://sgfm.elcorteingles.es/SGFM/dctm/MEDIA03/201709/07/00120634101628____8__600x600.jpg","price":"2,99 €","price_unit":"(9,06 € / Kilo)","categories":["Supermercado","Desayunos Dulces y pan","Desayunos, dulces y pan","Cereales","Cereales para adultos","KELLOGG'S SPECIAL K Nutri-mi granolas con semillas de lino, girasol, chocolate negro y coco paquete 330 g sin aceite de palma"],"general_information":["Denominación del alimento: Copos de multicereales y copos de trigo, con granolas de avena, centeno y semillas, chocolate y coco.","Nombre del operador: Kellogg España, S.L.","Dirección del operador: KELLOGG ESPAÑA, S.L. Av. de Europa, 19, 2ª planta, 28108, Alcobendas, Madrid (España). Fabricado en la UE. ?, ®, © 2015 Kellogg Company. Todos los derechos reservados.","Lugar de procedencia del alimento: Fabricado en la UE","Cantidad Neta: 330 g"],"ingredients":[" Cereales (trigo integral {33%}, arroz {18%}, salvado de trigo {6.5%}, cebada {3%}, harina de malta de cebada {1.5%}, harina de avena {1.5%}), granolas de semillas de girasol y lino (15%) (cereales {avena integral [6.5%], harina de trigo [1.5%], centeno [1.5%]}, azúcar, conglomerado de arroz {harina de arroz, harina de maiz, azúcar}, semillas de girasol, semillas de lino, almidón modificado, extracto de malta de cebada, aceite de girasol, sal, emulgente {lecitina de soja}, aromas, carbonato ácido de sodio, carbonato ácido de amonio, antioxidante {extracto rico en tocoferol}, leche desnatada en polvo), azúcar, coco deshidratado (7.5%), chocolate (7.5%) (azúcar, pasta de cacao, manteca de cacao, glucosa, grasa de leche, cacao desgrasado en polvo, emulgente {lecitina de soja}, aroma), jarabe de glucosa, aroma de malta de cebada, sal, aroma natural..Vitaminas y minerales: Niacina, hierro, zinc, riboflavina (B2), tiamina (B1), vitamina B6, ácido fólico, vitamina D, vitamina B12.Para alérgenos ver ingredientes destacados en negrita."],"conservation":" Conservar en lugar fresco y seco","ean":"5053827155151"},{"full_name":"KELLOGG'S SPECIAL K Nutri-mi granolas con semillas de lino y girasol sin aceite de palma paquete 330 g","name":"Nutri-mi granolas con semillas de lino y girasol sin aceite de palma paquete 330 g","brand":"KELLOGG'S SPECIAL K ","img":"https://sgfm.elcorteingles.es/SGFM/dctm/MEDIA03/201610/06/00120634101636____3__600x600.jpg","price":"2,99 €","price_unit":"(9,06 € / Kilo)","categories":["Supermercado","Desayunos Dulces y pan","Desayunos, dulces y pan","Cereales","Cereales para adultos","KELLOGG'S SPECIAL K Nutri-mi granolas con semillas de lino y girasol sin aceite de palma paquete 330 g"],"general_information":[],"ingredients":[],"ean":"5053827155199"},{"full_name":"KELLOGG'S ALL-BRAN Flakes cereales de desayuno con fibra de salvado de trigo y avena paquete 500 g","name":"Flakes cereales de desayuno con fibra de salvado de trigo y avena paquete 500 g","brand":"KELLOGG'S ALL-BRAN ","img":"https://sgfm.elcorteingles.es/SGFM/dctm/MEDIA03/201709/07/00120641600786____8__600x600.jpg","price":"2,99 €","price_unit":"(5,98 € / Kilo)","categories":["Supermercado","Desayunos Dulces y pan","Desayunos, dulces y pan","Cereales","Cereales para adultos","KELLOGG'S ALL-BRAN Flakes cereales de desayuno con fibra de salvado de trigo y avena paquete 500 g"],"general_information":["Denominación del alimento: Copos de trigo y avena enriquecidos con salvado.","Nombre del operador: Kellogg España, S.L.","Dirección del operador: KELLOGG ESPAÑA, S.L. Av. de Europa, 19, 2ª planta, 28108, Alcobendas, Madrid (España). Fabricado en la UE. ?, ®, © 2015 Kellogg Company. Todos los derechos reservados.","Lugar de procedencia del alimento: Fabricado en la UE","Cantidad Neta: 500 g"],"ingredients":[" Trigo integral (66%), salvado de trigo (21%), azúcar, harina de avena (6%), jarabe de glucosa, aroma de malta de cebada, sal, aroma natural.Vitaminas y minerales:Niacina, hierro, vitamina B6, riboflavina (B2), tiamina (B1), ácido fólico, vitamina D, vitamina B12.Para alérgenos ver ingredientes destacados en negrita."],"conservation":" Conservar en lugar seco","ean":"5050083174605"},{"full_name":"KELLOGG'S ALL BRAN PLUS cereales de desayuno con fibra natural de salvado de trigo paquete 700 g","name":"cereales de desayuno con fibra natural de salvado de trigo paquete 700 g","brand":"KELLOGG'S ALL BRAN PLUS ","img":"https://sgfm.elcorteingles.es/SGFM/dctm/MEDIA03/201704/27/00120641600760____2__600x600.jpg","price":"2,96 €","price_unit":"(3,95 € / Kilo)","categories":["Supermercado","Desayunos Dulces y pan","Desayunos, dulces y pan","Cereales","Cereales para adultos","KELLOGG'S ALL BRAN PLUS cereales de desayuno con fibra natural de salvado de trigo paquete 700 g"],"general_information":[],"ingredients":[],"ean":"5053827178891"},{"full_name":"KELLOGG'S ALL-BRAN Choco cereales integrales de desayuno con fibra natural de salvado de trigo paquete 375 g y chocolate belga","name":"Choco cereales integrales de desayuno con fibra natural de salvado de trigo paquete 375 g","brand":"KELLOGG'S ALL-BRAN ","img":"https://sgfm.elcorteingles.es/SGFM/dctm/MEDIA03/201709/07/00120641600844____9__600x600.jpg","price":"2,66 €","price_unit":"(7,09 € / Kilo)","categories":["Supermercado","Desayunos Dulces y pan","Desayunos, dulces y pan","Cereales","Cereales para adultos","KELLOGG'S ALL-BRAN Choco cereales integrales de desayuno con fibra natural de salvado de trigo paquete 375 g y chocolate belga"],"general_information":["Denominación del alimento: Trigo integral relleno con chocolate.","Nombre del operador: Kellogg España, S.L.","Dirección del operador: KELLOGG ESPAÑA, S.L. Av. de Europa, 19, 2ª planta, 28108, Alcobendas, Madrid (España). Fabricado en la UE. ?, ®, © 2015 Kellogg Company. Todos los derechos reservados.","Lugar de procedencia del alimento: Fabricado en la UE","Cantidad Neta: 375 g"],"ingredients":[" Trigo integral (71%), chocolate (23%) (azúcar,  pasta de cacao, manteca de cacao, emulgente {lecitina de soja}, aroma), azúcar, cacao en polvo, aroma, antioxidante (palmitato de ascorbilo, alfa tocoferol), leche.Vitaminas y minerales:Niacina, hierro, vitamina B6, riboflavina (B2), tiamina (B1), ácido fólico, vitamina B12.Para alérgenos ver ingredientes destacados en negrita."],"conservation":" Conservar en lugar fresco y seco","ean":"5053827139335"},{"full_name":"KELLOGG'S ALL-BRAN Fruta y Fibra cereales integrales con fibra natural de salvado de trigo paquete 500 g","name":"Fruta y Fibra cereales integrales con fibra natural de salvado de trigo paquete 500 g","brand":"KELLOGG'S ALL-BRAN ","img":"https://sgfm.elcorteingles.es/SGFM/dctm/MEDIA03/201709/07/00120641600794____8__600x600.jpg","price":"3,20 €","price_unit":"(6,40 € / Kilo)","categories":["Supermercado","Desayunos Dulces y pan","Desayunos, dulces y pan","Cereales","Cereales para adultos","KELLOGG'S ALL-BRAN Fruta y Fibra cereales integrales con fibra natural de salvado de trigo paquete 500 g"],"general_information":["Denominación del alimento: Copos de trigo integral con pasas, coco, platáno, manzana y avellanas.","Nombre del operador: Kellogg España, S.L.","Dirección del operador: KELLOGG ESPAÑA, S.L. Av. de Europa, 19, 2ª planta, 28108, Alcobendas, Madrid (España). Fabricado en la UE. ?, ®, © 2015 Kellogg Company. Todos los derechos reservados.","Lugar de procedencia del alimento: Fabricado en la UE","Cantidad Neta: 500 g"],"ingredients":[" Trigo integral (68%), fruta deshidratada (28%) {pasas, coco, platáno (platáno, aceite de coco, azúcar, aroma), manzana, avellanas}, azúcar, sal, aroma de malta de cebada.Vitaminas y minerales: Niacina, hierro, vitamina B6, riboflavina (B2), tiamina (B1), ácido fólico, vitamina B12.Para alérgenos ver ingredientes destacados en negrita.Puede contener otros frutos secos."],"conservation":" Conservar en lugar seco","ean":"5050083223839"},{"full_name":"KELLOGG'S EXTRA cereales de desayuno crujientes con chocolate belga y avellanas bolsa 375 g","name":"cereales de desayuno crujientes con chocolate belga y avellanas bolsa 375 g","brand":"KELLOGG'S EXTRA ","img":"https://sgfm.elcorteingles.es/SGFM/dctm/MEDIA03/201612/29/00120606300612____6__600x600.jpg","price":"2,70 €","price_unit":"(7,20 € / Kilo)","categories":["Supermercado","Desayunos Dulces y pan","Desayunos, dulces y pan","Cereales","Cereales para adultos","KELLOGG'S EXTRA cereales de desayuno crujientes con chocolate belga y avellanas bolsa 375 g"],"general_information":["Denominación del alimento: Crujientes granolas de avena con chocolate y avellanas.","Nombre del operador: Kellogg España, S.L.","Dirección del operador: KELLOGG ESPAÑA, S.L. Av. de Europa, 19, 2ª planta, 28108, Alcobendas, Madrid (España). Fabricado en la UE. ?, ®, © 2015 Kellogg Company. Todos los derechos reservados.","Lugar de procedencia del alimento: Fabricado en la UE","Cantidad Neta: 375 g"],"ingredients":[" Copos de avena (48%), azúcar, aceite de palma, trocitos de chocolate (9%)(azúcar, pasta de cacao, manteca de cacao, emulgente {lecitina de soja} aroma), harina de trigo, avellanas(4%), coco deshidratado, melazas, sal, extracto de malta de cebada, canela, leche.Vitaminas y minerales: Niacina, hierro, vitamina B6, riboflavina (B2), tiamina (B1), ácido fólico, vitamina B12.Para alérgenos ver ingredientes destacados en negrita.Puede contener otros frutos secos."],"conservation":" Conservar en lugar seco","ean":"5053827139229"},{"full_name":"KELLOGG'S EXTRA Original cereales de avena tostada en crujientes granolas bolsa 375 g","name":"Original cereales de avena tostada en crujientes granolas bolsa 375 g","brand":"KELLOGG'S EXTRA ","img":"https://sgfm.elcorteingles.es/SGFM/dctm/MEDIA03/201612/29/00120606300638____4__600x600.jpg","price":"2,70 €","price_unit":"(7,20 € / Kilo)","categories":["Supermercado","Desayunos Dulces y pan","Desayunos, dulces y pan","Cereales","Cereales para adultos","KELLOGG'S EXTRA Original cereales de avena tostada en crujientes granolas bolsa 375 g"],"general_information":["Denominación del alimento: Crujientes granolas de avena.","Nombre del operador: Kellogg España, S.L.","Dirección del operador: KELLOGG ESPAÑA, S.L. Av. de Europa, 19, 2ª planta, 28108, Alcobendas, Madrid (España). Fabricado en la UE. ?, ®, © 2015 Kellogg Company. Todos los derechos reservados.","Lugar de procedencia del alimento: Fabricado en la UE","Cantidad Neta: 375 g"],"ingredients":[" Copos de avena(55%), azúcar, aceite de palma, harina de trigo, coco deshidratado, melazas, sal, extracto de malta de cebada, canela.Vitaminas y minerales: Niacina, hierro, vitamina B6, riboflavina (B2), tiamina (B1), ácido fólico, vitamina B12.Para alérgenos ver ingredientes destacados en negrita."],"conservation":" Conservar en lugar seco","ean":"5053827140126"},{"full_name":"KELLOGG'S EXTRA crujientes cereales de desayuno con fruta bolsa 375 g","name":"crujientes cereales de desayuno con fruta bolsa 375 g","brand":"KELLOGG'S EXTRA ","img":"https://sgfm.elcorteingles.es/SGFM/dctm/MEDIA03/201612/29/00120606300802____6__600x600.jpg","price":"2,70 €","price_unit":"(7,20 € / Kilo)","categories":["Supermercado","Desayunos Dulces y pan","Desayunos, dulces y pan","Cereales","Cereales para adultos","KELLOGG'S EXTRA crujientes cereales de desayuno con fruta bolsa 375 g"],"general_information":[],"ingredients":[],"ean":"5053827169288"},{"full_name":"KELLOGG'S CORN FLAKES cereales de desayuno paquete 500 g","name":"cereales de desayuno paquete 500 g","brand":"KELLOGG'S CORN FLAKES ","img":"https://sgfm.elcorteingles.es/SGFM/dctm/MEDIA03/201606/22/00120633800014____1__600x600.jpg","price":"2,26 €            ","price_unit":"(4,38 € / Kilo)","categories":["Supermercado","Desayunos Dulces y pan","Desayunos, dulces y pan","Cereales","Cereales para adultos","KELLOGG'S CORN FLAKES cereales de desayuno paquete 500 g"],"general_information":["Denominación del alimento: Copos tostados de maíz.","Nombre del operador: Kellogg España, S.L.","Dirección del operador: KELLOGG ESPAÑA, S.L. Av. de Europa, 19, 2ª planta, 28108, Alcobendas, Madrid (España). Fabricado en la UE. ?, ®, © 2015 Kellogg Company. Todos los derechos reservados.","Lugar de procedencia del alimento: Fabricado en la UE","Cantidad Neta: 500 g"],"ingredients":[" Maíz (98%), azúcar, aroma de malta de cebada, sal.Vitaminas y minerales: Niacina, hierro, vitamina B6, riboflavina (B2), tiamina (B1), ácido fólico, vitamina D, vitamina B12.Para alérgenos ver ingredientes destacados en negrita."],"conservation":" Conservar en lugar seco","ean":"8410188012092"},{"full_name":"KELLOGG'S CRUNCHY NUT copos de maíz tostados con azúcar, cacahuetes y miel paquete 500 g","name":"copos de maíz tostados con azúcar, cacahuetes y miel paquete 500 g","brand":"KELLOGG'S CRUNCHY NUT ","img":"https://sgfm.elcorteingles.es/SGFM/dctm/MEDIA03/201606/22/00120633900194____2__600x600.jpg","price":"2,36 €","price_unit":"(4,72 € / Kilo)","categories":["Supermercado","Desayunos Dulces y pan","Desayunos, dulces y pan","Cereales","Cereales para adultos","KELLOGG'S CRUNCHY NUT copos de maíz tostados con azúcar, cacahuetes y miel paquete 500 g"],"general_information":["Denominación del alimento: Copos de maíz tostados con azúcar, cacahuetes y miel.","Nombre del operador: Kellogg España, S.L.","Dirección del operador: KELLOGG ESPAÑA, S.L. Av. de Europa, 19, 2ª planta, 28108, Alcobendas, Madrid (España). Fabricado en la UE. ?, ®, © 2015 Kellogg Company. Todos los derechos reservados.","Lugar de procedencia del alimento: Fabricado en la UE","Cantidad Neta: 500 g"],"ingredients":[" Maíz (60%), azúcar, cacahuetes (7%), aroma de malta de cebada, melazas, miel (1,5%), sal.Vitaminas y minerales: Niacina, hierro, vitamina B6, riboflavina (B2), tiamina (B1), ácido fólico, vitamina B12.Para alérgenos ver ingredientes destacados en negrita."],"conservation":" Conservar en lugar seco","ean":"5000127049307"},{"full_name":"KELLOGG'S STAR WARS cereales de desayuno con forma de luna y estrellas chocolateados caja 350 g","name":"cereales de desayuno con forma de luna y estrellas chocolateados caja 350 g","brand":"KELLOGG'S STAR WARS ","img":"https://sgfm.elcorteingles.es/SGFM/dctm/MEDIA03/201607/13/00120633601016____1__600x600.jpg","price":"2,99 €","price_unit":"(8,54 € / Kilo)","categories":["Supermercado","Desayunos Dulces y pan","Desayunos, dulces y pan","Cereales","Cereales para adultos","KELLOGG'S STAR WARS cereales de desayuno con forma de luna y estrellas chocolateados caja 350 g"],"general_information":["Denominación del alimento: Trigo tostado con sabor a chocolate.","Nombre del operador: Kellogg España, S.L.","Dirección del operador: KELLOGG ESPAÑA, S.L. Av. de Europa, 19, 2ª planta, 28108, Alcobendas, Madrid (España). Fabricado en la UE. ?, ®, © 2015 Kellogg Company. Todos los derechos reservados.","Lugar de procedencia del alimento: Fabricado en la UE","Cantidad Neta: 350 g"],"ingredients":[" Harina de trigo (66%), chocolate en polvo (28%)(azúcar, cacao en polvo), azúcar, jarabe de glucosa, sal, canela, aroma.Vitaminas y minerales: Carbonato de calcio, niacina, hierro, vitamina B6, riboflavina (B2), tiamina (B1), ácido fólico, vitamina D, vitamina B12.Para alérgenos ver ingredientes destacados en negrita."],"conservation":" Conservar en lugar seco","ean":"5053827155311"},{"full_name":"NESTLE FITNESS Original cereales de desayuno con avena integral y vitaminas del grupo B paquete 450 g","name":"Original cereales de desayuno con avena integral y vitaminas del grupo B paquete 450 g","brand":"NESTLE FITNESS ","img":"https://sgfm.elcorteingles.es/SGFM/dctm/MEDIA03/201705/12/00120634100240____13__600x600.jpg","price":"2,59 €","price_unit":"(5,76 € / Kilo)","categories":["Supermercado","Desayunos Dulces y pan","Desayunos, dulces y pan","Cereales","Cereales para adultos","NESTLE FITNESS Original cereales de desayuno con avena integral y vitaminas del grupo B paquete 450 g"],"general_information":[],"ingredients":[],"ean":"7613036029537"},{"full_name":"NESTLE FITNESS Original cereales de desayuno con avena integral y vitaminas del grupo B estuche 750 g","name":"Original cereales de desayuno con avena integral y vitaminas del grupo B estuche 750 g","brand":"NESTLE FITNESS ","img":"https://sgfm.elcorteingles.es/SGFM/dctm/MEDIA03/201705/12/00120634101271____12__600x600.jpg","price":"4,15 €","price_unit":"(5,53 € / Kilo)","categories":["Supermercado","Desayunos Dulces y pan","Desayunos, dulces y pan","Cereales","Cereales para adultos","NESTLE FITNESS Original cereales de desayuno con avena integral y vitaminas del grupo B estuche 750 g"],"general_information":["Denominación del alimento: Copos de trigo integral, arroz y avena integral tostados","País de origen: Francia","Nombre del operador: Nestlé España, S.A.","Dirección del operador: Nestlé España, S.A. Edificio Nestlé. 08950 Esplugues de Llobregat (Barcelona)","Cantidad Neta: 750 g"],"ingredients":[" Cereales [trigo integral (50,9%), arroz (37,4%), avena integral (7,1%)], azúcar, jarabe de azúcar moreno parcialmente invertido, extracto de malta de cebada (cebada, malta de cebada), vitaminas y minerales (riboflavina, niacina, B6, ácido fólico, ácido pantoténico, carbonato cálcico, hierro), sal, jarabe de glucosa, antioxidantes (extracto rico en tocoferoles, alfa-tocoferol). Puede contener leche, cacahuete y frutos secos."],"conservation":" Conservar en lugar fresco y seco","ean":"7613032040024"},{"full_name":"NESTLE FITNESS cereales de desayuno con avena integral y 25% más de copos de chocolate negro paquete 375 g","name":"cereales de desayuno con avena integral y 25% más de copos de chocolate negro paquete 375 g","brand":"NESTLE FITNESS ","img":"https://sgfm.elcorteingles.es/SGFM/dctm/MEDIA03/201705/12/00120634100612____6__600x600.jpg","price":"2,46 €            ","price_unit":"(6,37 € / Kilo)","categories":["Supermercado","Desayunos Dulces y pan","Desayunos, dulces y pan","Cereales","Cereales para adultos","NESTLE FITNESS cereales de desayuno con avena integral y 25% más de copos de chocolate negro paquete 375 g"],"general_information":["Denominación del alimento: Copos de trigo integral, arroz y avena integral tostados (el 29% recubierto de chocolate negro)","País de origen: Francia","Nombre del operador: Nestlé España, S.A.","Dirección del operador: Nestlé España, S.A. Edificio Nestlé. 08950 Esplugues de Llobregat (Barcelona)","Cantidad Neta: 375 g"],"ingredients":[" Copos de cereales (64%): Cereales [trigo integral (32,4%), arroz (23,8%), avena integral (4,5%)], azúcar, jarabe de azúcar moreno parcialmente invertido, extracto de malta de cebada (cebada, malta de cebada), sal, jarabe de glucosa, antioxidante (extracto rico en tocoferoles).  Copos de cereales recubiertos de chocolate negro (36%): Chocolate negro (20,6%) (cacao, azúcar, grasa láctea, emulgente: lecitina de soja, aroma de vainilla), copos de cereales [cereales (trigo integral 7,9%, arroz 5,8%, avena integral 1,1%), azúcar, jarabe de azúcar moreno parcialmente invertido, extracto de malta de cebada (cebada, malta de cebada), sal, jarabe de glucosa, antioxidante (extracto rico en tocoferoles)], agente de recubrimiento (goma arábiga, jarabe de glucosa, polidextrosa).  Vitaminas y minerales: riboflavina, niacina, B6, ácido fólico, ácido pantoténico, carbonato cálcico, hierro.  Puede contener cacahuete y frutos secos."],"conservation":" Conservar en lugar fresco y seco","ean":"7613031497126"},{"full_name":"NESTLE FITNESS Fruits cereales de desayuno con avena integral y frutas paquete 375 g","name":"Fruits cereales de desayuno con avena integral y frutas paquete 375 g","brand":"NESTLE FITNESS ","img":"https://sgfm.elcorteingles.es/SGFM/dctm/MEDIA03/201705/12/00120634100224____7__600x600.jpg","price":"2,99 €","price_unit":"(7,97 € / Kilo)","categories":["Supermercado","Desayunos Dulces y pan","Desayunos, dulces y pan","Cereales","Cereales para adultos","NESTLE FITNESS Fruits cereales de desayuno con avena integral y frutas paquete 375 g"],"general_information":["Denominación del alimento: Copos de trigo integral, arroz y avena integral tostados con frutas","País de origen: Francia","Nombre del operador: Nestlé España, S.A.","Dirección del operador: Nestlé España, S.A. Edificio Nestlé. 08950 Esplugues de Llobregat (Barcelona)","Cantidad Neta: 375 g"],"ingredients":[" Cereales [trigo integral (37,3)%, arroz (27,1%), avena integral (5,2%)]; fruta deshidratada 22% [uvas pasas, arándanos, piña, papaya, coco, manzana, humectante (glicerina), corrector de acidez (ácido cítrico), conservador (dióxido de azufre)], azúcar, jarabe de azúcar moreno parcialmente invertido, extracto de malta de cebada (cebada, malta de cebada), vitaminas y minerales (riboflavina, niacina, B6, ácido fólico, ácido pantoténico, carbonato cálcico, hierro), sal, jarabe de glucosa, antioxidante (extracto rico en tocoferoles). Puede contener leche, cacahuete y frutos secos."],"conservation":" Conservar en lugar fresco y seco","ean":"3387390123500"},{"full_name":"NESTLE FITNESS cereales de desayuno con avena integral y 25% más de copos de chocolate paquete 600 g formato ahorro","name":"cereales de desayuno con avena integral y 25% más de copos de chocolate paquete 600 g","brand":"NESTLE FITNESS ","img":"https://sgfm.elcorteingles.es/SGFM/dctm/MEDIA03/201705/12/00120634101495____7__600x600.jpg","price":"3,99 €","price_unit":"(6,65 € / Kilo)","categories":["Supermercado","Desayunos Dulces y pan","Desayunos, dulces y pan","Cereales","Cereales para adultos","NESTLE FITNESS cereales de desayuno con avena integral y 25% más de copos de chocolate paquete 600 g formato ahorro"],"general_information":["Denominación del alimento: Copos de trigo integral, arroz y avena integral tostados (el 29% recubierto de chocolate con leche)","País de origen: Francia","Nombre del operador: Nestlé España, S.A.","Dirección del operador: Nestlé España, S.A. Edificio Nestlé. 08950 Esplugues de Llobregat (Barcelona)","Cantidad Neta: 600 g"],"ingredients":[" Copos de cereales (64%): cereales [trigo integral (32,4%), arroz (23,8%), avena integral (4,5%)], azúcar, jarabe de azúcar moreno parcialmente invertido, extracto de malta de cebada (cebada, malta de cebada), sal, jarabe de glucosa, antioxidante (extracto rico en tocoferoles).  Copos de cereales recubiertos de chocolate con leche (36%): chocolate con leche (16,5%) azúcar, manteca de cacao, leche en polvo, cacao, suero de leche en polvo, emulgente: lecitina de soja, aroma de vainilla), copos de cereales [cereales (trigo integral 7,9%, arroz 5,8%, avena integral 1,1% ), azúcar, jarabe de azúcar moreno parcialmente invertido, extracto de malta de cebada (cebada, malta de cebada), sal, jarabe de glucosa, antioxidante (extracto rico en tocoferoles)], chocolate (4,1%) (cacao, azúcar, manteca de cacao, emulgente lecitina de soja, aroma de vainilla), agente de recubrimiento (goma arábiga, jarabe de glucosa, polidextrosa).  Vitaminas y minerales: riboflavina, niacina, B6, ácido fólico, ácido pantoténico, carbonato cálcico, hierro.  Puede contener cacahuete y frutos secos."],"conservation":" Conservar en lugar fresco y seco","ean":"7613032540692"},{"full_name":"NESTLE FITNESS Delice cereales de desayuno rellenos de chocolate estuche 350 g","name":"Delice cereales de desayuno rellenos de chocolate estuche 350 g","brand":"NESTLE FITNESS ","img":"https://sgfm.elcorteingles.es/SGFM/dctm/MEDIA03/201706/15/00120634101644____2__600x600.jpg","price":"3,40 €            ","price_unit":"(9,40 € / Kilo)","categories":["Supermercado","Desayunos Dulces y pan","Desayunos, dulces y pan","Cereales","Cereales para adultos","NESTLE FITNESS Delice cereales de desayuno rellenos de chocolate estuche 350 g"],"general_information":["Denominación del alimento: Cereales de trigo, maíz y arroz tostados con cacao rellenos de crema con chocolate.","Nombre del operador: Nestlé España, S.A.","Dirección del operador: NESTLÉ ESPAÑA, S.A. Edificio Nestlé, 08950 Esplugues de Llobregat (Barcelona). Por cuenta de: CEREAL PARTNERS ESPAÑA, A.E.I.E.","Cantidad Neta: 350 g"],"ingredients":[" Ingredientes: Cereales (57,1%) (trigo integral (43,3%), sémola de maíz, harina de arroz), relleno con chocolate (34,5%) [azúcar, chocolate (7,9%) (cacao desgrasado en polvo, cacao, azúcar, emulgente lecitina de girasol, aroma vainilla), aceite de nabina, leche desnatada en polvo, suero de leche], azúcar, cacao desgrasado (4,2%), gasificante (fosfato dicálcico), emulgente (lecitina de girasol), estabilizador (fosfato trisódico), sal, aroma, vitaminas (D, tiamina, riboflavina, niacina, B6, ácido fólico, ácido pantoténico), minerales (carbonato cálcico, hierro). Puede contener cacahuete y frutos secos."],"conservation":" Conservar en lugar fresco y seco.","ean":"7613035608498"},{"full_name":"NESTLE FITNESS cereales de desayuno con granolas de avena y chocolate bolsa 300 g","name":"cereales de desayuno con granolas de avena y chocolate bolsa 300 g","brand":"NESTLE FITNESS ","img":"https://sgfm.elcorteingles.es/SGFM/dctm/MEDIA03/201706/30/00120606300778____7__600x600.jpg","price":"2,95 €            ","price_unit":"(9,63 € / Kilo)","categories":["Supermercado","Desayunos Dulces y pan","Desayunos, dulces y pan","Cereales","Cereales para adultos","NESTLE FITNESS cereales de desayuno con granolas de avena y chocolate bolsa 300 g"],"general_information":["Denominación del alimento: Copos de avena, pepitas de chocolate y trigo malteado","País de origen: Bélgica","Nombre del operador: Nestlé España, S.A.","Dirección del operador: NESTLÉ ESPAÑA, S.A. Edificio Nestlé, 08950 Esplugues de Llobregat (Barcelona). Por cuenta de: CEREAL PARTNERS ESPAÑA, A.E.I.E","Cantidad Neta: 300 g"],"ingredients":[" Ingredientes: Cereales [avena integral (59,7%, harina de avena (1,6%)], jarabe de azúcar (azúcar, jarabe de azúcar invertido, melazas), chocolate (8%) (azúcar, cacao, manteca de cacao, emulgente lecitina de soja), copos de trigo malteado tostados [trigo (5,7%), extracto de malta de cebada, emulgente lecitina de girasol], arroz tostado (harina de arroz, harina de trigo, azúcar, malta de trigo, emulgente lecitina de girasol), aceite de girasol, carbonato cálcico, cacao en polvo (0,9%), sal, aroma, antioxidante (extracto rico en tocoferoles). Puede contener leche y frutos secos."],"conservation":" Conservar en lugar fresco y seco","ean":"7613035619425"},{"full_name":"NESTLE FITNESS cereales de desayuno granolas de avena con miel bolsa 300 g","name":"cereales de desayuno granolas de avena con miel bolsa 300 g","brand":"NESTLE FITNESS ","img":"https://sgfm.elcorteingles.es/SGFM/dctm/MEDIA03/201706/30/00120606300786____7__600x600.jpg","price":"2,89 €","price_unit":"(9,63 € / Kilo)","categories":["Supermercado","Desayunos Dulces y pan","Desayunos, dulces y pan","Cereales","Cereales para adultos","NESTLE FITNESS cereales de desayuno granolas de avena con miel bolsa 300 g"],"general_information":["Denominación del alimento: Avena, trigo malteado y miel.","País de origen: Bélgica","Nombre del operador: Nestlé España, S.A.","Dirección del operador: NESTLÉ ESPAÑA, S.A. Edificio Nestlé, 08950 Esplugues de Llobregat (Barcelona). Por cuenta de: CEREAL PARTNERS ESPAÑA, A.E.I.E","Cantidad Neta: 300 g"],"ingredients":[" Ingredientes: Cereales [(avena integral (65,0%), harina de avena integral (,1,1%)], jarabe de azúcar (azúcar, jarabe de azúcar invertido, melaza), copos de trigo malteados (7,0%) (trigo, extracto de malta de cebada, emulgente lecitina de girasol), aceite de girasol, arroz tostado (semolina de arroz, harina de trigo, azúcar, malta de cebada, sal), miel (2,0%), coco, carbonato cálcico, aromas naturales, sal, gasificante (bicarbonato sódico), antioxidante (extracto rico en tocoferoles). Puede contener leche, soja y frutos secos."],"conservation":" Conservar en lugar fresco y seco","ean":"7613035619456"},{"full_name":"NESTLE GOLDEN GRAHAMS cereales de desayuno con miel paquete 375 g","name":"cereales de desayuno con miel paquete 375 g","brand":"NESTLE GOLDEN GRAHAMS ","img":"https://sgfm.elcorteingles.es/SGFM/dctm/MEDIA03/201604/20/00120633900061____1__600x600.jpg","price":"2,19 €","price_unit":"(5,21 € / Kilo)","categories":["Supermercado","Desayunos Dulces y pan","Desayunos, dulces y pan","Cereales","Cereales para adultos","NESTLE GOLDEN GRAHAMS cereales de desayuno con miel paquete 375 g"],"general_information":["Denominación del alimento: Cereales de maiz y trigo tostados","País de origen: Francia","Nombre del operador: Nestlé España, S.A.","Dirección del operador: Nestlé España S.A. Edificio Nestlé, 08950 Esplugues de Llobregat (Barcelona)","Cantidad Neta: 420 g"],"ingredients":[" Cereales [trigo integral (36,3%), sémola de maíz (36%)], azúcar, jarabe de azúcar moreno parcialmente invertido, jarabe de glucosa, dextrosa, almidón de maíz, aceite de girasol, vitaminas (riboflavina, niacina, vitamina B6, ácido fólico, ácido pantoténico) minerales (carbonato cálcico, hierro), gasificante (bicarbonato sódico), sal, aroma natural. Puede contener leche, cacahuete y frutos secos."],"conservation":" Conservar en lugar fresco y seco","ean":"7613032963491"},{"full_name":"KOLLN copos de avena suaves paquete 500 g","name":"copos de avena suaves paquete 500 g","brand":"KOLLN ","img":"https://sgfm.elcorteingles.es/SGFM/dctm/MEDIA02/CONTENIDOS/201502/19/00120634000309____1__600x600.jpg","price":"1,75 €","price_unit":"(3,50 € / Kilo)","categories":["Supermercado","Desayunos Dulces y pan","Desayunos, dulces y pan","Cereales","Cereales para adultos","KOLLN copos de avena suaves paquete 500 g"],"general_information":["Denominación del alimento: Copos de avena","País de origen: Alemania","Nombre del operador: Ofistrade S.A.","Dirección del operador: C/Buenos Aires 38-40, entlo. C - 08036 Barcelona","Lugar de procedencia del alimento: Alemania","Cantidad Neta: 500 g"],"ingredients":[" 100% copos de Avena integrales."],"conservation":" Consérvese en lugar fresco y seco.","ean":"4000540040104"},{"full_name":"KOLLN copos de avena solubles en zumo o leche 100% integral paquete 200 g","name":"copos de avena solubles en zumo o leche 100% integral paquete 200 g","brand":"KOLLN ","img":"https://sgfm.elcorteingles.es/SGFM/dctm/MEDIA02/CONTENIDOS/201508/26/00120634000630____1__600x600.jpg","price":"2,99 €","price_unit":"(14,95 € / Kilo)","categories":["Supermercado","Desayunos Dulces y pan","Desayunos, dulces y pan","Cereales","Cereales para adultos","KOLLN copos de avena solubles en zumo o leche 100% integral paquete 200 g"],"general_information":["Denominación del alimento: Copos de avena","País de origen: Alemania","Nombre del operador: Ofistrade S.A.","Dirección del operador: C/Buenos Aires 38-40, entlo. C - 08036 Barcelona","Lugar de procedencia del alimento: Alemania","Cantidad Neta: 200 g"],"ingredients":[" 100% copos de Avena integrales"],"conservation":" Consérvese en lugar fresco y seco.","ean":"4000540050455"},{"full_name":"KOLLN Choco Muesli cereales de desayuno paquete 500 g","name":"Choco Muesli cereales de desayuno paquete 500 g","brand":"KOLLN ","img":"https://sgfm.elcorteingles.es/SGFM/dctm/MEDIA02/CONTENIDOS/201502/16/00120606300141____1__600x600.jpg","price":"4,45 €","price_unit":"(8,90 € / Kilo)","categories":["Supermercado","Desayunos Dulces y pan","Desayunos, dulces y pan","Cereales","Cereales para adultos","KOLLN Choco Muesli cereales de desayuno paquete 500 g"],"general_information":["Denominación del alimento: Muesli con chocolate","País de origen: Alemania","Nombre del operador: Ofistrade S.A.","Dirección del operador: C/Buenos Aires 38-40, entlo. C - 08036 Barcelona","Lugar de procedencia del alimento: Alemania","Cantidad Neta: 500 g"],"ingredients":[" Copos de avena integrales (58%), azúcar, pasta de cacao, harina de avena integral (4%), jarabe de caramelo, harina de trigo, leche entera en polvo, manteca de cacao, avellana picadas, cacao en polvo desengrasado, suero de leche en polvo, almidón de maíz, extracto de malta de cebada, jarabe de azúcar invertido, sal y emulsionante lecitina."],"conservation":" Consérvese en lugar fresco y seco.","ean":"4000540041880"},{"full_name":"KOLLN muesli integral con frutas, copos de avena integrales y pipas de girasol crujientes paquete 500 g","name":"muesli integral con frutas, copos de avena integrales y pipas de girasol crujientes paquete 500 g","brand":"KOLLN ","img":"https://sgfm.elcorteingles.es/SGFM/dctm/MEDIA02/CONTENIDOS/201502/24/00120606300158____2__600x600.jpg","price":"4,45 €","price_unit":"(8,90 € / Kilo)","categories":["Supermercado","Desayunos Dulces y pan","Desayunos, dulces y pan","Cereales","Cereales para adultos","KOLLN muesli integral con frutas, copos de avena integrales y pipas de girasol crujientes paquete 500 g"],"general_information":["Denominación del alimento: Muesli integral","País de origen: Alemania","Nombre del operador: Ofistrade S.A.","Dirección del operador: C/Buenos Aires 38-40, entlo. C - 08036 Barcelona","Lugar de procedencia del alimento: Alemania","Cantidad Neta: 500 g"],"ingredients":[" Copos de avena integrales (52%), dátiles, pasas, sultanas, pipas de girasol (5%), trozos de manzana desecados, harina de avena integral (3%), harina de avena, copos de plátano desecados, jarabe de azúcar invertido, frambuesas liofilizadas, harina de trigo, harina de maíz, harina de arroz, extracto de malta de cebada, concentrado de zumo de limón, maltodextrina, aceite de girasol, acidulante ácido cítrico y aroma natural de vainilla Bourbon."],"conservation":" Consérvese en lugar fresco y seco.","ean":"4000540041484"},{"full_name":"KOLLN cereales crujientes de avena con chocolate bolsa 375 g","name":"cereales crujientes de avena con chocolate bolsa 375 g","brand":"KOLLN ","img":"https://sgfm.elcorteingles.es/SGFM/dctm/MEDIA03/201705/08/00120606300851____2__600x600.jpg","price":"4,68 €","price_unit":"(12,48 € / Kilo)","categories":["Supermercado","Desayunos Dulces y pan","Desayunos, dulces y pan","Cereales","Cereales para adultos","KOLLN cereales crujientes de avena con chocolate bolsa 375 g"],"general_information":["Denominación del alimento: KOLLN:AVENA CRUJIENTE CHOCO 375g","País de origen: Alemania","Nombre del operador: Ofistrade S.A.","Dirección del operador: C/Buenos Aires 38-40, entlo. C - 08036 Barcelona","Lugar de procedencia del alimento: Alemania","Cantidad Neta: 375 g"],"ingredients":[" Harina integral de AVENA (63%), azúcar, dextrosa, jarabe de glucosa, harina de TRIGO, almidón de maíz, cacao en polvo, manteca de cacao, pasta de cacao, LECHE entera en polvo, suero de LECHE en polvo, canela, sal, emulgente lecitina."],"conservation":" Consérvese en lugar fresco y seco.","ean":"4000540061062"},{"full_name":"QUAKER Cruesli copos de avena con chocolate paquete 375 g","name":"Cruesli copos de avena con chocolate paquete 375 g","brand":"QUAKER ","img":"https://sgfm.elcorteingles.es/SGFM/dctm/MEDIA02/CONTENIDOS/201511/23/00120606300752____1__600x600.jpg","price":"2,95 €            ","price_unit":"(6,27 € / Kilo)","categories":["Supermercado","Desayunos Dulces y pan","Desayunos, dulces y pan","Cereales","Cereales para adultos","QUAKER Cruesli copos de avena con chocolate paquete 375 g"],"general_information":["Denominación del alimento: Copos de cereales crujientes con chocolate","Nombre del operador: PepsiCo Foods. A.I.E.","Dirección del operador: Avenida de los Olmos, 2, 01013 - Vitoria, España","Cantidad Neta: 375 g"],"ingredients":[" Copos de avena (38%), azúcar, chocolate (13%) [pasta de cacao, azúcar, cacao desgrasado en polvo, emulgente (lecitina de soja)], aceite de girasol, trigo (9,8%), harina de trigo (3%), jarabe de glucosa, coco, melaza, sal, harina de maíz (0,5%), harina de arroz (0,3%), canela, extracto de cebada malteada, antioxidante (tocoferol), aroma de manzana y toffee. El chocolate contiene un mínimo de 65% de sólidos de cacao.  Este producto se fabrica en una fábrica que también usa leche, frutos secos, sésamo y cacahuetes."],"conservation":" Conservar en lugar fresco y seco","ean":"8710100127300"},{"full_name":"QUAKER Cruesli copos de avena con 4 frutos secos paquete 375 g","name":"Cruesli copos de avena con 4 frutos secos paquete 375 g","brand":"QUAKER ","img":"https://sgfm.elcorteingles.es/SGFM/dctm/MEDIA03/201602/12/00120606300760____1__600x600.jpg","price":"2,95 €            ","price_unit":"(6,27 € / Kilo)","categories":["Supermercado","Desayunos Dulces y pan","Desayunos, dulces y pan","Cereales","Cereales para adultos","QUAKER Cruesli copos de avena con 4 frutos secos paquete 375 g"],"general_information":["Denominación del alimento: Copos de cereales crujientes con 4 clases de frutos secos.","Nombre del operador: PepsiCo Foods. A.I.E.","Dirección del operador: Avenida de los Olmos, 2, 01013 - Vitoria, España","Cantidad Neta: 375 g"],"ingredients":[" Copos de avena (33%), trigo (19%), azúcar, aceite de girasol, jarabe de glucosa, avellanas (4,4%), almendras tostadas (4%), pacanas (2%), harina de trigo (2%), nueces de Brasil (1%), miel, harina de maíz (0,3%), harina de arroz (0,2%), colorante (caramelo natural), aroma a avellana, extracto de malta de cebada, antioxidante (tocoferol)."],"conservation":" Conservar en lugar fresco y seco","ean":"8710100126402"},{"full_name":"QUAKER muesli crujiente en granolas con avena y frutos rojos paquete 350 g","name":"muesli crujiente en granolas con avena y frutos rojos paquete 350 g","brand":"QUAKER ","img":"https://sgfm.elcorteingles.es/SGFM/dctm/MEDIA03/201704/10/00120606300893____1__600x600.jpg","price":"2,95 €","price_unit":"(8,43 € / Kilo)","categories":["Supermercado","Desayunos Dulces y pan","Desayunos, dulces y pan","Cereales","Cereales para adultos","QUAKER muesli crujiente en granolas con avena y frutos rojos paquete 350 g"],"general_information":["Denominación del alimento: Copos de avena tostados con semillas de calabaza, bayas de goji y arándanos.","Nombre del operador: PepsiCo Foods. A.I.E.","Dirección del operador: Avenida de los Olmos, 2, 01013 - Vitoria, España","Cantidad Neta: 45 g"],"ingredients":[" Copos de avena integral (62%), jarabe de glucosa, azúcar, oligofructosa, copos de salvado [harina integral de trigo, salvado de trigo, azúcar, jarabe de azúcar, malta de cebada, sal], copos de cebada [cebada, azúcar, sal, malta de cebada, emulgente (mono y diglicéridos de ácidos grasos)], melaza, bayas de goji (2%) [conservante (dióxido sulfuroso)], aceite de girasol, semillas de calabaza (1,7%), arándanos liofilizados (0,7%), preparaciones aromatizantes, substancias aromatizantes naturales, antioxidante (tocoferol).  Este producto puede contener leche. Se elabora en una fábrica en la que también se procesan otros frutos secos."],"conservation":" Conservar en lugar fresco y seco.","ean":"8410199015617"},{"full_name":"QUAKER cereales en granolas con avena y chocolate paquete 375 g","name":"cereales en granolas con avena y chocolate paquete 375 g","brand":"QUAKER ","img":"https://sgfm.elcorteingles.es/SGFM/dctm/MEDIA03/201704/10/00120606300885____1__600x600.jpg","price":"2,79 €","price_unit":"(7,44 € / Kilo)","categories":["Supermercado","Desayunos Dulces y pan","Desayunos, dulces y pan","Cereales","Cereales para adultos","QUAKER cereales en granolas con avena y chocolate paquete 375 g"],"general_information":["Denominación del alimento: Copos de cereales crujientes con avena y chocolate","Nombre del operador: PepsiCo Foods. A.I.E.","Dirección del operador: Avenida de los Olmos, 2, 01013 - Vitoria, España","Cantidad Neta: 375 g"],"ingredients":[" Copos de avena integral (42%), jarabe de glucosa, chocolate (12%) [azúcar, masa de cacao, manteca de cacao, emulsionante (lecitina de soja)], copos de trigo integral (9,8%), azúcar, harina integral de arroz, maíz, aceite de girasol, harina de arroz, jarabe de azúcar, salvado de trigo, harina de trigo, almidón de maíz, miel, melazas, sal, antioxidantes (palmitato de ascorbilo, tocoferoles, ácido cítrico). El chocolate contiene un mínimo de 65% de sólidos de cacao. Este producto puede contener leche y se elabora en una fábrica en la que también se procesan otros frutos secos"],"ean":"8410199013750"},{"full_name":"JORDANS cereales de desayuno Muesli Special 32% de frutas y frutos secos paquete 500 g","name":"cereales de desayuno Muesli Special 32% de frutas y frutos secos paquete 500 g","brand":"JORDANS ","img":"https://sgfm.elcorteingles.es/SGFM/00/50/5/0120606300505/0120606300505000g01011.jpg","price":"4,32 €","price_unit":"(8,64 € / Kilo)","categories":["Supermercado","Desayunos Dulces y pan","Desayunos, dulces y pan","Cereales","Cereales para adultos","JORDANS cereales de desayuno Muesli Special 32% de frutas y frutos secos paquete 500 g"],"general_information":["Denominación del alimento: Copos de cereales integrales con fruta, frutos secos y semillas de girasol.","Nombre del operador: Comercial Masoliver S.A.","Dirección del operador: Calle Puntia, 18 - 17857 Begudà (Girona) España","Lugar de procedencia del alimento: 826 - Reino Unido","Cantidad Neta: 400 g"],"ingredients":[" Cereales integrales (69%) (copos de avena, copos de trigo, copos de cebada), frutas y frutos secos (30%) (pasas, pasas sultanas, papaya deshidratada (papaya, azúcar de caña), rodajas de coco tostado, avellanas tostadas, rodajas de plátano (plátano, azúcar, aceite de coco, aroma natural), trozos de nueces de Brasil, trozos de manzana, trozos de almendra), semillas de girasol. Contiene: Avena, trigo, cebada, avellanas, nueces de Brasil, almendras. Puede contener: Centeno, otros frutos secos, leche."],"conservation":" Una vez abierto cerrar bien la bolsa interior y mantener en  lugar fresco y seco.","ean":"5010477337177"},{"full_name":"JORDANS Muesli Bio procedente de agricultura ecológica con frutas y frutos secos paquete 500 g","name":"Muesli Bio procedente de agricultura ecológica con frutas y frutos secos paquete 500 g","brand":"JORDANS ","img":"https://sgfm.elcorteingles.es/SGFM/00/64/6/0120606300646/0120606300646000g01011.jpg","price":"3,75 €","price_unit":"(7,50 € / Kilo)","categories":["Supermercado","Desayunos Dulces y pan","Desayunos, dulces y pan","Cereales","Cereales para adultos","JORDANS Muesli Bio procedente de agricultura ecológica con frutas y frutos secos paquete 500 g"],"general_information":["Denominación del alimento: Copos de cereales tostados integrales y ecológicos con pasas, trocitos de coco, avellanas tostadas y semillas de girasol de agricultura ecológica.","Nombre del operador: Comercial Masoliver S.A.","Dirección del operador: Calle Puntia, 18 - 17857 Begudà (Girona) España","Lugar de procedencia del alimento: 826 - Reino Unido","Cantidad Neta: 30 g"],"ingredients":[" Cereales integrales (65%)(copos de trigo, copos de avena, copos de trigo tostados), sultanas (15%) (sultanas, aceite de girasol), pasas (11%) (pasas, aceite de girasol), trocitos de coco (3,5%), avellanas tostadas (3%), semillas de girasol (3%).                                                          *Ingrediente Proveniente de Agricultura Ecológica. Contiene: trigo, avena y avellanas. Puede contener: Cebada, centeno y otros frutos secos."],"conservation":" Una vez abierto cerrar bien la bolsa interior y mantener en  lugar fresco y seco.","ean":"5010477309129"},{"full_name":"JORDANS Country Crisp cereales de desayuno con frutos secos envase 400 g","name":"Country Crisp cereales de desayuno con frutos secos envase 400 g","brand":"JORDANS ","img":"https://sgfm.elcorteingles.es/SGFM/dctm/MEDIA02/CONTENIDOS/201407/10/00120606300653____1__600x600.jpg","price":"4,45 €","price_unit":"(11,12 € / Kilo)","categories":["Supermercado","Desayunos Dulces y pan","Desayunos, dulces y pan","Cereales","Cereales para adultos","JORDANS Country Crisp cereales de desayuno con frutos secos envase 400 g"],"general_information":["Denominación del alimento: Bolitas de cereales integrales con copos de almendras , nueces de Brasil picadas, nueces pecanas picadas y avellanas tostadas picadas.","Nombre del operador: Comercial Masoliver S.A.","Dirección del operador: Calle Puntia, 18 - 17857 Begudà (Girona) España","Lugar de procedencia del alimento: 826 - Reino Unido","Cantidad Neta: 400 g"],"ingredients":[" Cereales integrales (61%) (copos de avena, copos de cebada, harina de avena), azúcar, frutos secos (15%) (almendras en láminas (6%), avellanas tostadas, nueces de Brasil picadas, nueces pecanas picadas), aceite vegetal (aceite de colza, aceite de palma), harina de arroz, coco desecado, aromatizante natural. Contiene: Avena, cebada, almendras, avellanas, nueces de Brasil, nueces pecanas. Puede contener: Trigo,centeno, otros frutos secos."],"conservation":" Mantener en un lugar fresco y seco. Una vez abierto guardar en un recipiente hermético.","ean":"5010477345592"},{"full_name":"JORDANS Country Crisp cereales de desayuno con fresas paquete 400 g","name":"Country Crisp cereales de desayuno con fresas paquete 400 g","brand":"JORDANS ","img":"https://sgfm.elcorteingles.es/SGFM/dctm/MEDIA02/CONTENIDOS/201407/10/00120606300042____1__600x600.jpg","price":"4,69 €","price_unit":"(11,72 € / Kilo)","categories":["Supermercado","Desayunos Dulces y pan","Desayunos, dulces y pan","Cereales","Cereales para adultos","JORDANS Country Crisp cereales de desayuno con fresas paquete 400 g"],"general_information":["Denominación del alimento: Bolitas de cereales crujientes con fresas liofilizadas.","Nombre del operador: Comercial Masoliver S.A.","Dirección del operador: Calle Puntia, 18 - 17857 Begudà (Girona) España","Lugar de procedencia del alimento: 826 - Reino Unido","Cantidad Neta: 400 g"],"ingredients":[" Cereales integrales (61%) (copos de avena, copos de cebada, harina de avena), azúcar, aceite vegetal (aceite de colza, aceite de palma), harina de arroz, coco desecado, trozos de fresa liofilizada (2,5%), avellanas tostadas picadas (0,5%), aromatizante natual. Contiene: Avena, cebada, avellanas. Puede contener: Centeno, trigo, otros frutos secos."],"conservation":" Mantener en un lugar fresco y seco. Una vez abierto guardar en un recipiente hermético.","ean":"5010477342850"},{"full_name":"JORDANS Country Crisp cereales de desayuno con chocolate paquete 400 g","name":"Country Crisp cereales de desayuno con chocolate paquete 400 g","brand":"JORDANS ","img":"https://sgfm.elcorteingles.es/SGFM/dctm/MEDIA02/CONTENIDOS/201407/10/00120606300067____1__600x600.jpg","price":"4,45 €","price_unit":"(11,12 € / Kilo)","categories":["Supermercado","Desayunos Dulces y pan","Desayunos, dulces y pan","Cereales","Cereales para adultos","JORDANS Country Crisp cereales de desayuno con chocolate paquete 400 g"],"general_information":["Denominación del alimento: Bolitas de cereales crujientes con rizos de chocolate negro.","Nombre del operador: Comercial Masoliver S.A.","Dirección del operador: Calle Puntia, 18 - 17857 Begudà (Girona) España","Lugar de procedencia del alimento: 826 - Reino Unido","Cantidad Neta: 400 g"],"ingredients":[" Cereales integrales (56%) (copos de avena, copos de cebada, harina de avena), azúcar, rizos de chocolate negro (10%) (sólidos de cacao: 70% mínimo) (masa de cacao, azúcar, manteca de  cacao, emulgente: lecitina de soja, aromatizante natural), aceite vegetal (aceite de colza, aceite de palma), harina de arroz, coco desecado, avellanas tostadas picadas (0,5%), aromatizante natural. Contiene: Avena, cebada, soja, avellanas. Puede contener: Trigo, centeno, otros frutos secos, leche."],"conservation":" Mantener en un lugar fresco y seco. Una vez abierto guardar en un recipiente hermético.","ean":"5010477342874"},{"full_name":"WEETABIX Oatibix avena suave integral con bajo contenido en sal bolsa 500 g","name":"Oatibix avena suave integral con bajo contenido en sal bolsa 500 g","brand":"WEETABIX ","img":"https://sgfm.elcorteingles.es/SGFM/dctm/MEDIA02/CONTENIDOS/201509/03/00120634101586____2__600x600.jpg","price":"1,24 €","price_unit":"(2,48 € / Kilo)","categories":["Supermercado","Desayunos Dulces y pan","Desayunos, dulces y pan","Cereales","Cereales para adultos","WEETABIX Oatibix avena suave integral con bajo contenido en sal bolsa 500 g"],"general_information":["Denominación del alimento: Copos de avena integral","Nombre del operador: WEETABIX IBÉRICA, S.L.","Dirección del operador: C/ Emilio Vargas nº 20  -  28043 Madrid","Cantidad Neta: 500 g","Número de raciones por envase: 12"],"ingredients":[" Avena integral (100%). Los cereales contienen gluten."],"conservation":" Mantener en lugar fresco, seco y sin olores","ean":"5010029220629"},{"full_name":"WEETABIX Original cereales de desayuno de trigo entero paquete 430 g","name":"Original cereales de desayuno de trigo entero paquete 430 g","brand":"WEETABIX ","img":"https://sgfm.elcorteingles.es/SGFM/dctm/MEDIA03/201611/29/00120641600778____1__600x600.jpg","price":"2,68 €","price_unit":"(6,23 € / Kilo)","categories":["Supermercado","Desayunos Dulces y pan","Desayunos, dulces y pan","Cereales","Cereales para adultos","WEETABIX Original cereales de desayuno de trigo entero paquete 430 g"],"general_information":["Denominación del alimento: Cereal  de trigo entero","Nombre del operador: WEETABIX IBÉRICA, S.L.","Dirección del operador: C/ Emilio Vargas nº 20  -  28043 Madrid","Cantidad Neta: 430 g","Número de raciones por envase: 12","Otras menciones obligatorias en la etiqueta: Fuente de Proteínas"],"ingredients":[" Trigo entero (95%), Extracto de cebada malteada, Azúcar, Sal, Niacina, Hierro, Riboflavina, Tiamina, Acido Fólico.Contiene trigo y cebada. Los cereales contienen gluten."],"conservation":" Mantener en lugar fresco, seco y sin olores","ean":"5010029000061"},{"full_name":"WEETABIX Minibix cereales de desayuno con chocolate paquete 450 g","name":"Minibix cereales de desayuno con chocolate paquete 450 g","brand":"WEETABIX ","img":"https://sgfm.elcorteingles.es/SGFM/dctm/MEDIA03/201710/31/00120641600232____1__600x600.jpg","price":"2,79 €","price_unit":"(6,20 € / Kilo)","categories":["Supermercado","Desayunos Dulces y pan","Desayunos, dulces y pan","Cereales","Cereales para adultos","WEETABIX Minibix cereales de desayuno con chocolate paquete 450 g"],"general_information":[],"ingredients":[],"ean":"5010029210750"},{"full_name":"WEETABIX bloques de cereales integrales de desayuno con chocolate estuche 500 g","name":"bloques de cereales integrales de desayuno con chocolate estuche 500 g","brand":"WEETABIX ","img":"https://sgfm.elcorteingles.es/SGFM/dctm/MEDIA03/201710/31/00120641600836____7__600x600.jpg","price":"3,49 €","price_unit":"(6,98 € / Kilo)","categories":["Supermercado","Desayunos Dulces y pan","Desayunos, dulces y pan","Cereales","Cereales para adultos","WEETABIX bloques de cereales integrales de desayuno con chocolate estuche 500 g"],"general_information":["Denominación del alimento: Cereal de trigo entero con pepitas de chocolate","Nombre del operador: WEETABIX IBÉRICA, S.L.","Dirección del operador: C/ Emilio Vargas nº 20  -  28043 Madrid","Cantidad Neta: 500 g","Número de raciones por envase: 12"],"ingredients":[" Trigo entero (83%), Azúcar, Chocolate negro (7%) (Azúcar, Cacao, Manteca de cacao, Emulgente: Leticina de soja, Aroma), Extracto de cebada malteada, Cacao en polvo con grasa rebajada, Aroma, Sal, Niacina, Hierro, Tiamina (B1), Riboflavina(B2), Ácido Fólico. Contiene trigo, cebada y soja.Los cereales contienen gluten."],"conservation":" Mantener en lugar fresco, seco y sin olores","ean":"5010029212655"},{"full_name":"WEETABIX Protein bloques de cereales de desayuno estuche 440 g","name":"Protein bloques de cereales de desayuno estuche 440 g","brand":"WEETABIX ","img":"https://sgfm.elcorteingles.es/SGFM/dctm/MEDIA03/201611/29/00120641600919____1__600x600.jpg","price":"3,69 €","price_unit":"(8,39 € / Kilo)","categories":["Supermercado","Desayunos Dulces y pan","Desayunos, dulces y pan","Cereales","Cereales para adultos","WEETABIX Protein bloques de cereales de desayuno estuche 440 g"],"general_information":["Denominación del alimento: Cereal de trigo entero con trocitos de germen de trigo","Nombre del operador: WEETABIX IBÉRICA, S.L.","Dirección del operador: C/ Emilio Vargas nº 20  -  28043 Madrid","Cantidad Neta: 440 g","Número de raciones por envase: 12","Otras menciones obligatorias en la etiqueta: Fuente de Proteínas"],"ingredients":[" Trigo entero(86%), Gluten de Trigo, Extracto de cebada malteada, Harina de Arroz, Almidón de Trigo, Germen de Trigo, Cacao en polvo, Sal, Niacina, Hierro, Riboflavina, Tiamina, Ácido Fólico, Vitamina D.Contiene trigo y cebada. Los cereales contienen gluten."],"conservation":" Mantener en lugar fresco, seco y sin olores","ean":"5010029222005"},{"full_name":"WEETABIX cereales integrales ecológicos bajos en azúcar, sal y grasas caja 430 g","name":"cereales integrales ecológicos bajos en azúcar, sal y grasas caja 430 g","brand":"WEETABIX ","img":"https://sgfm.elcorteingles.es/SGFM/dctm/MEDIA03/201707/28/00120641600901____6__600x600.jpg","price":"3,99 €","categories":["Supermercado","Desayunos Dulces y pan","Desayunos, dulces y pan","Cereales","Cereales para adultos","WEETABIX cereales integrales ecológicos bajos en azúcar, sal y grasas caja 430 g"],"general_information":["Denominación del alimento: Cereal de trigo entero orgáinco","Nombre del operador: WEETABIX IBÉRICA, S.L.","Dirección del operador: C/ Emilio Vargas nº 20  -  28043 Madrid","Cantidad Neta: 430 g","Número de raciones por envase: 12"],"ingredients":[" Trigo integral orgánico (95%), extracto de cebada orgánica malteada, azúcar orgáncia,sal. Contiene trigo y cebada, incluido gluten"],"conservation":" Mantener en lugar fresco, seco y sin olores","ean":"5010029204209"},{"full_name":"ALPEN muesli sin azúcar añadido paquete 560 g","name":"muesli sin azúcar añadido paquete 560 g","brand":"ALPEN ","img":"https://sgfm.elcorteingles.es/SGFM/dctm/MEDIA03/201708/07/00120606300232____1__600x600.jpg","price":"4,16 €","price_unit":"(7,43 € / Kilo)","categories":["Supermercado","Desayunos Dulces y pan","Desayunos, dulces y pan","Cereales","Cereales para adultos","ALPEN muesli sin azúcar añadido paquete 560 g"],"general_information":["Denominación del alimento: Cereal muesli con pasas, avellanas y almendras","Nombre del operador: WEETABIX IBÉRICA, S.L.","Dirección del operador: C/ Emilio Vargas nº 20  -  28043 Madrid","Cantidad Neta: 560 g","Número de raciones por envase: 12","Otras menciones obligatorias en la etiqueta: 100% Ingredientes naturales"],"ingredients":[" trigo entero (42%), copos de avena entera (36%), pasas (15%), leche en polvo desnatada, suero lácteo en polvo, frutos secos tostados laminados(2.5%)(Avellanas, Almendras), Extracto de cebada malteada, Sal. Contiene gluten. No apto para alérgicos a frutos secos"],"conservation":" Mantener en lugar fresco, seco y sin olores","ean":"5010029201246"},{"full_name":"ALPEN muesli con frambuesas y manzana estuche 560 g","name":"muesli con frambuesas y manzana estuche 560 g","brand":"ALPEN ","img":"https://sgfm.elcorteingles.es/SGFM/dctm/MEDIA03/201711/03/00120606300679____6__600x600.jpg","price":"4,84 €","price_unit":"(8,64 € / Kilo)","categories":["Supermercado","Desayunos Dulces y pan","Desayunos, dulces y pan","Cereales","Cereales para adultos","ALPEN muesli con frambuesas y manzana estuche 560 g"],"general_information":["Denominación del alimento: Cereal muesli con frambuesa","Nombre del operador: WEETABIX IBÉRICA, S.L.","Dirección del operador: C/ Emilio Vargas nº 20  -  28043 Madrid","Cantidad Neta: 560 g","Número de raciones por envase: 12"],"ingredients":[" Copos de Avena entera (36%), Trigo entero (35%),  Pasas(15%), Leche desnatada en polvo, trocitos de manzana disecada(3.7%)(con conservante: Dióxido de azúfre), Suero lácteo en polvo, Azúcar, trocitos de frambuesa liofilizada(1.3%), Dextrosa, Extracto de cebada malteada, Humectante: Glicerol, Concentrado de zumo de Frambuesa (0.3%), Sal, Almidón de maíz, Regulador de acidez: Ácido Málico, Extracto de zumo de Bayas de saúco, Aromas. No apto para alérgicos a frutos secos. Contiene trigo, cebada, avena, leche y sulfitos."],"conservation":" Mantener en lugar fresco, seco y sin olores","ean":"5010029213379"},{"full_name":"HERO Muesly cereales chocolate y leche envase 100 g","name":"Muesly cereales chocolate y leche envase 100 g","brand":"HERO ","img":"https://sgfm.elcorteingles.es/SGFM/dctm/MEDIA03/201604/28/00120607701545____1__600x600.jpg","price":"1,00 €","price_unit":"(10 € / Kilo)","categories":["Supermercado","Desayunos Dulces y pan","Desayunos, dulces y pan","Cereales","Cereales para adultos","HERO Muesly cereales chocolate y leche envase 100 g"],"general_information":["Denominación del alimento: Bolsita Con Leche, Cereales Y Chocolate.","País de origen: España","Nombre del operador: Hero España, S.A.","Dirección del operador: Avda. Murcia, 1 30820 Alcantarilla, Murcia","Cantidad Neta: 100 g"],"ingredients":[" Leche desnatada (45%), leche entera (37%), azúcar, harina hidrolizada de 8 cereales (6,5%) (trigo, maíz, arroz, avena, cebada, centeno, sorgo y mijo), almidón de maíz, cacao(1%), sales minerales (sulfato de magnesio, fosfato sódico, hidróxido potásico, citrato potásico), aromas y emulgente: lecitina de soja."],"conservation":" Mantener apartado del calor y conservar en un lugar fresco y seco.","ean":"8410175061782"},{"full_name":"HERO Línea cereales con chocolate y leche envase 100 g","name":"Línea cereales con chocolate y leche envase 100 g","brand":"HERO ","img":"https://sgfm.elcorteingles.es/SGFM/dctm/MEDIA03/201604/28/00120607701552____1__600x600.jpg","price":"1,00 €","price_unit":"(10 € / Kilo)","categories":["Supermercado","Desayunos Dulces y pan","Desayunos, dulces y pan","Cereales","Cereales para adultos","HERO Línea cereales con chocolate y leche envase 100 g"],"general_information":["Denominación del alimento: Bolsita Con Leche, Cereales Y Chocolate. Con Edulcorantes.","País de origen: España","Nombre del operador: Hero España, S.A.","Dirección del operador: Avda. Murcia, 1 30820 Alcantarilla, Murcia","Cantidad Neta: 100 g"],"ingredients":[" Leche desnatada (42,7%), agua, leche entera (12%), harina hidrolizada de 8 cereales (6,5%) (Trigo, maíz, arroz, avena, cebada, centeno, sorgo y mijo), proteína de suero de leche, almidón de maíz, cacao (1%), aromas, emulgente: lecitina de soja, sales minerales (fosfato sódico, hidróxido potásico, citrato potásico) y edulcorantes (acesulfame k y aspartamo)."],"conservation":" Mantener apartado del calor y conservar en un lugar fresco y seco.","ean":"8410175061799"},{"full_name":"ALIADA cereales de desayuno de trigo inflado con miel con 8 vitaminas y hierro paquete 500 g","name":"cereales de desayuno de trigo inflado con miel con 8 vitaminas y hierro paquete 500 g","brand":"ALIADA ","img":"https://sgfm.elcorteingles.es/SGFM/dctm/MEDIA02/CONTENIDOS/201505/05/00120633900095____1__600x600.jpg","price":"1,49 €","price_unit":"(2,98 € / Kilo)","categories":["Supermercado","Desayunos Dulces y pan","Desayunos, dulces y pan","Cereales","Cereales infantiles","ALIADA cereales de desayuno de trigo inflado con miel con 8 vitaminas y hierro paquete 500 g"],"general_information":["Denominación del alimento: Trigo inflado recubierto con azúcar y miel, enriquecido con vitaminas (niacina, E, ácido pantoténico, B6, B2, B1, ácido fólico, B12) y hierro.","Nombre del operador: Elaborado para \nEl Corte Inglés \npor H. & J. Brüggen KG \nGertrudenstraße 15 \n23568 Lübeck \nAlemania","Cantidad Neta: 500 g","Número de raciones por envase: Ã 16"],"ingredients":[" Ingredientes: Trigo inflado (45%), azúcar, jarabe de glucosa, miel (4%), aceite de palma, jarabe de caramelo, vitaminas (niacina, vitamina E, ácido pantoténico, vitamina B6, vitamina B2, vitamina B1, ácido fólico, vitamina B12) y difosfato férrico. Puede contener trazas de frutos de cáscara, cacahuetes, productos de soja, productos lácteos y granos de sésamo."],"conservation":" Conservar en lugar fresco y seco. Una vez abierto el paquete, mantenga la bolsa perfectamente cerrada.","ean":"8433329070416"},{"full_name":"EL CORTE INGLES copos de maíz tostados y azucarados paquete 500 g","name":"copos de maíz tostados y azucarados paquete 500 g","brand":"EL CORTE INGLES ","img":"https://sgfm.elcorteingles.es/SGFM/dctm/MEDIA03/201606/13/00120633900202____1__600x600.jpg","price":"1,29 €","price_unit":"(2,58 € / Kilo)","categories":["Supermercado","Desayunos Dulces y pan","Desayunos, dulces y pan","Cereales","Cereales infantiles","EL CORTE INGLES copos de maíz tostados y azucarados paquete 500 g"],"general_information":["Denominación del alimento: Copos de maíz tostados y azucarados","Nombre del operador: Elaborado para \nEl Corte Inglés \npor H. & J. Brüggen KG \nGertrudenstraße 15 \n23568 Lübeck \nAlemania","Cantidad Neta: 500 g","Número de raciones por envase: aproximadament"],"ingredients":[" Ingredientes: Copos de maíz tostados (maíz (68%), azúcar, sal, extracto de malta de cebada) y azúcar. Puede contener trazas de frutos de cáscara, cacahuetes, productos de soja, productos lácteos y granos de sésamo."],"conservation":" Conservar en lugar fresco y seco. Una vez abierto el paquete, mantenga la bolsa perfectamente cerrada.","ean":"8433329068987"},{"full_name":"EL CORTE INGLES cereales de arroz con cacao paquete 500 g","name":"cereales de arroz con cacao paquete 500 g","brand":"EL CORTE INGLES ","img":"https://sgfm.elcorteingles.es/SGFM/dctm/MEDIA03/201607/15/00200233601012____1__600x600.jpg","price":"1,42 €","price_unit":"(2,84 € / Kilo)","categories":["Supermercado","Desayunos Dulces y pan","Desayunos, dulces y pan","Cereales","Cereales infantiles","EL CORTE INGLES cereales de arroz con cacao paquete 500 g"],"general_information":["Denominación del alimento: Cereales de arroz al cacao, extrusionados, tostados y recubiertos con azúcar.","Nombre del operador: Elaborado para \nEl Corte Inglés \npor H. & J. Brüggen KG \nGertrudenstraße 15 \n23568 Lübeck \nAlemania","Cantidad Neta: 500 g","Número de raciones por envase: aproximadament"],"ingredients":[" Ingredientes: Harina de arroz (69%), azúcar, jarabe de glucosa, cacao desgrasado en polvo (3%), chocolate con leche (1%) [azúcar, manteca de cacao, leche entera en polvo, pasta de cacao, emulgente: lecitinas (girasol)], aceite de girasol, sal, extracto de malta de cebada y aromas naturales. Puede contener trazas de frutos de cáscara, cacahuetes, productos de soja y granos de sésamo."],"conservation":" Conservar en lugar fresco y seco. Una vez abierto el paquete, mantenga la bolsa perfectamente cerrada.","ean":"8433329069014"},{"full_name":"EL CORTE INGLES cereales de desayuno con cacao y alto contenido en fibra paquete 500 g","name":"cereales de desayuno con cacao y alto contenido en fibra paquete 500 g","brand":"EL CORTE INGLES ","img":"https://sgfm.elcorteingles.es/SGFM/dctm/MEDIA03/201607/20/00120633600653____4__600x600.jpg","price":"1,49 €","price_unit":"(2,98 € / Kilo)","categories":["Supermercado","Desayunos Dulces y pan","Desayunos, dulces y pan","Cereales","Cereales infantiles","EL CORTE INGLES cereales de desayuno con cacao y alto contenido en fibra paquete 500 g"],"general_information":["Denominación del alimento: Trigo tostado con cacao","Nombre del operador: El Corte Inglés  S.A","Dirección del operador: C/Hermosilla, 112 -28009 Madrid (Madrid)","Cantidad Neta: 500 g","Otras menciones obligatorias en la etiqueta: Con 8 vitaminas y hierro"],"ingredients":[" Harina de trigo (52%), azúcar, cacao desgrasado en polvo (8%), almidón de trigo, jarabe de glucosa, pasta de cacao (1%) harina de arroz, aceite vegetal, aroma, fructosa, vitaminas (niacina, vitamina E, ácido fólico, vitamina B12), hierro. Puede contener trazas de fruto de cáscara, productos lácteos, y productos  de soja."],"conservation":" Una vez abierto el paquete utilice lo que vaya a consumir y mantenga el resto de la bolsa perfectamente cerrada. Conservar en lugar fresco y seco. Humedad máxima 5%.","ean":"8433329008617"},{"full_name":"EL CORTE INGLES almohadilla rellenas de crema de leche estuche 500 g","name":"almohadilla rellenas de crema de leche estuche 500 g","brand":"EL CORTE INGLES ","img":"https://sgfm.elcorteingles.es/SGFM/dctm/MEDIA03/201611/14/00120633601057____1__600x600.jpg","price":"2,03 €","price_unit":"(4,06 € / Kilo)","categories":["Supermercado","Desayunos Dulces y pan","Desayunos, dulces y pan","Cereales","Cereales infantiles","EL CORTE INGLES almohadilla rellenas de crema de leche estuche 500 g"],"general_information":["Denominación del alimento: Cereales de trigo integral, arroz y avena integral, extrusionados, con relleno con leche.","Nombre del operador: Elaborado para \nEl Corte Inglés \npor H. & J. Brüggen KG \nGertrudenstraße 15 \n23568 Lübeck \nAlemania","Cantidad Neta: 500 g","Número de raciones por envase: aproximadament"],"ingredients":[" Ingredientes: Relleno a base de grasa vegetal con leche (39%) (azúcar, aceite de palma, leche entera en polvo y leche desgrasada en polvo (8%), aceite de girasol, lactosuero dulce en polvo, emulgente: lecitinas (girasol), aroma natural), harina de trigo integral (16%), azúcar, harina de arroz (14%), harina de avena integral (12%), salvado de trigo y sal. Puede contener trazas de frutos de cáscara, cacahuetes, productos de soja y granos de sésamo."],"conservation":" Conservar en lugar fresco y seco. Una vez abierto el paquete, mantenga la bolsa perfectamente cerrada.","ean":"8433329069007"},{"full_name":"EL CORTE INGLES Boom Balls bolas de maíz con miel estuche 375 g","name":"Boom Balls bolas de maíz con miel estuche 375 g","brand":"EL CORTE INGLES ","img":"https://sgfm.elcorteingles.es/SGFM/dctm/MEDIA03/201609/05/00120633900210____1__600x600.jpg","price":"1,20 €","price_unit":"(3,20 € / Kilo)","categories":["Supermercado","Desayunos Dulces y pan","Desayunos, dulces y pan","Cereales","Cereales infantiles","EL CORTE INGLES Boom Balls bolas de maíz con miel estuche 375 g"],"general_information":["Denominación del alimento: Cereales de maíz extrusionados, tostados y recubiertos con azúcar y miel. Enriquecidos con vitaminas (niacina, E, ácido pantoténico, B6, B2, B1, ácido fólico y B12) y hierro.","Nombre del operador: Elaborado para \nEl Corte Inglés \npor H. & J. Brüggen KG \nGertrudenstraße 15 \n23568 Lübeck \nAlemania","Cantidad Neta: 375 g","Número de raciones por envase: aproximadament"],"ingredients":[" Ingredientes: Sémola de maíz (71%), azúcar, jarabe de glucosa, miel (3%), aceite de girasol, sal, extracto de malta de cebada, vitaminas (niacina, E, ácido pantoténico, B6, B2, B1, ácido fólico, B12), difosfato férrico y colorante: extracto de pimentón. Puede contener trazas de frutos de cáscara, cacahuetes, productos de soja, productos lácteos y granos de sésamo."],"conservation":" Conservar en lugar fresco y seco. Una vez abierto el paquete, mantenga la bolsa perfectamente cerrada.","ean":"8433329069038"},{"full_name":"EL CORTE INGLES Boom Balls bolas de maíz con cacao estuche 375 g","name":"Boom Balls bolas de maíz con cacao estuche 375 g","brand":"EL CORTE INGLES ","img":"https://sgfm.elcorteingles.es/SGFM/dctm/MEDIA03/201609/05/00120633601065____1__600x600.jpg","price":"1,10 €","price_unit":"(2,93 € / Kilo)","categories":["Supermercado","Desayunos Dulces y pan","Desayunos, dulces y pan","Cereales","Cereales infantiles","EL CORTE INGLES Boom Balls bolas de maíz con cacao estuche 375 g"],"general_information":["Denominación del alimento: Cereales de maíz al cacao, extrusionados, tostados y recubiertos con azúcar.","Nombre del operador: Elaborado para \nEl Corte Inglés \npor H. & J. Brüggen KG \nGertrudenstraße 15 \n23568 Lübeck \nAlemania","Cantidad Neta: 375 g","Número de raciones por envase: aproximadament"],"ingredients":[" Ingredientes: Sémola de maíz (51%), azúcar, jarabe de glucosa, cacao desgrasado en polvo (5%), pasta de cacao (4%), sal, fructosa y aceite de palma. Puede contener trazas de gluten, frutos de cáscara, cacahuetes, productos de soja, productos lácteos y granos de sésamo."],"conservation":" Conservar en lugar fresco y seco. Una vez abierto el paquete, mantenga la bolsa perfectamente cerrada.","ean":"8433329069021"},{"full_name":"NESTLE LION Wild cereales integrales con chocolate y caramelo estuche 410 g","name":"Wild cereales integrales con chocolate y caramelo estuche 410 g","brand":"NESTLE LION ","img":"https://sgfm.elcorteingles.es/SGFM/dctm/MEDIA03/201707/12/00120633601107____1__600x600.jpg","price":"3,15 €","price_unit":"(7,68 € / Kilo)","categories":["Supermercado","Desayunos Dulces y pan","Desayunos, dulces y pan","Cereales","Cereales infantiles","NESTLE LION Wild cereales integrales con chocolate y caramelo estuche 410 g"],"general_information":["Denominación del alimento: Cereales de trigo, arroz y maíz tostados rellenos de crema de chocolate y caramelo.","País de origen: Francia","Nombre del operador: Nestlé España, S.A.","Dirección del operador: Nestlé España S.A. Edificio Nestlé, 08950 Esplugues de Llobregat (Barcelona)","Cantidad Neta: 410 g"],"ingredients":[" Cereales (49%) [harina de trigo integral (27,9%), harina de arroz (17,6%), sémola de maíz (3,5%)], relleno (35,5%) [aceite de nabina, almidón de trigo,  chocolate (5,5%) (cacao desgrasado en polvo, azúcar, manteca de cacao), leche desnatada en polvo (3,9%), caramelo en polvo (2,3%) (suero de leche, maltodextrina, grasa de coco, azúcar), carbonato cálcico, emulgente lecitina de girasol, aroma, antioxidante extracto rico en tocoferoles], azúcar, jarabe de glucosa, vitaminas y minerales (riboflavina, niacina, vitamina B6, ácido fólico, ácido pantoténico, carbonato cálcico, hierro), sal, emulgente (lecitina de girasol), aceite de girasol, aromas, jarabe de azúcar caramelizado, corrector de acidez (fosfato trisódico), cacao desgrasado en polvo, colorante (carotenos), antioxidante (extracto rico en tocoferoles). Puede contener cacahuete y frutos secos."],"conservation":" Conservar en lugar fresco y seco","ean":"7613035578555"},{"full_name":"NESTLE LION cereales integrales con caramelo y chocolate estuche 400 g","name":"cereales integrales con caramelo y chocolate estuche 400 g","brand":"NESTLE LION ","img":"https://sgfm.elcorteingles.es/SGFM/dctm/MEDIA02/CONTENIDOS/201601/18/00200233600758____1__600x600.jpg","price":"2,49 €","price_unit":"(6,22 € / Kilo)","categories":["Supermercado","Desayunos Dulces y pan","Desayunos, dulces y pan","Cereales","Cereales infantiles","NESTLE LION cereales integrales con caramelo y chocolate estuche 400 g"],"general_information":["Denominación del alimento: Cereales de trigo y arroz tostados con crema de caramelo y chocolate","Nombre del operador: Nestlé España, S.A.","Dirección del operador: NESTLÉ ESPAÑA, S.A. Edificio Nestlé, 08950 Esplugues de Llobregat (Barcelona). Por cuenta de: CEREAL PARTNERS ESPAÑA, A.E.I.E.","Cantidad Neta: 400 g","Otras menciones obligatorias en la etiqueta: Cada 100g de este producto contiene 38,9g de Cereales Integrales."],"ingredients":[" Cereales 60,6% (harina de trigo integral 38,9%, harina de trigo, harina de arroz), azúcar, jarabe de glucosa, crema de caramelo (6,3%) [leche condensada desnatada (leche desnatada, azúcar), azúcar, jarabe de glucosa, jarabe de glucosa caramelizado], grasa de palma, chocolate (4,1%) (azúcar, cacao, cacao desgrasado), jarabe de glucosa deshidratado, sal, aromas, emulgente (lecitina de girasol), jarabe de azúcar caramelizado.Vitaminas y minerales: Vitamina D, tiamina, riboflavina, niacina, vitamina B6, ácido fólico, ácido pantoténico, carbonato cálcico, hierro.Puede contener cacahuete y frutos secos."],"conservation":" Conservar en lugar fresco y seco. Mantener la bolsa cerrada después de cada utilización.","ean":"7613033481314"},{"full_name":"NESTLE LION cereales de desayuno granolas integrales de avena con caramelo y chocolate estuche 300 g","name":"cereales de desayuno granolas integrales de avena con caramelo y chocolate estuche 300 g","brand":"NESTLE LION ","img":"https://sgfm.elcorteingles.es/SGFM/dctm/MEDIA03/201702/01/00120606300877____1__600x600.jpg","price":"2,95 €","price_unit":"(9,83 € / Kilo)","categories":["Supermercado","Desayunos Dulces y pan","Desayunos, dulces y pan","Cereales","Cereales infantiles","NESTLE LION cereales de desayuno granolas integrales de avena con caramelo y chocolate estuche 300 g"],"general_information":["Denominación del alimento: Copos de avena integral y trigo, con chocolate y caramelo","País de origen: Bélgica","Nombre del operador: Nestlé España, S.A.","Dirección del operador: NESTLÉ ESPAÑA, S.A. Edificio Nestlé, 08950 Esplugues de Llobregat (Barcelona). Por cuenta de: CEREAL PARTNERS ESPAÑA, A.E.I.E","Cantidad Neta: 300 g"],"ingredients":[" Ingredientes: Cereales (66,1%) (avena integral (38,3%), harina de trigo integral (18,2%), harina de trigo (6,3%), semolina de maíz, harina de arroz), azúcar, suero de leche en polvo, gotas de chocolate (5,6%) (azúcar, cacao, manteca de cacao, emulgente lecitina de soja), leche condensada (5%) (leche, azúcar), grasa de palma, jarabe de azúcar invertido, jarabe de glucosa, carbonato cálcico, cacao en polvo (0,6%), aromas, grasa de palma, sal, gasificante (bicarbonato sódico), aceite de girasol, cacao desgrasado en polvo (0,1%), dextrosa, emulgente (lecitina de girasol), melazas, corrector de acidez (fosfato trisódico), colorante (carotenos). Puede contener frutos secos."],"conservation":" Conservar en lugar fresco y seco","ean":"7613035791466"},{"full_name":"KELLOGG'S CHOCO KRISPIES cereales de desayuno arroz chocolateado paquete 680 g","name":"cereales de desayuno arroz chocolateado paquete 680 g","brand":"KELLOGG'S CHOCO KRISPIES ","img":"https://sgfm.elcorteingles.es/SGFM/dctm/MEDIA03/201709/07/00120633601081____16__600x600.jpg","price":"3,50 €","price_unit":"(4,67 € / Kilo)","categories":["Supermercado","Desayunos Dulces y pan","Desayunos, dulces y pan","Cereales","Cereales infantiles","KELLOGG'S CHOCO KRISPIES cereales de desayuno arroz chocolateado paquete 680 g"],"general_information":[],"ingredients":[],"ean":"5053827173285"},{"full_name":"KELLOGG'S CHOCO KRISPIES cereales de desayuno arroz chocolateado paquete 500 g","name":"cereales de desayuno arroz chocolateado paquete 500 g","brand":"KELLOGG'S CHOCO KRISPIES ","img":"https://sgfm.elcorteingles.es/SGFM/dctm/MEDIA03/201606/22/00120633600018____1__600x600.jpg","price":"2,86 €","price_unit":"(5,72 € / Kilo)","categories":["Supermercado","Desayunos Dulces y pan","Desayunos, dulces y pan","Cereales","Cereales infantiles","KELLOGG'S CHOCO KRISPIES cereales de desayuno arroz chocolateado paquete 500 g"],"general_information":["Denominación del alimento: Arroz tostado con cacao.","Nombre del operador: Kellogg España, S.L.","Dirección del operador: KELLOGG ESPAÑA, S.L. Av. de Europa, 19, 2ª planta, 28108, Alcobendas, Madrid (España). Fabricado en la UE. ?, ®, © 2015 Kellogg Company. Todos los derechos reservados.","Lugar de procedencia del alimento: Fabricado en la UE","Cantidad Neta: 500 g"],"ingredients":[" Arroz (62%), azúcar, cacao en polvo desgrasado, pasta de cacao, sal, aroma de malta de cebada, aroma.  Vitaminas y minerales: Carbonato de calcio, niacina, hierro, vitamina B6, riboflavina (B2), tiamina (B1), ácido fólico, vitamina D, vitamina B12.Para alérgenos ver ingredientes destacados en negrita."],"conservation":" Conservar en lugar fresco y seco","ean":"8410188112495"},{"full_name":"KELLOGG'S CHOCO KRISPIES Chocos cereales de desayuno chocolateados paquete 500 g","name":"Chocos cereales de desayuno chocolateados paquete 500 g","brand":"KELLOGG'S CHOCO KRISPIES ","img":"https://sgfm.elcorteingles.es/SGFM/dctm/MEDIA03/201604/18/00120633600067____3__600x600.jpg","price":"2,99 €","price_unit":"(5,98 € / Kilo)","categories":["Supermercado","Desayunos Dulces y pan","Desayunos, dulces y pan","Cereales","Cereales infantiles","KELLOGG'S CHOCO KRISPIES Chocos cereales de desayuno chocolateados paquete 500 g"],"general_information":["Denominación del alimento: Trigo tostado con sabor a chocolate.","Nombre del operador: Kellogg España, S.L.","Dirección del operador: KELLOGG ESPAÑA, S.L. Av. de Europa, 19, 2ª planta, 28108, Alcobendas, Madrid (España). Fabricado en la UE. ?, ®, © 2015 Kellogg Company. Todos los derechos reservados.","Lugar de procedencia del alimento: Fabricado en la UE","Cantidad Neta: 500 g"],"ingredients":[" Harina de trigo (66%), chocolate en polvo (28%)(azúcar, cacao en polvo), azúcar, jarabe de glucosa, sal, canela, aroma.Vitaminas y minerales: Carbonato de calcio, niacina, hierro, vitamina B6, riboflavina (B2), tiamina (B1), ácido fólico, vitamina D, vitamina B12.Para alérgenos ver ingredientes destacados en negrita."],"conservation":" Conservar en lugar seco","ean":"4003994153857"},{"full_name":"KELLOGG'S FROSTIES cereales de desayuno paquete 500 g","name":"cereales de desayuno paquete 500 g","brand":"KELLOGG'S FROSTIES ","img":"https://sgfm.elcorteingles.es/SGFM/dctm/MEDIA03/201604/18/00120633900038____1__600x600.jpg","price":"3,05 €","price_unit":"(6,10 € / Kilo)","categories":["Supermercado","Desayunos Dulces y pan","Desayunos, dulces y pan","Cereales","Cereales infantiles","KELLOGG'S FROSTIES cereales de desayuno paquete 500 g"],"general_information":["Denominación del alimento: Copos de maíz tostados y azucarados.","Nombre del operador: Kellogg España, S.L.","Dirección del operador: KELLOGG ESPAÑA, S.L. Av. de Europa, 19, 2ª planta, 28108, Alcobendas, Madrid (España). Fabricado en la UE. ?, ®, © 2015 Kellogg Company. Todos los derechos reservados.","Lugar de procedencia del alimento: Fabricado en la UE","Cantidad Neta: 500 g"],"ingredients":[" Maíz (62%), azúcar, aroma de malta de cebada, sal.Vitaminas y minerales: Carbonato de calcio, niacina, hierro, vitamina B6, riboflavina (B2), tiamina (B1), ácido fólico, vitamina D, vitamina B12.Para alérgenos ver ingredientes destacados en negrita.Puede contener trazas de cacahuete."],"conservation":" Conservar en lugar seco","ean":"8410188152309"},{"full_name":"KELLOGG'S SMACKS cereales de desayuno paquete 500 g","name":"cereales de desayuno paquete 500 g","brand":"KELLOGG'S SMACKS ","img":"https://sgfm.elcorteingles.es/SGFM/dctm/MEDIA03/201604/11/00120633900020____1__600x600.jpg","price":"3,08 €","price_unit":"(6,16 € / Kilo)","categories":["Supermercado","Desayunos Dulces y pan","Desayunos, dulces y pan","Cereales","Cereales infantiles","KELLOGG'S SMACKS cereales de desayuno paquete 500 g"],"general_information":["Denominación del alimento: Trigo inflado con azúcar, jarabe de glucosa y miel.","Nombre del operador: Kellogg España, S.L.","Dirección del operador: KELLOGG ESPAÑA, S.L. Av. de Europa, 19, 2ª planta, 28108, Alcobendas, Madrid (España). Fabricado en la UE. ?, ®, © 2015 Kellogg Company. Todos los derechos reservados.","Lugar de procedencia del alimento: Fabricado en la UE","Cantidad Neta: 500 g"],"ingredients":[" Trigo (55%), azúcar, jarabe de glucosa, miel (1%), aceite de palma.Vitaminas y minerales:Carbonato de calcio, niacina, hierro, vitamina B6, riboflavina (B2), tiamina (B1), ácido fólico, vitamina D, vitamina B12. Para alérgenos ver ingredientes destacados en negrita."],"conservation":" Conservar en lugar seco","ean":"8410188122098"},{"full_name":"KELLOGG'S MIEL POPS cereales de desayuno paquete 375 g","name":"cereales de desayuno paquete 375 g","brand":"KELLOGG'S MIEL POPS ","img":"https://sgfm.elcorteingles.es/SGFM/dctm/MEDIA03/201709/07/00120633900053____8__600x600.jpg","price":"1,99 €","price_unit":"(5,31 € / Kilo)","categories":["Supermercado","Desayunos Dulces y pan","Desayunos, dulces y pan","Cereales","Cereales infantiles","KELLOGG'S MIEL POPS cereales de desayuno paquete 375 g"],"general_information":[],"ingredients":[],"ean":"5053827164641"},{"full_name":"KELLOGG'S RICE KRISPIES cereales de desayuno paquete 375 g","name":"cereales de desayuno paquete 375 g","brand":"KELLOGG'S RICE KRISPIES ","img":"https://sgfm.elcorteingles.es/SGFM/dctm/MEDIA03/201606/22/00120633900046____1__600x600.jpg","price":"2,74 €","price_unit":"(7,31 € / Kilo)","categories":["Supermercado","Desayunos Dulces y pan","Desayunos, dulces y pan","Cereales","Cereales infantiles","KELLOGG'S RICE KRISPIES cereales de desayuno paquete 375 g"],"general_information":["Denominación del alimento: Arroz tostado.","Nombre del operador: Kellogg España, S.L.","Dirección del operador: KELLOGG ESPAÑA, S.L. Av. de Europa, 19, 2ª planta, 28108, Alcobendas, Madrid (España). Fabricado en la UE. ?, ®, © 2015 Kellogg Company. Todos los derechos reservados.","Lugar de procedencia del alimento: Fabricado en la UE","Cantidad Neta: 375 g"],"ingredients":[" Arroz (99%), azúcar, sal, aroma de malta de cebada.Vitaminas y minerales: Niacina, hierro, vitamina B6, riboflavina (B2), tiamina (B1), ácido fólico, vitamina D, vitamina B12.Para alérgenos ver ingredientes destacados en negrita."],"conservation":" Conservar en lugar seco","ean":"8410188051305"},{"full_name":"KELLOGG'S VARIETY 8 paquetes individuales de cereales variados paquete 200 g","name":"8 paquetes individuales de cereales variados paquete 200 g","brand":"KELLOGG'S VARIETY ","img":"https://sgfm.elcorteingles.es/SGFM/dctm/MEDIA03/201709/07/00120633600984____2__600x600.jpg","price":"3,99 €","price_unit":"(19,95 € / Kilo)","categories":["Supermercado","Desayunos Dulces y pan","Desayunos, dulces y pan","Cereales","Cereales infantiles","KELLOGG'S VARIETY 8 paquetes individuales de cereales variados paquete 200 g"],"general_information":[],"ingredients":[],"ean":"5000127535756"},{"full_name":"KELLOGG'S DISNEY cereales integrales con sabor a miel paquete 350 g","name":"cereales integrales con sabor a miel paquete 350 g","brand":"KELLOGG'S DISNEY ","img":"https://sgfm.elcorteingles.es/SGFM/dctm/MEDIA03/201611/15/00120633900186____3__600x600.jpg","price":"2,99 €","price_unit":"(8,54 € / Kilo)","categories":["Supermercado","Desayunos Dulces y pan","Desayunos, dulces y pan","Cereales","Cereales infantiles","KELLOGG'S DISNEY cereales integrales con sabor a miel paquete 350 g"],"general_information":[],"ingredients":[],"ean":"5053827168502"},{"full_name":"KELLOGG'S DISNEY Princesas cereales de desayuno paquete 350 g","name":"Princesas cereales de desayuno paquete 350 g","brand":"KELLOGG'S DISNEY ","img":"https://sgfm.elcorteingles.es/SGFM/dctm/MEDIA03/201706/07/00120633900228____1__600x600.jpg","price":"3,40 €            ","price_unit":"(9,17 € / Kilo)","categories":["Supermercado","Desayunos Dulces y pan","Desayunos, dulces y pan","Cereales","Cereales infantiles","KELLOGG'S DISNEY Princesas cereales de desayuno paquete 350 g"],"general_information":[],"ingredients":[],"ean":"5053827180191"},{"full_name":"KELLOGG'S KRAVE cereales de desayuno rellenos de crema de cacao y avellanas estuche 600 g","name":"cereales de desayuno rellenos de crema de cacao y avellanas estuche 600 g","brand":"KELLOGG'S KRAVE ","img":"https://sgfm.elcorteingles.es/SGFM/dctm/MEDIA03/201704/27/00120633600802____2__600x600.jpg","price":"3,59 €","price_unit":"(5,52 € / Kilo)","categories":["Supermercado","Desayunos Dulces y pan","Desayunos, dulces y pan","Cereales","Cereales infantiles","KELLOGG'S KRAVE cereales de desayuno rellenos de crema de cacao y avellanas estuche 600 g"],"general_information":[],"ingredients":[],"ean":"5053827176057"},{"full_name":"KELLOGG'S KRAVE cereales de desayuno rellenos de chocolate blanco paquete 375 g","name":"cereales de desayuno rellenos de chocolate blanco paquete 375 g","brand":"KELLOGG'S KRAVE ","img":"https://sgfm.elcorteingles.es/SGFM/dctm/MEDIA03/201704/27/00120633600901____2__600x600.jpg","price":"2,70 €","price_unit":"(6,75 € / Kilo)","categories":["Supermercado","Desayunos Dulces y pan","Desayunos, dulces y pan","Cereales","Cereales infantiles","KELLOGG'S KRAVE cereales de desayuno rellenos de chocolate blanco paquete 375 g"],"general_information":[],"ingredients":[],"ean":"5053827107723"},{"full_name":"KELLOGG'S KRAVE Choco Roulette cereales rellenos de chocolate blanco,con avellanas y con leche estuche 375 g","name":"Choco Roulette cereales rellenos de chocolate blanco,con avellanas y con leche estuche 375 g","brand":"KELLOGG'S KRAVE ","img":"https://sgfm.elcorteingles.es/SGFM/dctm/MEDIA03/201709/07/00120633601032____7__600x600.jpg","price":"2,99 €","price_unit":"(7,97 € / Kilo)","categories":["Supermercado","Desayunos Dulces y pan","Desayunos, dulces y pan","Cereales","Cereales infantiles","KELLOGG'S KRAVE Choco Roulette cereales rellenos de chocolate blanco,con avellanas y con leche estuche 375 g"],"general_information":[],"ingredients":[],"ean":"5053827154987"},{"full_name":"KELLOGG'S Unicorn Froot Loops cereales de desayuno paquete 375 g","name":"Unicorn Froot Loops cereales de desayuno paquete 375 g","brand":"KELLOGG'S ","img":"https://sgfm.elcorteingles.es/SGFM/dctm/MEDIA03/201710/25/00120633900236____1__600x600.jpg","price":"2,99 €","price_unit":"(7,97 € / Kilo)","categories":["Supermercado","Desayunos Dulces y pan","Desayunos, dulces y pan","Cereales","Cereales infantiles","KELLOGG'S Unicorn Froot Loops cereales de desayuno paquete 375 g"],"general_information":[],"ingredients":[],"ean":"5053827110679"},{"full_name":"NESTLE CHOCAPIC Original cereales integrales paquete 375 g","name":"Original cereales integrales paquete 375 g","brand":"NESTLE CHOCAPIC ","img":"https://sgfm.elcorteingles.es/SGFM/dctm/MEDIA03/201704/05/00120633600893____1__600x600.jpg","price":"2,45 €","price_unit":"(6,53 € / Kilo)","categories":["Supermercado","Desayunos Dulces y pan","Desayunos, dulces y pan","Cereales","Cereales infantiles","NESTLE CHOCAPIC Original cereales integrales paquete 375 g"],"general_information":["Denominación del alimento: Cereales de trigo y maíz tostados con chocolate","Nombre del operador: Nestlé España, S.A.","Dirección del operador: NESTLÉ ESPAÑA, S.A. Edificio Nestlé, 08950 Esplugues de Llobregat (Barcelona). Por cuenta de: CEREAL PARTNERS ESPAÑA, A.E.I.E.","Cantidad Neta: 375 g"],"ingredients":[" Cereales (61,9%) (harina integral de trigo (31,8%), harina de trigo, sémola de maíz), chocolate en  polvo (22,2%) (azúcar, cacao), azúcar, jarabe de glucosa, extracto de malta de cebada, grasa de palma, emulgente  (lecitina de girasol), sal, aromas (vainilla, canela), vitaminas (D, tiamina,  riboflavina, niacina, B6, ácido fólico, ácido pantoténico), carbonato cálcico,  hierro.    Puede contener trazas de leche, cacahuete y frutos secos."],"conservation":" Conservar en lugar  fresco y seco","ean":"8410100026312"},{"full_name":"NESTLE CHOCAPIC Original cereales integrales paquete 750 g","name":"Original cereales integrales paquete 750 g","brand":"NESTLE CHOCAPIC ","img":"https://sgfm.elcorteingles.es/SGFM/dctm/MEDIA03/201704/05/00120633600950____2__600x600.jpg","price":"3,99 €","price_unit":"(5,32 € / Kilo)","categories":["Supermercado","Desayunos Dulces y pan","Desayunos, dulces y pan","Cereales","Cereales infantiles","NESTLE CHOCAPIC Original cereales integrales paquete 750 g"],"general_information":["Denominación del alimento: Cereales de trigo y maíz tostados con chocolate","Nombre del operador: Nestlé España, S.A.","Dirección del operador: NESTLÉ ESPAÑA, S.A. Edificio Nestlé, 08950 Esplugues de Llobregat (Barcelona). Por cuenta de: CEREAL PARTNERS ESPAÑA, A.E.I.E.","Cantidad Neta: 750 g"],"ingredients":[" Cereales (61,9%) (harina  integral de trigo (31,8%), harina de  trigo, sémola de maíz), chocolate en  polvo (22,2%) (azúcar, cacao), azúcar, jarabe de glucosa, extracto de malta de cebada, grasa de palma, emulgente  (lecitina de girasol), sal, aromas (vainilla, canela), vitaminas (D, tiamina,  riboflavina, niacina, B6, ácido fólico, ácido pantoténico), carbonato cálcico,  hierro.         Puede contener trazas de leche, cacahuete y frutos secos."],"conservation":" Conservar en lugar fresco y seco. Mantener la bolsa cerrada después de cada utilización.","ean":"7613031421459"},{"full_name":"NESTLE CHOCAPIC Granola cereales de avena integrales con chocolate estuche 320 g","name":"Granola cereales de avena integrales con chocolate estuche 320 g","brand":"NESTLE CHOCAPIC ","img":"https://sgfm.elcorteingles.es/SGFM/dctm/MEDIA03/201702/01/00120606300869____1__600x600.jpg","price":"3,10 €","price_unit":"(9,69 € / Kilo)","categories":["Supermercado","Desayunos Dulces y pan","Desayunos, dulces y pan","Cereales","Cereales infantiles","NESTLE CHOCAPIC Granola cereales de avena integrales con chocolate estuche 320 g"],"general_information":["Denominación del alimento: Copos de avena integral y trigo con chocolate","País de origen: Bélgica","Nombre del operador: Nestlé España, S.A.","Dirección del operador: NESTLÉ ESPAÑA, S.A. Edificio Nestlé, 08950 Esplugues de Llobregat (Barcelona). Por cuenta de: CEREAL PARTNERS ESPAÑA, A.E.I.E","Cantidad Neta: 320 g"],"ingredients":[" Ingredientes: Copos de avena integral (45,9%), chocolate en polvo (16,6 %) (azúcar, cacao en polvo), cereales (11,2%) [trigo integral (7,8%), trigo (3,4%)], arroz tostado (harina de arroz, harina de trigo (3%), azúcar, trigo malteado, emulgente lecitina de girasol), aceite de girasol, extracto de malta de cebada, azúcar, jarabe de azúcar invertido, carbonato cálcico, jarabe de glucosa, leche desnatada en polvo, grasa de palma, sal, melazas, aromas, emulgente (lecitina de girasol), canela, antioxidante (extracto rico en tocoferoles). Puede contener soja y frutos secos."],"conservation":" Conservar en lugar fresco y seco","ean":"7613035830608"},{"full_name":"NESTLE CHEERIOS cereales de desayuno con 5 cereales integrales y miel paquete 375 g","name":"cereales de desayuno con 5 cereales integrales y miel paquete 375 g","brand":"NESTLE CHEERIOS ","img":"https://sgfm.elcorteingles.es/SGFM/dctm/MEDIA03/201608/04/00120633900079____1__600x600.jpg","price":"2,50 €","price_unit":"(6,67 € / Kilo)","categories":["Supermercado","Desayunos Dulces y pan","Desayunos, dulces y pan","Cereales","Cereales infantiles","NESTLE CHEERIOS cereales de desayuno con 5 cereales integrales y miel paquete 375 g"],"general_information":["Denominación del alimento: Anillos de cereales con avena integral tostados con miel","Nombre del operador: Nestlé España, S.A.","Dirección del operador: Av. Països Catalans 25-51, 08950 Esplugues de Llobregat (Barcelona)","Cantidad Neta: 375 g","Otras menciones obligatorias en la etiqueta: Cada 100g de este producto contiente 74,2g de cereales integrales."],"ingredients":[" Cereales integrales 74,2% (harina de avena integral 23,8%, trigo integral 23,8%, harina integral de cebada 16,4%, harina integral de arroz 6,9%, harina integral de maíz 3,3%), azúcar, almidón de trigo, miel (3,9%), jarabe de azúcar moreno parcialmente invertido, sal, corrector de acidez (fosfato tripotásico), aroma, colorantes (annato, beta-caroteno), antioxidante (extracto rico en tocoferoles). Vitaminas y minerales: Vitamina D, vitamina C, riboflavina, niacina, vitamina B6, ácido fólico, ácido pantoténico, carbonato cálcico, hierro. Puede contener leche, cacahuete y frutos secos. Humedad máxima 5%."],"conservation":" Conservar en lugar fresco y seco. Mantener la bolsa cerrada después de cada utilización.","ean":"3033710066513"},{"full_name":"NESTLE CRUNCH cereales de desayuno con chocolate paquete 375 g","name":"cereales de desayuno con chocolate paquete 375 g","brand":"NESTLE CRUNCH ","img":"https://sgfm.elcorteingles.es/SGFM/dctm/MEDIA03/201608/04/00120633600240____1__600x600.jpg","price":"2,54 €","price_unit":"(6,77 € / Kilo)","categories":["Supermercado","Desayunos Dulces y pan","Desayunos, dulces y pan","Cereales","Cereales infantiles","NESTLE CRUNCH cereales de desayuno con chocolate paquete 375 g"],"general_information":["Denominación del alimento: Cereales de trigo, arroz y maíz tostados con chocolate (12,6%).","País de origen: Francia","Nombre del operador: Nestlé España, S.A.","Dirección del operador: Nestlé España S.A. Edificio Nestlé, 08950 Esplugues de Llobregat (Barcelona)","Cantidad Neta: 375 g"],"ingredients":[" Cereales (62,8%) [trigo integral (31,5%), harina de arroz (22,8%), sémola de maíz (8,5%)], azúcar, chocolate (12,6%) (cacao desgrasado en polvo, azúcar, cacao), jarabe de glucosa, aceite de girasol, jarabe de azúcar moreno parcialmente invertido, vitaminas y minerales (vitamina D, tiamina, riboflavina, niacina, vitamina B6, ácido fólico, ácido pantoténico, carbonato cálcico, hierro), emulgente (lecitina de girasol), aroma natural. Puede contener leche, cacahuete y frutos secos."],"conservation":" Conservar en lugar fresco y seco.","ean":"3387390324082"},{"full_name":"NESTLE NESQUIK cereales con sabor a chocolate sin gluten paquete 310 g","name":"cereales con sabor a chocolate sin gluten paquete 310 g","brand":"NESTLE NESQUIK ","img":"https://sgfm.elcorteingles.es/SGFM/dctm/MEDIA03/201711/06/00120633600992____3__600x600.jpg","price":"2,72 €","price_unit":"(8,77 € / Kilo)","categories":["Supermercado","Desayunos Dulces y pan","Desayunos, dulces y pan","Cereales","Cereales infantiles","NESTLE NESQUIK cereales con sabor a chocolate sin gluten paquete 310 g"],"general_information":["Denominación del alimento: Cereales de arroz tostado al chocolate","Nombre del operador: Nestlé España, S.A.","Dirección del operador: NESTLÉ ESPAÑA, S.A. Edificio Nestlé, 08950 Esplugues de Llobregat (Barcelona). Por cuenta de: CEREAL PARTNERS ESPAÑA, A.E.I.E.","Cantidad Neta: 310 g"],"ingredients":[" Ingredientes: Harina de arroz (68,9%), chocolate en polvo (18,4%) (azúcar, cacao), azúcar, oligofructosa, sal, jarabe de azúcar moreno parcialmente invertido, aceite de girasol, aroma  de vainillina. VITAMINAS Y MINERALES: vitamina D, vitamina C, riboflavina, niacina, vitamina B6, ácido fólico, ácido pantoténico, carbonato cálcico, hierro. Humedad máxima: 5%"],"ean":"7613035283664"},{"full_name":"NESTLE NESQUIK cereales de desayuno integrales chocolateados paquete 375 g","name":"cereales de desayuno integrales chocolateados paquete 375 g","brand":"NESTLE NESQUIK ","img":"https://sgfm.elcorteingles.es/SGFM/dctm/MEDIA03/201608/04/00120633600232____1__600x600.jpg","price":"2,62 €","price_unit":"(6,99 € / Kilo)","categories":["Supermercado","Desayunos Dulces y pan","Desayunos, dulces y pan","Cereales","Cereales infantiles","NESTLE NESQUIK cereales de desayuno integrales chocolateados paquete 375 g"],"general_information":["Denominación del alimento: Cereales de trigo,maíz y arroz tostados al chocolate","Nombre del operador: Nestlé España, S.A.","Dirección del operador: NESTLÉ ESPAÑA, S.A. Edificio Nestlé, 08950 Esplugues de Llobregat (Barcelona). Por cuenta de: CEREAL PARTNERS ESPAÑA, A.E.I.E.","Cantidad Neta: 375 g"],"ingredients":[" Cereales 64,8% (harina integral de trigo 44,5%, sémola de maíz, harina de  arroz), azúcar, jarabe de glucosa, cacao (6,1%), grasa de palma, cacao  desgrasado (0,5%), sal, dextrosa, aromas (vainillina, canela), corrector de  acidez (fosfato trisódico), vitaminas (D, tiamina, riboflavina, niacina, B6,  ácido fólico, ácido pantoténico), carbonato cálcico, hierro.         Puede contener leche, cacahuete y frutos secos."],"conservation":" Conservar en lugar fresco y seco. Mantener la bolsa cerrada después de cada utilización.","ean":"3387390335859"},{"full_name":"NESTLE Estrellitas cereales de desayuno sabor galleta María paquete 270 g","name":"Estrellitas cereales de desayuno sabor galleta María paquete 270 g","brand":"NESTLE ","img":"https://sgfm.elcorteingles.es/SGFM/dctm/MEDIA02/CONTENIDOS/201410/09/00120633900137____1__600x600.jpg","price":"1,89 €","price_unit":"(7 € / Kilo)","categories":["Supermercado","Desayunos Dulces y pan","Desayunos, dulces y pan","Cereales","Cereales infantiles","NESTLE Estrellitas cereales de desayuno sabor galleta María paquete 270 g"],"general_information":["Denominación del alimento: Cereales de maíz y trigo tostados sabor galleta maría","Nombre del operador: Nestlé España, S.A.","Dirección del operador: Avinguda Països Catalans, 51 - 08950 Esplugues de Llobregat (Barcelona)","Cantidad Neta: 270 g"],"ingredients":[" Cereales 70,8% (harina integral de trigo 35,4%, sémola de maíz), azúcar, grasa de palma, jarabe de glucosa, extracto de malta de cebada, cacao en polvo 0,7%, sal, aroma, antioxidante (extracto rico en tocoferoles), colorante (carotenos).Vitaminas y minerales: Vitamina D, tiamina, riboflavina, niacina, vitamina B6, ácido fólico, ácido pantoténico, carbonato cálcico, hierro. Humedad máxima 5%."],"conservation":" Conservar en lugar fresco y seco. Mantener la bolsa cerrada después de cada utilización.","ean":"7613034423962"},{"full_name":"ALIADA barritas de copos de maíz tostados y  azucarados paquete 150 g","name":"barritas de copos de maíz tostados y  azucarados paquete 150 g","brand":"ALIADA ","img":"https://sgfm.elcorteingles.es/SGFM/dctm/MEDIA02/CONTENIDOS/201506/26/00120607700943____1__600x600.jpg","price":"1,45 €","price_unit":"(9,67 € / Kilo)","categories":["Supermercado","Desayunos Dulces y pan","Desayunos, dulces y pan","Cereales","Barras de cereales","ALIADA barritas de copos de maíz tostados y  azucarados paquete 150 g"],"general_information":["Denominación del alimento: Barritas de copos de maíz tostados sobre una base de chocolate blanco enriquecidas con vitaminas (niacina, E, ácido pantoténico, B6, B2, B1, ácido fólico, B12) y hierro","Nombre del operador: Elaborado para \nEl Corte Inglés \npor H. & J. Brüggen KG \nGertrudenstraße 15 \n23568 Lübeck \nAlemania","Cantidad Neta: 150 g","Número de raciones por envase: 6"],"ingredients":[" Ingredientes: Copos de maíz tostados (52%) (maíz, azúcar, sal, extracto de malta de cebada), jarabe de glucosa fructosa, chocolate blanco (15%) (azúcar, manteca de cacao, leche desnatada en polvo, mantequilla concentrada, emulgente: lecitinas de soja, aroma natural), leche condensada azucarada (5%) (leche, azúcar), oligofructosa, aceite de girasol, leche desnatada en polvo, humectante: glicerol, emulgente: lecitinas de girasol, estabilizante: carbonato de calcio, vitaminas (niacina, vitamina E, ácido pantoténico, vitamina B6, vitamina B2, vitamina B1, ácido fólico, vitamina B12), difosfato férrico, aroma natural. Puede contener trazas de frutos de cáscara, cacahuetes y granos de sésamo."],"conservation":" Conservar en lugar fresco y seco","ean":"8433329070331"},{"full_name":"EL CORTE INGLES barritas de muesli con chocolate paquete 200 g","name":"barritas de muesli con chocolate paquete 200 g","brand":"EL CORTE INGLES ","img":"https://sgfm.elcorteingles.es/SGFM/dctm/MEDIA03/201705/09/00120607700901____2__600x600.jpg","price":"1,44 €","price_unit":"(7,20 € / Kilo)","categories":["Supermercado","Desayunos Dulces y pan","Desayunos, dulces y pan","Cereales","Barras de cereales","EL CORTE INGLES barritas de muesli con chocolate paquete 200 g"],"general_information":["Denominación del alimento: Barritas de cereales [cereales de trigo y arroz extrusionados y tostados, copos laminados de avena integral, copos tostados de maíz, copos laminados de trigo integral] con trozos de cacahuetes tostados y almendras, sobre una base de chocolate con leche.","Nombre del operador: Elaborado para \nEl Corte Inglés \npor H. & J. Brüggen KG \nGertrudenstraße 15 \n23568 Lübeck \nAlemania","Cantidad Neta: 200 g","Número de raciones por envase: 8.0"],"ingredients":[" Ingredientes: Jarabe de glucosa fructosa, cereales de trigo y arroz extrusionados y tostados (22%) (harina de trigo, harina de arroz, harina de malta de trigo, harina de malta de cebada, sal), chocolate con leche (14%) (azúcar, manteca de cacao, leche entera en polvo, pasta de cacao, emulgente: lecitinas de girasol), copos laminados de avena integral (12%), cacahuetes picados y tostados (7%), copos tostados de maíz (4%) (maíz, sal, extracto de malta de cebada), aceite de girasol, copos laminados de trigo integral (2%), almendras picadas (1%), maltodextrinas, emulgente: lecitinas de girasol y sal. Puede contener trazas de otros frutos de cáscara, productos de soja y granos de sésamo."],"conservation":" Conservar en lugar fresco y seco","ean":"8433329070294"},{"full_name":"EL CORTE INGLES barritas de cereales con cacao sobre chocolate blanco paquete 150 dosis","name":"barritas de cereales con cacao sobre chocolate blanco paquete 150 dosis","brand":"EL CORTE INGLES ","img":"https://sgfm.elcorteingles.es/SGFM/dctm/MEDIA03/201606/03/00120607700950____2__600x600.jpg","price":"1,49 €","price_unit":"(9,93 € / Kilo)","categories":["Supermercado","Desayunos Dulces y pan","Desayunos, dulces y pan","Cereales","Barras de cereales","EL CORTE INGLES barritas de cereales con cacao sobre chocolate blanco paquete 150 dosis"],"general_information":["Denominación del alimento: Barritas de cereales de maíz al cacao, extrusionados y tostados, sobre una base de chocolate blanco, enriquecidas con vitaminas (niacina, E, ácido pantoténico, B6, B2, B1, ácido fólico, B12) y hierro.","Nombre del operador: Elaborado para \nGrupo el Corte Inglés \nHermosilla, 112 28009 Madrid ? España  \npor NIF: DE 135074535","Cantidad Neta: 150 g","Número de raciones por envase: 6"],"ingredients":[" Ingredientes: Cereales de maíz al cacao, extrusionados y tostados (45%) (sémola de maíz, cacao desgrasado en polvo, sal), jarabe de glucosa fructosa, chocolate blanco (13%) (azúcar, manteca de cacao, leche desnatada en polvo, mantequilla concentrada, emulgente: lecitina de soja, aroma natural), leche condensada azucarada (7%) (leche, azúcar), oligofructosa, aceite de girasol, pasta de cacao (1%),  leche desnatada en polvo, humectante: glicerol, emulgente: lecitina de girasol, estabilizante: carbonato de calcio, vitaminas (niacina, vitamina E, ácido pantoténico, vitamina B6, vitamina B2, vitamina B1, ácido fólico, vitamina B12) y difosfato férrico. Puede contener trazas de gluten, cacahuetes, frutos de cáscara y granos de sésamo."],"conservation":" Conservar en lugar fresco y seco","ean":"8433329008600"},{"full_name":"EL CORTE INGLES barritas de arroz y trigo integral con frutas rojas 6 barritas paquete 126 g","name":"barritas de arroz y trigo integral con frutas rojas 6 barritas paquete 126 g","brand":"EL CORTE INGLES ","img":"https://sgfm.elcorteingles.es/SGFM/dctm/MEDIA03/201603/11/00120607700927____3__600x600.jpg","price":"1,45 €","price_unit":"(11,51 € / Kilo)","categories":["Supermercado","Desayunos Dulces y pan","Desayunos, dulces y pan","Cereales","Barras de cereales","EL CORTE INGLES barritas de arroz y trigo integral con frutas rojas 6 barritas paquete 126 g"],"general_information":["Denominación del alimento: Barritas de copos tostados de arroz y trigo integral, con frutas rojas deshidratadas y liofilizadas, sobre una base de chocolate negro.","Nombre del operador: Elaborado para \nEl Corte Inglés \npor H. & J. Brüggen KG \nGertrudenstraße 15 \n23568 Lübeck \nAlemania","Cantidad Neta: 126 g","Número de raciones por envase: 6.0"],"ingredients":[" Ingredientes: Copos tostados de arroz y trigo integral (42%) (arroz, trigo integral, azúcar, gluten de trigo, extracto de malta de cebada, harina de trigo, leche desnatada en polvo, sal, germen de trigo), jarabe de glucosa, chocolate negro (14 %) (pasta de cacao, azúcar, manteca de cacao, emulgente: lecitinas de girasol), jarabe de azúcar invertido, trozos de arándanos rojos desecados y azucarados (7 %) (azúcar, arándanos, aceite de girasol), azúcar, aceite de girasol, maltodextrinas, trozos de frutas liofilizadas (0,5 %) (trozos de cereza, trozos de frambuesa, trozos de fresa), miel, acidulante: ácido cítrico, emulgente: lecitinas de girasol y aroma natural. Puede contener trazas de frutos de cáscara, cacahuetes, productos de soja y granos de sésamo."],"conservation":" Conservar en lugar fresco y seco","ean":"8433329070317"},{"full_name":"EL CORTE INGLES barritas de arroz y trigo integral con chocolate negro 6 barritas paquete 126 g","name":"barritas de arroz y trigo integral con chocolate negro 6 barritas paquete 126 g","brand":"EL CORTE INGLES ","img":"https://sgfm.elcorteingles.es/SGFM/dctm/MEDIA03/201603/11/00120607700935____2__600x600.jpg","price":"1,29 €","price_unit":"(10,24 € / Kilo)","categories":["Supermercado","Desayunos Dulces y pan","Desayunos, dulces y pan","Cereales","Barras de cereales","EL CORTE INGLES barritas de arroz y trigo integral con chocolate negro 6 barritas paquete 126 g"],"general_information":["Denominación del alimento: Barritas de copos tostados de arroz y trigo integral, con pepitas de chocolate negro, sobre una base de chocolate negro.","Nombre del operador: Elaborado para \nEl Corte Inglés \npor H. & J. Brüggen KG \nGertrudenstraße 15 \n23568 Lübeck \nAlemania","Cantidad Neta: 126 g","Número de raciones por envase: 6.0"],"ingredients":[" Ingredientes: Copos tostados de arroz y trigo integral (50%) (arroz, trigo integral, azúcar, gluten de trigo, extracto de malta de cebada, harina de trigo, leche desnatada en polvo, sal, germen de trigo), jarabe de glucosa, chocolate negro (14%) (pasta de cacao, azúcar, manteca de cacao, emulgente: lecitinas de girasol), pepitas de chocolate negro (7%) (pasta de cacao, azúcar, cacao desgrasado en polvo, manteca de cacao, emulgente: lecitinas de girasol), humectante: jarabe de sorbitol, aceite de girasol, preparado en polvo a base de cacao (azúcar, cacao desgrasado en polvo, dextrosa, sal, aroma natural), aroma natural, emulgente: lecitinas de girasol y sal. Puede contener trazas de frutos de cáscara, cacahuetes, productos de soja y granos de sésamo."],"conservation":" Conservar en lugar fresco y seco","ean":"8433329070324"},{"full_name":"EL CORTE INGLES barritas de muesli con avellanas estuche 200 g","name":"barritas de muesli con avellanas estuche 200 g","brand":"EL CORTE INGLES ","img":"https://sgfm.elcorteingles.es/SGFM/dctm/MEDIA03/201603/11/00120607700919____3__600x600.jpg","price":"1,29 €","price_unit":"(6,45 € / Kilo)","categories":["Supermercado","Desayunos Dulces y pan","Desayunos, dulces y pan","Cereales","Barras de cereales","EL CORTE INGLES barritas de muesli con avellanas estuche 200 g"],"general_information":["Denominación del alimento: Barritas de cereales [copos laminados de avena integral, copos tostados de maíz, copos tostados de arroz, cereales de trigo y arroz extrusionados y tostados] con avellanas.","Nombre del operador: Elaborado para \nEl Corte Inglés \npor H. & J. Brüggen KG \nGertrudenstraße 15 \n23568 Lübeck \nAlemania","Cantidad Neta: 200 g","Número de raciones por envase: 8.0"],"ingredients":[" Ingredientes: Copos laminados de avena integral (32%), jarabe de glucosa-fructosa, copos tostados de maíz (8%) (maíz, sal, extracto de malta de cebada), avellanas tostadas (en mitades y picadas) (8%), copos tostados de arroz (5%) (arroz, azúcar, sal, extracto de malta de cebada),  cereales de trigo y arroz extrusionados y tostados (harina de trigo, harina de arroz, harina de malta de trigo, harina de malta de cebada, sal), aceite de girasol, maltodextrinas, pasta de avellanas (1%), emulgente: lecitinas de girasol, aroma natural y sal. Puede contener trazas de otros frutos de cáscara, cacahuetes, productos de soja, productos lácteos y granos de sésamo."],"conservation":" Conservar en lugar fresco y seco","ean":"8433329070300"},{"full_name":"KELLOGG'S FROSTIES barritas de cereales 6 unidades estuche 150 g","name":"barritas de cereales 6 unidades estuche 150 g","brand":"KELLOGG'S FROSTIES ","img":"https://sgfm.elcorteingles.es/SGFM/dctm/MEDIA03/201712/26/00120607701719____1__600x600.jpg","price":"1,99 €","price_unit":"(13,27 € / Kilo)","categories":["Supermercado","Desayunos Dulces y pan","Desayunos, dulces y pan","Cereales","Barras de cereales","KELLOGG'S FROSTIES barritas de cereales 6 unidades estuche 150 g"],"general_information":[],"ingredients":[],"ean":"5000127770065"},{"full_name":"NESTLE FITNESS Delice barritas de cereales con chocolate blanco estuche 135 g","name":"Delice barritas de cereales con chocolate blanco estuche 135 g","brand":"NESTLE FITNESS ","img":"https://sgfm.elcorteingles.es/SGFM/dctm/MEDIA03/201706/15/00120607701511____7__600x600.jpg","price":"2,29 €            ","price_unit":"(15,70 € / Kilo)","categories":["Supermercado","Desayunos Dulces y pan","Desayunos, dulces y pan","Cereales","Barras de cereales","NESTLE FITNESS Delice barritas de cereales con chocolate blanco estuche 135 g"],"general_information":["Denominación del alimento: Barrita de cereales con chocolate blanco","País de origen: Polonia","Nombre del operador: Nestlé España, S.A.","Dirección del operador: Nestlé España, S.A. Edificio Nestlé. 08950 Esplugues de Llobregat (Barcelona)","Cantidad Neta: 135 g"],"ingredients":[" Cereales (trigo integral 23,9%, arroz 17,5%, harina de trigo integral 3,3%, harina de avena integral 3,3%, harina de maíz integral 2,7%), jarabe de glucosa, chocolate blanco (12%) (azúcar, leche en polvo, manteca de cacao, leche desnatada en polvo, emulgente: lecitina de soja, aroma: de vainilla), azúcar, extracto de malta de cebada, jarabe de azúcar invertido, humectante (glicerina), recubrimiento (leche desnatada en polvo, grasa de palma, maltodextrina, azúcar, carbonato cálcico, emulgente lecitina de girasol, aroma natural de vainilla), vitaminas y minerales (riboflavina, niacina, vitamina B6, ácido fólico, ácido pantoténico, carbonato cálcico, hierro), grasa de palma, extracto de cebada, jarabe de azúcar moreno parcialmente invertido, sal, almidón de maíz, aroma de vainilla, emulgente (lecitina de girasol), corrector de acidez (fosfato trisódico), antioxidante (extracto rico en tocoferoles). Puede contener soja y frutos secos."],"conservation":" Conservar en lugar fresco y seco","ean":"5900020024244"},{"full_name":"KELLOGG'S SPECIAL K barritas de cereales integrales con chocolate con leche belga 6 unidades estuche 120 g","name":"barritas de cereales integrales con chocolate con leche belga 6 unidades estuche 120 g","brand":"KELLOGG'S SPECIAL K ","img":"https://sgfm.elcorteingles.es/SGFM/dctm/MEDIA03/201708/04/00120607700893____13__600x600.jpg","price":"1,99 €","price_unit":"(16,58 € / Kilo)","categories":["Supermercado","Desayunos Dulces y pan","Desayunos, dulces y pan","Cereales","Barras de cereales","KELLOGG'S SPECIAL K barritas de cereales integrales con chocolate con leche belga 6 unidades estuche 120 g"],"general_information":["Denominación del alimento: Barrita de copos de trigo integral y cereales con trocitos y base de chocolate con leche.","Nombre del operador: Kellogg España, S.L.","Dirección del operador: KELLOGG ESPAÑA, S.L. Av. de Europa, 19, 2ª planta, 28108, Alcobendas, Madrid (España). Fabricado en la UE. ?, ®, © 2015 Kellogg Company. Todos los derechos reservados.","Lugar de procedencia del alimento: Fabricado en la UE","Cantidad Neta: 120 g"],"ingredients":[" Copos de trigo integral (trigo integral {32%}, azúcar, sal, aroma de malta de cebada, niacina, hierro, vitamina B6, riboflavina {B2}, tiamina {B1}, ácido fólico, vitamina B12), chocolate con leche (14%)(azúcar, manteca de cacao, leche entera en polvo, pasta de cacao, emulgentes {lecitina de soja, E476}, aroma), cereales crujientes (11%)(harina de trigo integral (6,5%), harina de arroz (2,5%), azúcar, harina de malta de cebada, harina de malta de trigo, sal, aceite de colza, estabilizante {carbonato de calcio}, emulgente {lecitina de soja}), oligofructosa, jarabe de glucosa, fructosa, avena(5.5%), chocolate con leche (2%)(azúcar, pasta de cacao, manteca de cacao, leche entera en polvo, leche desnatada en polvo, emulgente {lecitina de soja}, aroma), humectante (sorbitol, glicerol), aceite de palma, dextrosa, aroma, emulgente (lecitina de soja), antioxidante(E320).Para alérgenos ver ingredientes destacados en negrita."],"conservation":" Conservar en lugar fresco y seco","ean":"5050083430442"},{"full_name":"KELLOGG'S SPECIAL K Biscuits Moments barritas de cereales rellenas de fresa estuche 5 pack de 2 unidades","name":"Biscuits Moments barritas de cereales rellenas de fresa estuche 5 ","brand":"KELLOGG'S SPECIAL K ","img":"https://sgfm.elcorteingles.es/SGFM/dctm/MEDIA03/201708/04/00120607701313____14__600x600.jpg","price":"1,99 €","price_unit":"(15,92 € / Kilo)","categories":["Supermercado","Desayunos Dulces y pan","Desayunos, dulces y pan","Cereales","Barras de cereales","KELLOGG'S SPECIAL K Biscuits Moments barritas de cereales rellenas de fresa estuche 5 pack de 2 unidades"],"general_information":[],"ingredients":[],"ean":"5053827164191"},{"full_name":"KELLOGG'S SPECIAL K Moments barritas de cereales rellenas de chocolate estuche 5 pack de 2 unidades","name":"Moments barritas de cereales rellenas de chocolate estuche 5 ","brand":"KELLOGG'S SPECIAL K ","img":"https://sgfm.elcorteingles.es/SGFM/dctm/MEDIA03/201710/17/00120607701347____18__600x600.jpg","price":"1,99 €","price_unit":"(15,92 € / Kilo)","categories":["Supermercado","Desayunos Dulces y pan","Desayunos, dulces y pan","Cereales","Barras de cereales","KELLOGG'S SPECIAL K Moments barritas de cereales rellenas de chocolate estuche 5 pack de 2 unidades"],"general_information":[],"ingredients":[],"ean":"5053827164238"},{"full_name":"KELLOGG'S SPECIAL K Biscuits Moments barritas de cereales con chocolate de luxe 5 packs x 2 biscuits estuche 125 g","name":"Biscuits Moments barritas de cereales con chocolate de luxe 5 packs x 2 biscuits estuche 125 g","brand":"KELLOGG'S SPECIAL K ","img":"https://sgfm.elcorteingles.es/SGFM/dctm/MEDIA03/201708/04/00120607701586____2__600x600.jpg","price":"2,54 €","price_unit":"(20,32 € / Kilo)","categories":["Supermercado","Desayunos Dulces y pan","Desayunos, dulces y pan","Cereales","Barras de cereales","KELLOGG'S SPECIAL K Biscuits Moments barritas de cereales con chocolate de luxe 5 packs x 2 biscuits estuche 125 g"],"general_information":["Denominación del alimento: Galleta de cacao con relleno sabor a chocolate con cobertura sabor a vainilla.","Nombre del operador: Kellogg España, S.L.","Dirección del operador: KELLOGG ESPAÑA, S.L. Av. de Europa, 19, 2ª planta, 28108, Alcobendas, Madrid (España). Fabricado en la UE. ?, ®, © 2015 Kellogg Company. Todos los derechos reservados.","Lugar de procedencia del alimento: Fabricado en la UE","Cantidad Neta: 125 g"],"ingredients":[" Harina de trigo (40%), relleno con sabor a chocolate (34%) (fructosa, humectante {glicerol}, chocolate {6%} {pasta de cacao, azúcar, manteca de cacao, cacao desgrasado en polvo, emulgente [lecitina de soja]}, dextrosa, jarabe de glucosa, almidón modificado, cacao desgrasado en polvo, estabilizantes {E460, E466}, emulgente {lecitina de soja}, aroma), azúcar, aceites vegetales (girasol, palmiste, palma, coco) en proporciones variables, maltodextrina, cacao desgrasado en polvo (2%), almidón modificado, leche desnatada en polvo, suero de leche en polvo, emulgentes (lecitina de soja, E472e), jarabe de azúcar invertido, gasificantes (E500, E450, E341), carbonato de calcio, sal, aroma natural, aroma.Para alérgenos ver ingredientes destacados en negrita."],"conservation":" Conservar en lugar fresco y seco","ean":"5053827149594"},{"full_name":"KELLOGG'S SPECIAL K barritas de cereales integrales con chocolate negro 6 unidades estuche 129 g","name":"barritas de cereales integrales con chocolate negro 6 unidades estuche 129 g","brand":"KELLOGG'S SPECIAL K ","img":"https://sgfm.elcorteingles.es/SGFM/dctm/MEDIA03/201708/04/00120607700174____13__600x600.jpg","price":"1,99 €","price_unit":"(15,43 € / Kilo)","categories":["Supermercado","Desayunos Dulces y pan","Desayunos, dulces y pan","Cereales","Barras de cereales","KELLOGG'S SPECIAL K barritas de cereales integrales con chocolate negro 6 unidades estuche 129 g"],"general_information":["Denominación del alimento: Barrita de copos de trigo integral y cereales con trocitos y base de chocolate.","Nombre del operador: Kellogg España, S.L.","Dirección del operador: KELLOGG ESPAÑA, S.L. Av. de Europa, 19, 2ª planta, 28108, Alcobendas, Madrid (España). Fabricado en la UE. ?, ®, © 2015 Kellogg Company. Todos los derechos reservados.","Lugar de procedencia del alimento: Fabricado en la UE","Cantidad Neta: 129 g"],"ingredients":[" Copos de trigo integral (trigo integral {32%}, azúcar sal, aroma de malta de cebada, niacina, hierro, vitamina B6, riboflavina {B2}, tiamina {B1}, ácido fólico, vitamina B12), chocolate (13%)(azúcar, pasta de cacao, manteca de cacao, emulgentes {lecitina de soja, E476}, aroma), cereales crujientes (11%)(harina de trigo integral (6,5%), harina de arroz (2,5%), azúcar, harina de malta de cebada, harina de malta de trigo, sal, aceite de colza, estabilizante {carbonato de calcio}, emulgente {lecitina de soja}), jarabe de glucosa, fibra, frutosa, avena (5.5%), azúcar, trocitos de chocolate negro (2%) (azúcar, pasta de cacao, manteca de cacao, emulgente {lecitina de soja}, aroma), humectante (sorbitol, glicerol), aceite de palma, dextrosa, aroma, emulgente (lecitina de soja), leche, antioxidante (E320).Para alérgenos ver ingredientes destacados en negrita."],"conservation":" Conservar en lugar fresco y seco","ean":"5050083172007"},{"full_name":"KELLOGG'S SPECIAL K barritas de cereales integrales con frutas rojas 6 unidades estuche 129 g","name":"barritas de cereales integrales con frutas rojas 6 unidades estuche 129 g","brand":"KELLOGG'S SPECIAL K ","img":"https://sgfm.elcorteingles.es/SGFM/dctm/MEDIA03/201708/04/00120607700166____13__600x600.jpg","price":"1,99 €","price_unit":"(15,43 € / Kilo)","categories":["Supermercado","Desayunos Dulces y pan","Desayunos, dulces y pan","Cereales","Barras de cereales","KELLOGG'S SPECIAL K barritas de cereales integrales con frutas rojas 6 unidades estuche 129 g"],"general_information":["Denominación del alimento: Barrita de copos de trigo integral y cereales, con sabor a fresa, trocitos de arándano rojo y manzana, y con una suave base sabor a vainilla.","Nombre del operador: Kellogg España, S.L.","Dirección del operador: KELLOGG ESPAÑA, S.L. Av. de Europa, 19, 2ª planta, 28108, Alcobendas, Madrid (España). Fabricado en la UE. ?, ®, © 2015 Kellogg Company. Todos los derechos reservados.","Lugar de procedencia del alimento: Fabricado en la UE","Cantidad Neta: 129 g"],"ingredients":[" Copos de trigo integral(trigo integral{30%}, azúcar, sal, aroma de malta de cebada, niacina, hierro, vitamina B6, riboflavina (B2), tiamina (B1), ácido fólico, vitamina B12), jarabe de glucosa, fibra de maíz, azúcar, fructosa, aceites vegetales(palmiste, palma, coco), en proporciones variables, fruta deshidratada (6%)(arándano rojo {arándano rojo, azúcar, aceite de girasol}), trocitos de manzana con sabor a fresa (manzana, aroma, extracto alimentario con propiedades colorantes {concentrado de zanahoria y grosella negra}, acidulante {ácido cítrico}, antiaglomerante {estearato de calcio}, conservador{sulfito de sodio}), harina de trigo integral (6%), avena(5%), harina de arroz(2.5%), humectantes(sorbitol, glicerol), dextrosa, leche desnatada en polvo, suero de leche en polvo, almidón de maíz, carbonato de calcio, zumo concentrado de fresa, aromas, harina de malta de cebada, harina de trigo malteado, acidulante (ácido cítrico) emulgente (lecitina de soja), antioxidante (E320).Para alérgenos ver ingredientes destacados en negrita."],"conservation":" Conservar en lugar fresco y seco","ean":"5050083171840"},{"full_name":"KELLOGG'S ALL-BRAN bizcochitos choco con fibra natural de salvado de trigo 6 unidades paquete 240 g","name":"bizcochitos choco con fibra natural de salvado de trigo 6 unidades paquete 240 g","brand":"KELLOGG'S ALL-BRAN ","img":"https://sgfm.elcorteingles.es/SGFM/dctm/MEDIA03/201709/07/00120607701503____3__600x600.jpg","price":"2,60 €","price_unit":"(10,83 € / Kilo)","categories":["Supermercado","Desayunos Dulces y pan","Desayunos, dulces y pan","Cereales","Barras de cereales","KELLOGG'S ALL-BRAN bizcochitos choco con fibra natural de salvado de trigo 6 unidades paquete 240 g"],"general_information":["Denominación del alimento: Bizcochito de trigo y avena rico en fibra con pepitas de chocolate.","Nombre del operador: Kellogg España, S.L.","Dirección del operador: KELLOGG ESPAÑA, S.L. Av. de Europa, 19, 2ª planta, 28108, Alcobendas, Madrid (España). Fabricado en la UE. ?, ®, © 2015 Kellogg Company. Todos los derechos reservados.","Lugar de procedencia del alimento: Fabricado en la UE","Cantidad Neta: 240 g"],"ingredients":[" Cereales (30%)(salvado de trigo {12%}, harina de trigo  {9%}, copos de avena {9%}), jarabe de glucosa-fructosa, puré de manzana, aceite de girasol, azúcar, pepitas de chocolate (5.5%)(pasta de cacao, azúcar, cacao desgrasado en polvo, emulgente {lecitina de soja}), fibra de avena, jarabe de glucosa, cacao desgrasado en polvo, leche desnatada en polvo, emulgentes (E475, E472e, lecitina de soja), aroma de malta de cebada, aromas (contiene soja, leche), gasificante (E500), almidón modificado, ácido málico, sal, estabilizante (goma guar), antioxidante(E320). Vitaminas y minerales: Niacina, hierro, vitamina B6, riboflavina (B2), tiamina (B1), ácido fólico, vitamina B12.Para alérgenos ver ingredientes destacados en negrita."],"conservation":" Conservar en lugar fresco y seco","ean":"5053827145435"},{"full_name":"KELLOGG'S ALL-BRAN barritas de cereales de chocolate con fibra natural de salvado de trigo estuche 240 g 6 unidades","name":"barritas de cereales de chocolate con fibra natural de salvado de trigo estuche 240 g","brand":"KELLOGG'S ALL-BRAN ","img":"https://sgfm.elcorteingles.es/SGFM/dctm/MEDIA03/201709/11/00120607700505____3__600x600.jpg","price":"2,10 €","price_unit":"(8,75 € / Kilo)","categories":["Supermercado","Desayunos Dulces y pan","Desayunos, dulces y pan","Cereales","Barras de cereales","KELLOGG'S ALL-BRAN barritas de cereales de chocolate con fibra natural de salvado de trigo estuche 240 g 6 unidades"],"general_information":["Denominación del alimento: Barrita de cereales de trigo y fibra de avena enriquecida con salvado y con pedacitos de chocolate.","Nombre del operador: Kellogg España, S.L.","Dirección del operador: KELLOGG ESPAÑA, S.L. Av. de Europa, 19, 2ª planta, 28108, Alcobendas, Madrid (España). Fabricado en la UE. ?, ®, © 2015 Kellogg Company. Todos los derechos reservados.","Lugar de procedencia del alimento: Fabricado en la UE","Cantidad Neta: 240 g"],"ingredients":[" Harina de trigo (34%), cereales  All-Bran de Kellogg's (17%)(salvado de trigo{14%}, azúcar, aroma de malta de cebada, sal), azúcar, aceite de girasol, fibra de avena(6%), oligofructosa, trocitos de chocolate (6%) (azúcar, pasta de cacao, mantenca de cacao, emulgente {lecitina de soja}, leche), cacao desgrasado en polvo, salvado de trigo, aroma, emulgente(lecitina de soja), sal, gasificante (carbonato ácido de amonio)Vitaminas y minerales:niacina, hierro, vitamina B6, riboflavina (B2), tiamina (B1), ácido fólico, vitamina B12, leche.Para alérgenos ver ingredientes destacados en negrita.Puede contener trazas de frutos secos."],"conservation":" Conservar en lugar fresco y seco","ean":"5050083268328"},{"full_name":"KELLOGG'S ALL-BRAN bizcochitos fruta y fibra con fibra natural de salvado de trigo 6 unidades paquete 240 g","name":"bizcochitos fruta y fibra con fibra natural de salvado de trigo 6 unidades paquete 240 g","brand":"KELLOGG'S ALL-BRAN ","img":"https://sgfm.elcorteingles.es/SGFM/dctm/MEDIA03/201709/07/00120607701297____3__600x600.jpg","price":"2,30 €","price_unit":"(9,58 € / Kilo)","categories":["Supermercado","Desayunos Dulces y pan","Desayunos, dulces y pan","Cereales","Barras de cereales","KELLOGG'S ALL-BRAN bizcochitos fruta y fibra con fibra natural de salvado de trigo 6 unidades paquete 240 g"],"general_information":["Denominación del alimento: Bizcochito de trigo y avena rico en fibra con pasas sultanas.","Nombre del operador: Kellogg España, S.L.","Dirección del operador: KELLOGG ESPAÑA, S.L. Av. de Europa, 19, 2ª planta, 28108, Alcobendas, Madrid (España). Fabricado en la UE. ?, ®, © 2015 Kellogg Company. Todos los derechos reservados.","Lugar de procedencia del alimento: Fabricado en la UE","Cantidad Neta: 240 g"],"ingredients":[" Cereales (30%) (salvado de trigo(12%), harina de trigo (9%), copos de avena integral (9%)), jarabe de glucosa-fructosa, puré de manzana (12%), aceite de girasol, jarabe de glucosa, pasas sultanas (5,5%) (humectante: glicerol), azúcar, fibra de avena, fructosa, jarabe de azúcar parcialmente invertido, dextrosa, leche desnatada en polvo, emulgentes (E475, E472e, lecitina de soja), aroma de malta de cebada, gasificante (E500), sal, aromas, almidón modificado, ácido málico, canela, estabilizante (goma guar), antioxidante (ácido ascórbico, E320).Vitaminas y minerales: Niacina, hierro, vitamina B6, riboflavina (B2), tiamina (B1), ácido fólico, vitamina B12.Para alérgenos ver ingredientes destacados en negrita."],"conservation":" Conservar en lugar seco","ean":"5050083356919"},{"full_name":"KELLOGG'S CHOCO KRISPIES barritas de cereales con calcio, vitaminas y hierro 6 unidades estuche 120 g","name":"barritas de cereales con calcio, vitaminas y hierro 6 unidades estuche 120 g","brand":"KELLOGG'S CHOCO KRISPIES ","img":"https://sgfm.elcorteingles.es/SGFM/dctm/MEDIA03/201712/26/00120607700117____2__600x600.jpg","price":"2,05 €            ","price_unit":"(16,58 € / Kilo)","categories":["Supermercado","Desayunos Dulces y pan","Desayunos, dulces y pan","Cereales","Barras de cereales","KELLOGG'S CHOCO KRISPIES barritas de cereales con calcio, vitaminas y hierro 6 unidades estuche 120 g"],"general_information":["Denominación del alimento: Barrita de cereales de arroz tostado con cacao y leche.","Nombre del operador: Kellogg España, S.L.","Dirección del operador: KELLOGG ESPAÑA, S.L. Av. de Europa, 19, 2ª planta, 28108, Alcobendas, Madrid (España). Fabricado en la UE. ?, ®, © 2015 Kellogg Company. Todos los derechos reservados.","Lugar de procedencia del alimento: Fabricado en la UE","Cantidad Neta: 120 g"],"ingredients":[" Cereales Kellogg's Choco Krispies (42%) (arroz, azúcar, cacao en polvo desgrasado, pasta de cacao, sal, aroma de malta de cebada, aroma, carbonato de calcio, niacina, hierro, vitamina B6, riboflavina (B2), tiamina (B1), ácido fólico, vitamina B12, vitamina D), aceites vegetales (palmiste, palma, coco), azúcar, leche desnatada condensada (8%)(leche desnatada, azúcar), jarabe de glucosa, leche desnatada deshidratada(6%), jarabe de azúcar invertido, suero de leche en polvo, almidón, fructosa, humectante (glicerol, sorbitol), carbonato de calcio, cacao desgrasado en polvo, emulgente(lecitina de soja), aroma, antioxidantes (palmitato de ascorbilo, alfa tocoferol).Para alérgenos ver ingredientes destacados en negrita."],"conservation":" Conservar en lugar fresco y seco","ean":"5000127780569"},{"full_name":"KELLOGG'S TRESOR Break cereales rellenos de chocolate y avellanas 5 packs x 2 estuche 130 g","name":"Break cereales rellenos de chocolate y avellanas 5 packs x 2 estuche 130 g","brand":"KELLOGG'S TRESOR ","img":"https://sgfm.elcorteingles.es/SGFM/dctm/MEDIA03/201608/04/00120607701594____1__600x600.jpg","price":"2,44 €","price_unit":"(18,77 € / Kilo)","categories":["Supermercado","Desayunos Dulces y pan","Desayunos, dulces y pan","Cereales","Barras de cereales","KELLOGG'S TRESOR Break cereales rellenos de chocolate y avellanas 5 packs x 2 estuche 130 g"],"general_information":["Denominación del alimento: Barrita de cereales de arroz y maiz con relleno sabor chocolate y avellana.","Nombre del operador: Kellogg España, S.L.","Dirección del operador: KELLOGG ESPAÑA, S.L. Av. de Europa, 19, 2ª planta, 28108, Alcobendas, Madrid (España). Fabricado en la UE. ?, ®, © 2015 Kellogg Company. Todos los derechos reservados.","Lugar de procedencia del alimento: Fabricado en la UE","Cantidad Neta: 130 g"],"ingredients":[" Harina de cereales (arroz (26%), maiz (8,5%)), azúcar, aceites vegetales(colza, palma), avellanas (7.5%), chocolate (5.5%) (azúcar, pasta de cacao, cacao desgrasado en polvo), leche desnatada en polvo, maltodextrina, cacao desgrasado en polvo, suero de leche en polvo, emulgente(lecitina de soja), carbonato de calcio, colorante(carotenos), sal, antioxidante(extracto rico en tocoferol, palmitato de ascorbilo, alfa tocoferol), aroma.Para alérgenos ver ingredientes destacados en negrita.Puede contener gluten de otros cereales y otros frutos secos."],"conservation":" Conservar en lugar fresco y seco","ean":"5053827151955"},{"full_name":"KELLOGG'S RICE KRISPIES Squares barritas de cereales con chocolate 4 unidades estuche 144 g","name":"Squares barritas de cereales con chocolate 4 unidades estuche 144 g","brand":"KELLOGG'S RICE KRISPIES ","img":"https://sgfm.elcorteingles.es/SGFM/dctm/MEDIA03/201712/26/00120607700968____1__600x600.jpg","price":"1,99 €","price_unit":"(13,82 € / Kilo)","categories":["Supermercado","Desayunos Dulces y pan","Desayunos, dulces y pan","Cereales","Barras de cereales","KELLOGG'S RICE KRISPIES Squares barritas de cereales con chocolate 4 unidades estuche 144 g"],"general_information":[],"ingredients":[],"ean":"5050083449048"},{"full_name":"KELLOGG'S barritas de cereales con almendras y chocolate estuche 128 g","name":"barritas de cereales con almendras y chocolate estuche 128 g","brand":"KELLOGG'S ","img":"https://sgfm.elcorteingles.es/SGFM/dctm/MEDIA03/201611/21/00120607701636____1__600x600.jpg","price":"2,40 €","price_unit":"(18,75 € / Kilo)","categories":["Supermercado","Desayunos Dulces y pan","Desayunos, dulces y pan","Cereales","Barras de cereales","KELLOGG'S barritas de cereales con almendras y chocolate estuche 128 g"],"general_information":[],"ingredients":[],"ean":"5053827161947"},{"full_name":"KELLOGG'S barritas de cereales con almendras y fruta estuche 128 g","name":"barritas de cereales con almendras y fruta estuche 128 g","brand":"KELLOGG'S ","img":"https://sgfm.elcorteingles.es/SGFM/dctm/MEDIA03/201611/21/00120607701644____1__600x600.jpg","price":"2,44 €","price_unit":"(19,06 € / Kilo)","categories":["Supermercado","Desayunos Dulces y pan","Desayunos, dulces y pan","Cereales","Barras de cereales","KELLOGG'S barritas de cereales con almendras y fruta estuche 128 g"],"general_information":[],"ingredients":[],"ean":"5053827162005"},{"full_name":"LU PRINCIPE barritas de galleta y cereales 6 unidades estuche 162 g","name":"barritas de galleta y cereales 6 unidades estuche 162 g","brand":"LU PRINCIPE ","img":"https://sgfm.elcorteingles.es/SGFM/dctm/MEDIA03/201711/20/00120610002626____1__600x600.jpg","price":"1,99 €","price_unit":"(12,28 € / Kilo)","categories":["Supermercado","Desayunos Dulces y pan","Desayunos, dulces y pan","Cereales","Barras de cereales","LU PRINCIPE barritas de galleta y cereales 6 unidades estuche 162 g"],"general_information":["Denominación del alimento: Galleta rellena con crema de chocolate y arroz inflado, cubierto de chocolate con leche.","País de origen: Francia","Nombre del operador: Mondelez España Commercial, S.L.","Dirección del operador: C/Eucalipto, 25  - 28016 Madrid,  España","Cantidad Neta: 162 g"],"ingredients":[" Ingredientes : Chocolate con LECHE 32 % [azúcar, manteca de cacao, pasta de cacao, LECHE desnatada en polvo, suero de LECHE en polvo, MANTEQUILLA concentrada, emulgente (lecitina de SOJA)], harina de TRIGO 27 %, azúcar, grasas vegetales (palma, palmiste), aceites vegetales (coco, girasol, nabina, en proporciones variables), arroz inflado 3,5 % [harina de arroz, harina de AVENA, harina de TRIGO, jarabe de CEBADA malteada, azúcar, suero de LECHE, sal, dextrosa], cacao magro en polvo 2,5 %, suero de LECHE en polvo, jarabe de glucosa y fructosa, coco, gasificantes (carbonato ácido de amonio, carbonato ácido de sodio, fosfato monocálcico), sal, emulgentes (lecitina de SOJA, lecitina de girasol), aromas. PUEDE CONTENER HUEVO Y FRUTOS DE CÁSCARA."],"ean":"7622210816276"},{"full_name":"HERO Muesly barritas de muesli, yogurt y fresa estuche 6 unidades estuche 150 g","name":"Muesly barritas de muesli, yogurt y fresa estuche 6 unidades estuche 150 g","brand":"HERO ","img":"https://sgfm.elcorteingles.es/SGFM/dctm/MEDIA03/201611/11/00200207700022____2__600x600.jpg","price":"1,75 €","price_unit":"(11,67 € / Kilo)","categories":["Supermercado","Desayunos Dulces y pan","Desayunos, dulces y pan","Cereales","Barras de cereales","HERO Muesly barritas de muesli, yogurt y fresa estuche 6 unidades estuche 150 g"],"general_information":["Denominación del alimento: Barrita De Cereales Con Fresa","País de origen: España","Nombre del operador: Hero España, S.A.","Dirección del operador: Avda. Murcia, 1 30820 Alcantarilla, Murcia","Cantidad Neta: 150 g"],"ingredients":[" Copos de cereales integrales tostados (AVENA 12%, CEBADA 5% y TRIGO 5%), jarabe de glucosa, cereales crujientes (harina de TRIGO 14%, azúcar, harina de arroz 2%, harina de maíz 2%, malta de CEBADA, sal y caramelo), aceites vegetales (palma y coco), YOGUR en polvo 6%, jarabe de glucosa y fructosa, dextrosa, miel 4%, estabilizante (glicerina), azúcar, concentrado de fresa 1%, LECHE entera en polvo, aromas naturales, fresa en polvo 0,3%, almidón de maíz, acidulante (ácido cítrico), emulgente (lecitina de girasol), sal, remolacha en polvo. Puede contener trazas de frutos de cáscara."],"conservation":" Mantener apartado del calor y conservar en un lugar fresco y seco.","ean":"8410175062901"},{"full_name":"HERO Muesly barritas de cereales con chocolate con leche 6 unidades estuche 150 g","name":"Muesly barritas de cereales con chocolate con leche 6 unidades estuche 150 g","brand":"HERO ","img":"https://sgfm.elcorteingles.es/SGFM/dctm/MEDIA03/201611/11/00120607700026____3__600x600.jpg","price":"1,75 €","price_unit":"(11,67 € / Kilo)","categories":["Supermercado","Desayunos Dulces y pan","Desayunos, dulces y pan","Cereales","Barras de cereales","HERO Muesly barritas de cereales con chocolate con leche 6 unidades estuche 150 g"],"general_information":["Denominación del alimento: Barrita De Cereales Con Chocolate Con Leche","País de origen: España","Nombre del operador: Hero España, S.A.","Dirección del operador: Avda. Murcia, 1 30820 Alcantarilla, Murcia","Cantidad Neta: 150 g"],"ingredients":[" Chocolate con leche 24% (azúcar, pasta de cacao, manteca de cacao, leche descremada en polvo, mantequilla y emulgente (lecitina de girasol), cereales crujientes (harina de trigo 13%, azúcar, harina de maíz 2%, harina de arroz 2%, malta de cebada, sal y caramelo), jarabe de glucosa, copos de cereales integrales tostados, (avena 5%, trigo 3%, y cebada 2%), jarabe de glucosa y fructosa, cacahuetes tostados 7%, azúcar, grasa vegetal (coco), copos de maíz (maíz 2,5%, sal y malta de cebada), leche entera condensada, miel 1%, sal, caramelo, emulgente (lecitina de girasol) y aromas naturales. Puede contener trazas de avellanas y almendras."],"conservation":" Mantener apartado del calor y conservar en un lugar fresco y seco.","ean":"8410175062161"},{"full_name":"HERO Muesly barritas de cereales con avellana 6 unidades estuche 150 g","name":"Muesly barritas de cereales con avellana 6 unidades estuche 150 g","brand":"HERO ","img":"https://sgfm.elcorteingles.es/SGFM/dctm/MEDIA03/201611/11/00120607700042____2__600x600.jpg","price":"1,75 €","price_unit":"(11,67 € / Kilo)","categories":["Supermercado","Desayunos Dulces y pan","Desayunos, dulces y pan","Cereales","Barras de cereales","HERO Muesly barritas de cereales con avellana 6 unidades estuche 150 g"],"general_information":["Denominación del alimento: Barrita De Cereales Con Avellanas","País de origen: España","Nombre del operador: Hero España, S.A.","Dirección del operador: Avda. Murcia, 1 30820 Alcantarilla, Murcia","Cantidad Neta: 150 g"],"ingredients":[" Copos de cereales integrales tostados (avena 21%, cebada 4%, y trigo 3%), jarabe de glucosa y fructosa, cereales crujientes (harina de trigo 8%, azúcar, harina de maíz 1%, harina de arroz 1%, malta de cebada, sal y caramelo), avellanas 10%, jarabe de glucosa, azúcar, copos de maíz (maíz 7%, sal y malta de cebada), grasa vegetal (coco), copos de coco, miel 1%, sal, caramelo, emulgente (lecitina de girasol) y aromas naturales. Puede contener trazas de almendras Y cacahuetes."],"conservation":" Mantener apartado del calor y conservar en un lugar fresco y seco.","ean":"8410175062369"},{"full_name":"HERO Muesly barritas de cereales con chocolate negro 6 unidades estuche 138 g","name":"Muesly barritas de cereales con chocolate negro 6 unidades estuche 138 g","brand":"HERO ","img":"https://sgfm.elcorteingles.es/SGFM/dctm/MEDIA03/201611/11/00120607701008____1__600x600.jpg","price":"1,75 €","price_unit":"(12,68 € / Kilo)","categories":["Supermercado","Desayunos Dulces y pan","Desayunos, dulces y pan","Cereales","Barras de cereales","HERO Muesly barritas de cereales con chocolate negro 6 unidades estuche 138 g"],"general_information":["Denominación del alimento: Barrita De Cereales Con Chocolate Negro","País de origen: España","Nombre del operador: Hero España, S.A.","Dirección del operador: Avda. Murcia, 1 30820 Alcantarilla, Murcia","Cantidad Neta: 150 g"],"ingredients":[" Chocolate negro 24%(pasta de cacao, azúcar, manteca de cacao y emulgente (lecitina de girasol), copos de cereales integrales tostados (avena 8%, cebada 5%, trigo 3%), cereales crujientes  (harina de trigo 8%, azúcar, harina de arroz 1%, harina de maíz 1%, malta de cebada, sal y caramelo), jarabe de glucosa y fructosa, jarabe de glucosa, azúcar, grasa vegetal (coco), cereales crujientes con cacao, (harina de arroz 2%, harina de trigo 1%, cacao en polvo desgrasado, leche entera en polvo, azúcar, harina de maíz 0,2%,sal), trocitos de cacao tostados, leche entera condensada, copos de maíz, (maíz 2%, sal y malta de cebada), miel 1%, caramelo, sal , emulgente (lecitina de girasol) y aroma natural de cacao. Puede contener trazas de avellanas, almendras y cacahuetes."],"conservation":" Mantener apartado del calor y conservar en un lugar fresco y seco.","ean":"8410175024633"},{"full_name":"HERO Línea barritas de cereales práline de avellanas y cacao estuche 120 g","name":"Línea barritas de cereales práline de avellanas y cacao estuche 120 g","brand":"HERO ","img":"https://sgfm.elcorteingles.es/SGFM/dctm/MEDIA03/201611/11/00120607701354____1__600x600.jpg","price":"1,79 €","price_unit":"(14,92 € / Kilo)","categories":["Supermercado","Desayunos Dulces y pan","Desayunos, dulces y pan","Cereales","Barras de cereales","HERO Línea barritas de cereales práline de avellanas y cacao estuche 120 g"],"general_information":["Denominación del alimento: Barrita De Cereales Con Chocolate Con Leche Y Avellanas","País de origen: España","Nombre del operador: Hero España, S.A.","Dirección del operador: Avda. Murcia, 1 30820 Alcantarilla, Murcia","Cantidad Neta: 120 g"],"ingredients":[" Edulcorante (maltitol), cereales crujientes de trigo integral  ( harina de trigo integral 22%, gluten de trigo, malta de cebada), copos de cereales tostados integrales 15% (cebada, trigo, avena), chocolate con leche entera con edulcorante 8% (edulcorante (maltitol), manteca de cacao, leche entera en polvo, pasta de cacao, emulgente (lecitina de girasol), pasta de avellanas 5%, copos de maíz 4%(maíz , sal , malta de cebada), grasa vegetal (coco), leche entera condensada , estabilizante (glicerol), cacao en polvo desgrasado 1%, sal, emulgente (lecitina de girasol) y aroma natural. Puede contener trazas de almendras y cacahuetes"],"conservation":" Conservar en lugar fresco y seco","ean":"8410175046499"},{"full_name":"HERO Línea barritas de cereales de chocolate con leche estuche 120 g","name":"Línea barritas de cereales de chocolate con leche estuche 120 g","brand":"HERO ","img":"https://sgfm.elcorteingles.es/SGFM/dctm/MEDIA03/201611/11/00120607700430____1__600x600.jpg","price":"1,75 €","price_unit":"(14,58 € / Kilo)","categories":["Supermercado","Desayunos Dulces y pan","Desayunos, dulces y pan","Cereales","Barras de cereales","HERO Línea barritas de cereales de chocolate con leche estuche 120 g"],"general_information":["Denominación del alimento: Barrita De Cereales Con Chocolate Con Leche","País de origen: España","Nombre del operador: Hero España, S.A.","Dirección del operador: Avda. Murcia, 1 30820 Alcantarilla, Murcia","Cantidad Neta: 120 g"],"ingredients":[" Edulcorante (maltitol), copos de cereales integrales tostados 12% (cebada y trigo), trigo integral crujiente (harina integral de trigo 11%, gluten de trigo y malta de cebada), trigo integral crujiente con cacao (harina de trigo integral 8%, cacao desgrasado en polvo, gluten de trigo, leche entera en  polvo), chocolate con leche con edulcorante 9% (edulcorante (maltitol), manteca de cacao, leche entera en polvo, pasta de cacao, emulgente (lecitina de girasol), copos de maíz 8% (maíz 7,4%, sal y malta de cebada), leche entera condensada, cacahuetes tostados, grasa vegetal (coco), estabilizante (glicerol) , sal , emulgente (lecitina de girasol), aroma natural de cacao y aromas naturales. Puede contener trazas de avellanas y almendras."],"conservation":" Conservar en lugar fresco y seco","ean":"8410175003430"},{"full_name":"HERO Línea bizcochitos fruta y fibra 6 unidades estuche 210 g","name":"Línea bizcochitos fruta y fibra 6 unidades estuche 210 g","brand":"HERO ","img":"https://sgfm.elcorteingles.es/SGFM/dctm/MEDIA03/201703/16/00120607701651____1__600x600.jpg","price":"2,17 €","price_unit":"(10,33 € / Kilo)","categories":["Supermercado","Desayunos Dulces y pan","Desayunos, dulces y pan","Cereales","Barras de cereales","HERO Línea bizcochitos fruta y fibra 6 unidades estuche 210 g"],"general_information":["Denominación del alimento: Bizcochito De Cereales Con Puré De Manzana, Pasas Y Fibra.","País de origen: España","Nombre del operador: Hero España, S.A.","Dirección del operador: Avda. Murcia, 1 30820 Alcantarilla, Murcia","Cantidad Neta: 195 g"],"ingredients":[" Jarabe de glucosa y fructosa, cereales (24,5%) (trigo(salvado y harina) y copos integrales de avena(1%)), puré de manzana (12,5%), pasas (4,5%), aceite vegetal de girasol alto oleico, estabilizantes ( jarabe de sorbito, glicerol), fibra de avena (3,5%), oligofructosa, leche desnatada en polvo, almidón, canela en polvo, gasificante (carbonato ácido de sodio, difosfato disórdico), sal, conservador (sorbato potásico), aroma de jengibre y espesante (goma xantana). Alto contenido en fibra. Puede contener trazas de frutos de cáscara, soja y huevo."],"conservation":" Mantener alejado de fuentes de calor y conservar en un lugar fresco y seco.","ean":"8410175065780"},{"full_name":"HERO Línea barritas de cereales con chocolate blanco 6 unidades estuche 120 g","name":"Línea barritas de cereales con chocolate blanco 6 unidades estuche 120 g","brand":"HERO ","img":"https://sgfm.elcorteingles.es/SGFM/dctm/MEDIA03/201611/11/00120607701479____2__600x600.jpg","price":"1,75 €","price_unit":"(14,58 € / Kilo)","categories":["Supermercado","Desayunos Dulces y pan","Desayunos, dulces y pan","Cereales","Barras de cereales","HERO Línea barritas de cereales con chocolate blanco 6 unidades estuche 120 g"],"general_information":["Denominación del alimento: Barrita De Cereales Con Chocolate Blanco Y Edulcorante.","País de origen: España","Nombre del operador: Hero España, S.A.","Dirección del operador: Avda. Murcia, 1 30820 Alcantarilla, Murcia","Cantidad Neta: 120 g"],"ingredients":[" Edulcorante (maltitol), copos de cereales integrales tostados 12% (cebada y trigo), trigo integral crujiente (harina integral de trigo 11%, gluten de trigo y malta de cebada), trigo integral crujiente con cacao (harina de trigo integral 9%, cacao desgrasado en polvo, gluten de trigo, leche entera en  polvo), chocolate blanco con edulcorante 9% (edulcorante (maltitol), manteca de cacao, leche entera en polvo, emulgente (lecitina de girasol), copos de maíz 8% (maíz, sal y extracto de malta de cebada),  cacahuetes tostados, grasa vegetal (coco), estabilizante (glicerol) , sal , emulgente (lecitina de girasol) y aromas naturales. Puede contener trazas de otros frutos de cáscara."],"conservation":" Conservar en lugar fresco y seco.","ean":"8410175016591"},{"full_name":"HERO Línea barritas crujientes de avena y miel estuche 120 g","name":"Línea barritas crujientes de avena y miel estuche 120 g","brand":"HERO ","img":"https://sgfm.elcorteingles.es/SGFM/dctm/MEDIA03/201703/09/00120607701669____1__600x600.jpg","price":"1,75 €","price_unit":"(14,58 € / Kilo)","categories":["Supermercado","Desayunos Dulces y pan","Desayunos, dulces y pan","Cereales","Barras de cereales","HERO Línea barritas crujientes de avena y miel estuche 120 g"],"general_information":["Denominación del alimento: Barrita De Avena Con Miel.","País de origen: España","Nombre del operador: Hero España, S.A.","Dirección del operador: Avda. Murcia, 1 30820 Alcantarilla, Murcia","Cantidad Neta: 120 g"],"ingredients":[" Copos integrales de avena 45%, harina integral de avena 17%, azúcar, aceite vegetal de girasol, maltodextrina, miel 4%, sal, emulgente (lecitina de girasol). Puede contener almendras, huevo y componentes de la leche. Alto contenido de fibra."],"conservation":" Mantener alejado de fuentes de calor y conservar en un lugar fresco y seco.","ean":"8410175065773"},{"full_name":"HERO Sport barrita de chocolate 30% proteínas 35 g","name":"Sport barrita de chocolate 30% proteínas  35 g","brand":"HERO ","img":"https://sgfm.elcorteingles.es/SGFM/dctm/MEDIA03/201605/12/00120607701560____1__600x600.jpg","price":"0,99 €","price_unit":"(28,29 € / Kilo)","categories":["Supermercado","Desayunos Dulces y pan","Desayunos, dulces y pan","Cereales","Barras de cereales","HERO Sport barrita de chocolate 30% proteínas 35 g"],"general_information":["Denominación del alimento: Barrita De Cereales Para Deportistas (Amateurs), Para Ayudarles A Rendir Más Y Cansarse Menos.","País de origen: España","Nombre del operador: Hero España, S.A.","Dirección del operador: Avda. Murcia, 1 30820 Alcantarilla, Murcia","Cantidad Neta: 35 g"],"ingredients":[" Jarabe de glucosa y fructosa, cereales crujientes proteinados (18%) (proteína de guisante, harina de arroz, gluten de trigo), concentrado de proteína de leche (16%), cacahuetes crujientes (16%), grasa de coco, aceite de palma, cacao en polvo desgrasado (4%), cacao con cereales crujientes (harina de arroz, harina de trigo, cacao en polvo desgrasado (1%), leche en polvo , azúcar, harina de maíz, sal), dextrosa, citrato de magnesio, estabilizante (glicerol), azúcar, emulsionante (lecitina de girasol), aroma natural, sal y aroma natural de cacao. Puede contener trazas de frutos de cáscara."],"conservation":" Mantener apartado del calor y conservar en un lugar fresco y seco.","ean":"8410175061980"},{"full_name":"NESTLE NESQUIK barritas de cereales con chocolate 6 unidades estuche 150 g","name":"barritas de cereales con chocolate 6 unidades estuche 150 g","brand":"NESTLE NESQUIK ","img":"https://sgfm.elcorteingles.es/SGFM/dctm/MEDIA03/201711/06/00120607700224____1__600x600.jpg","price":"2,15 €","price_unit":"(14,33 € / Kilo)","categories":["Supermercado","Desayunos Dulces y pan","Desayunos, dulces y pan","Cereales","Barras de cereales","NESTLE NESQUIK barritas de cereales con chocolate 6 unidades estuche 150 g"],"general_information":["Denominación del alimento: Barrita de cereales tostados con chocolate y leche","Nombre del operador: Nestlé España, S.A.","Dirección del operador: Avinguda Països Catalans, 51 - 08950 Esplugues de Llobregat (Barcelona)","Cantidad Neta: 150 g"],"ingredients":[" Cereales (32.1%) (harina de trigo integral 22%, sémola de maíz, harina de arroz), jarabe de glucosa, grasas vegetales (palmiste, girasol, palma), leche condensada (8.2%) (leche, azúcar), azúcar, leche desnatada en polvo (7.9%), chocolate en polvo (7.5%) (azúcar, cacao), jarabe de azúcar invertido, humectantes (jarabe de sorbitol, glicerina), maltodextrina, sal, cacao desgrasado, emulgente (lecitina de girasol), dextrosa, aromas (vainillina, canela), corrector de acidez (fosfato trisódico), antioxidantes (extracto rico en tocoferoles), vitaminas (niacina, vitamina B6, ácido fólico, ácido pantoténico, riboflavina y vitamina D), carbonato cálcico, hierro.Puede contener trazas de soja y frutos secos."],"conservation":" Conservar en lugar fresco y seco.","ean":"3387390406719"},{"full_name":"NESTLE FITNESS barritas de cereales con trigo integral y chocolate 8 unidades estuche 141 g","name":"barritas de cereales con trigo integral y chocolate 8 unidades estuche 141 g","brand":"NESTLE FITNESS ","img":"https://sgfm.elcorteingles.es/SGFM/dctm/MEDIA03/201706/15/00120607700638____1__600x600.jpg","price":"2,13 €            ","price_unit":"(14,68 € / Kilo)","categories":["Supermercado","Desayunos Dulces y pan","Desayunos, dulces y pan","Cereales","Barras de cereales","NESTLE FITNESS barritas de cereales con trigo integral y chocolate 8 unidades estuche 141 g"],"general_information":["Denominación del alimento: Barritas de cereales con chocolate","Nombre del operador: Nestlé España, S.A.","Dirección del operador: Avinguda Països Catalans, 51 - 08950 Esplugues de Llobregat (Barcelona)","Cantidad Neta: 141 g"],"ingredients":[" Cereales (trigo integral 25.3%, arroz 16.4%, harina de trigo integral 2.2%, semolina de maíz 0.8%, harina de arroz 0.2%), chocolate (17%) (azúcar, cacao, leche desnatada en polvo, suero de leche en polvo, manteca de cacao, emulgentes: lecitina de soja y polirricinoleato de poliglicerol, aroma: vainillina), jarabe de glucosa, azúcar, jarabe de azúcar invertido, extracto de malta de cebada, humectante glicerina, grasa de palma, aceite de girasol, jarabe de azúcar moreno parcialmente invertido, sal, cacao en polvo, emulgente lecitina de girasol, aromas (chocolate, vainilla, canela), corrector de acidez (fosfato trisódico), cacao desgrasado, antioxidante (extracto rico en tocoferoles), vitaminas (riboflavina, niacina, vitamina B6, ácido fólico, ácido pantoténico), carbonato cálcico, hierro.Puede contener trazas de frutos secos."],"conservation":" Conservar en lugar fresco y seco.","ean":"3387390320008"}]