[{"full_name":"SPECIAL LINE trigo integral hinchado con miel muy bajo contenido en sal bolsa 375 g","name":"trigo integral hinchado con miel muy bajo contenido en sal bolsa 375 g","brand":"SPECIAL LINE ","img":"https://sgfm.elcorteingles.es/SGFM/00/74/5/0120713300745/0120713300745000g01011.jpg","price":"2,45 €","price_unit":"(6,53 € / Kilo)","categories":["Supermercado","Dietéticos","Desayunos, dulces y pan","Cereales de desayuno","SPECIAL LINE trigo integral hinchado con miel muy bajo contenido en sal bolsa 375 g"],"general_information":["Denominación del alimento: TRIGO INTEGRAL INFLADO\nCON MIEL","Nombre del operador: Elaborado para el Grupo El Corte Inglés\nHermosilla, 112 ? 28009 Madrid\nEspaña por NIF: B96092697","Cantidad Neta: 375 g","Número de raciones por envase: aprox. 12"],"ingredients":[" Ingredientes: trigo integral inflado (37%), jarabe de glucosa, azúcar, miel (0,2%), grasa vegetal de palma y emulgente: lecitina de soja. Puede contener trazas de cacahuete, frutos de cáscara y leche."],"conservation":" Conservar en lugar fresco y seco.","ean":"8433329033718"},{"full_name":"SPECIAL LINE corn flakes bajos en sal sin gluten envase 375 g","name":"corn flakes bajos en sal sin gluten envase 375 g","brand":"SPECIAL LINE ","img":"https://sgfm.elcorteingles.es/SGFM/00/17/0/0120745100170/0120745100170000g01011.jpg","price":"3,25 €","price_unit":"(8,67 € / Kilo)","categories":["Supermercado","Dietéticos","Desayunos, dulces y pan","Cereales de desayuno","SPECIAL LINE corn flakes bajos en sal sin gluten envase 375 g"],"general_information":["Denominación del alimento: Maíz laminado y tostado.","Nombre del operador: Elaborado para el Grupo El Corte Inglés\nHermosilla, 112 ? 28009 Madrid\nEspaña por NIF: B96092697","Cantidad Neta: 375 g","Número de raciones por envase: aprox. 12"],"ingredients":[" Ingredientes: Maíz (99,7%) y sal. Puede contener trazas de soja."],"conservation":" Conservar en lugar fresco y seco.","ean":"8433329033770"},{"full_name":"SPECIAL LINE corn flakes sin azúcares añadidos envase 350 g","name":"corn flakes sin azúcares añadidos envase 350 g","brand":"SPECIAL LINE ","img":"https://sgfm.elcorteingles.es/SGFM/dctm/MEDIA02/CONTENIDOS/201408/29/00120713300794____1__600x600.jpg","price":"1,95 €","price_unit":"(5,57 € / Kilo)","categories":["Supermercado","Dietéticos","Desayunos, dulces y pan","Cereales de desayuno","SPECIAL LINE corn flakes sin azúcares añadidos envase 350 g"],"general_information":["Denominación del alimento: Corn flakes sin azúcares añadidos. Contiene azúcares naturalmente presentes.","Nombre del operador: Elaborado para el\nGrupo El Corte Inglés\nHermosilla, 112. 28009 Madrid - España\npor CIF: A46911020","Cantidad Neta: 350 g","Número de raciones por envase: ~12"],"ingredients":[" Ingredientes: Maíz (96%), sal, extracto de malta y emulgente (E471). Puede contener trazas de cereales con gluten, cacahuete, frutos de cáscara, leche y soja."],"conservation":" Conservar en lugar fresco y seco.","ean":"8433329050623"},{"full_name":"SPECIAL LINE Bio copos de maíz tostado ecológicos envase 400 g","name":"Bio copos de maíz tostado ecológicos envase 400 g","brand":"SPECIAL LINE ","img":"https://sgfm.elcorteingles.es/SGFM/dctm/MEDIA02/CONTENIDOS/201406/20/00200352700330____1__600x600.jpg","price":"2,35 €","price_unit":"(5,88 € / Kilo)","categories":["Supermercado","Dietéticos","Desayunos, dulces y pan","Cereales de desayuno","SPECIAL LINE Bio copos de maíz tostado ecológicos envase 400 g"],"general_information":["Nombre del operador: Elaborado para el Grupo El Corte Inglés \nHermosilla, 112 ? 28009 Madrid \nEspaña por NIF: B-80474711","Cantidad Neta: 400 g","Número de raciones por envase: ~ 13"],"ingredients":[" Ingredientes: Harina de maíz* (95%), malta de maíz* (4%) y sal\n* Cultivo ecológico Puede contener trazas de leche, gluten, sésamo, soja y frutos secos."],"conservation":" Conservar en lugar fresco y seco. Se aconseja, una vez abierto el envase, consumir en el plazo de un mes.","ean":"8433329046466"},{"full_name":"SPECIAL LINE Bio bolitas de maíz con miel ecológicas envase 200 g","name":"Bio bolitas de maíz con miel ecológicas envase 200 g","brand":"SPECIAL LINE ","img":"https://sgfm.elcorteingles.es/SGFM/dctm/MEDIA02/CONTENIDOS/201406/20/00200352700348____1__600x600.jpg","price":"1,80 €","price_unit":"(9 € / Kilo)","categories":["Supermercado","Dietéticos","Desayunos, dulces y pan","Cereales de desayuno","SPECIAL LINE Bio bolitas de maíz con miel ecológicas envase 200 g"],"general_information":["Nombre del operador: Elaborado para el Grupo El Corte Inglés \nHermosilla, 112 ? 28009 Madrid \nEspaña por NIF: B-80474711","Cantidad Neta: 200 g","Número de raciones por envase: ~ 6"],"ingredients":[" Ingredientes: Harina de maíz* (78%), azúcar integral*, extracto de malta de maíz* (4%), miel* (2%) y sal.\n* Cultivo ecológico Puede contener trazas de sésamo, soja, gluten, leche y frutos secos."],"conservation":" Conservar en lugar fresco y seco. Se aconseja, una vez abierto el envase, consumir en el plazo de un mes.","ean":"8433329046473"},{"full_name":"SPECIAL LINE semillas de sésamo tostadas bolsa 400 g","name":"semillas de sésamo tostadas bolsa 400 g","brand":"SPECIAL LINE ","img":"https://sgfm.elcorteingles.es/SGFM/dctm/MEDIA02/CONTENIDOS/201411/03/00120703400612____1__600x600.jpg","price":"3,19 €","price_unit":"(7,98 € / Kilo)","categories":["Supermercado","Dietéticos","Desayunos, dulces y pan","Cereales de desayuno","SPECIAL LINE semillas de sésamo tostadas bolsa 400 g"],"general_information":["Denominación del alimento: SEMILLAS DE SÉSAMO TOSTADAS","Nombre del operador: Elaborado para el Grupo El Corte Ingles \nHermosilla, 112 \n28009 Madrid - España \npor CIF: A28648053","Cantidad Neta: 400 g","Número de raciones por envase: 40"],"ingredients":[" Ingredientes: Semillas de sésamo tostado."],"conservation":" Conservar en ambiente fresco y seco. Una vez abierto mantenga el envase bien cerrado.","ean":"8433329031592"},{"full_name":"SPECIAL LINE copos de avena bolsa 500 g","name":"copos de avena bolsa 500 g","brand":"SPECIAL LINE ","img":"https://sgfm.elcorteingles.es/SGFM/00/53/9/0120703400539/0120703400539000g01011.jpg","price":"1,59 €            ","price_unit":"(3,02 € / Kilo)","categories":["Supermercado","Dietéticos","Desayunos, dulces y pan","Cereales de desayuno","SPECIAL LINE copos de avena bolsa 500 g"],"general_information":["Denominación del alimento: COPOS DE AVENA","Nombre del operador: Elaborado para el Grupo El Corte Ingles \nHermosilla, 112 \n28009 Madrid - España \npor CIF: A28648053","Cantidad Neta: 500 g","Número de raciones por envase: aprox. 14"],"ingredients":[" Ingredientes: Copos de avena."],"conservation":" Conservar en ambiente fresco y seco. Una vez abierto mantenga el envase bien cerrado.","ean":"8433329031622"},{"full_name":"SPECIAL LINE Bio espelta hinchada ecológica envase 120 g","name":"Bio espelta hinchada ecológica envase 120 g","brand":"SPECIAL LINE ","img":"https://sgfm.elcorteingles.es/SGFM/00/19/3/0120752700193/0120752700193000g01011.jpg","price":"2,00 €","price_unit":"(16,67 € / Kilo)","categories":["Supermercado","Dietéticos","Desayunos, dulces y pan","Cereales de desayuno","SPECIAL LINE Bio espelta hinchada ecológica envase 120 g"],"general_information":["Denominación del alimento: ESPELTA HINCHADA","Nombre del operador: Elaborado para el Grupo El Corte Inglés \nHermosilla, 112 ? 28009 Madrid \nEspaña por NIF: B-80474711","Cantidad Neta: 125 g","Número de raciones por envase: aprox. 4"],"ingredients":[" Ingredientes: Espelta hinchada* (100%)\n* De cultivo ecológico Puede contener trazas de sésamo, soja y frutos secos."],"conservation":" Conservar en lugar fresco y seco. Se aconseja, una vez abierto el envase, consumir en el plazo de un mes.","ean":"8433329031844"},{"full_name":"EL CORTE INGLES BIO muesli ecológico malteado bolsa 400 g","name":"muesli ecológico malteado bolsa 400 g","brand":"EL CORTE INGLES BIO ","img":"https://sgfm.elcorteingles.es/SGFM/dctm/MEDIA03/201709/01/00120752700656____6__600x600.jpg","price":"3,49 €","price_unit":"(8,72 € / Kilo)","categories":["Supermercado","Dietéticos","Desayunos, dulces y pan","Cereales de desayuno","EL CORTE INGLES BIO muesli ecológico malteado bolsa 400 g"],"general_information":["Denominación del alimento: Mezcla de copos de cereales malteados y tostados con frutas deshidratadas","Nombre del operador: Elaborado para El Corte Inglés por \nBiogran, S.L.\nAvda Maria Garcini, 16\n28860 Paracuellos de Jarama (Madrid)\nEspaña","Cantidad Neta: 400 g","Número de raciones por envase: ~ 13"],"ingredients":[" Ingredientes: Cereales malteados* 64% (copos de trigo*, copos de maíz*), copos de maíz tostados* 18%, frutas deshidratadas* en proporción variable 18% (pasas sultanas* (pasas* y aceite de girasol*), manzana*). \n*Procedente de agricultura ecológica Puede contener trazas de frutos de cáscara, granos de sésamo, leche y soja."],"conservation":" Conservar en lugar fresco y seco. Una vez abierto, se recomienda consumir en el plazo de un mes.","ean":"8433329079631"},{"full_name":"EL CORTE INGLES BIO bolitas de cereales con chocolate ecológicas bolsa 200 g","name":"bolitas de cereales con chocolate ecológicas bolsa 200 g","brand":"EL CORTE INGLES BIO ","img":"https://sgfm.elcorteingles.es/SGFM/dctm/MEDIA03/201709/01/00120752700649____1__600x600.jpg","price":"2,00 €","price_unit":"(10 € / Kilo)","categories":["Supermercado","Dietéticos","Desayunos, dulces y pan","Cereales de desayuno","EL CORTE INGLES BIO bolitas de cereales con chocolate ecológicas bolsa 200 g"],"general_information":["Denominación del alimento: BOLITAS DE CERELAES CON CHOCOLATE","Nombre del operador: Elaborado para El Corte Inglés por \nBiogran, S.L.\nAvda Maria Garcini, 16\n28860 Paracuellos de Jarama (Madrid)\nEspaña","Cantidad Neta: 200 g","Número de raciones por envase: ~ 6"],"ingredients":[" Ingredientes: Cereales* (68%) (harinas de arroz*, maíz* y trigo*), azúcar de caña*, cobertura de chocolate con leche* (5%) (azúcar de caña*, leche en polvo*, manteca de cacao*, grasa de cacao*, emulsionante: lecitinas de soja, vainilla natural*), extracto de malta de maíz*, cacao en polvo reducido en grasa*, cacao en polvo*, emulsionante (lecitinas de soja) y sal.\n*Procedente de agricultura ecológica Puede contener trazas de frutos de cáscara y granos de sésamo."],"conservation":" Conservar en lugar fresco y seco. Una vez abierto el envase, se recomienda consumir en el plazo de un mes.","ean":"8433329079570"},{"full_name":"BIOCOP Biopillows cereales con chocolate y avellanas ecológicos envase 375 g","name":"Biopillows cereales con chocolate y avellanas ecológicos envase 375 g","brand":"BIOCOP ","img":"https://sgfm.elcorteingles.es/SGFM/00/19/9/0200352700199/0200352700199000g01011.jpg","price":"5,25 €","price_unit":"(14 € / Kilo)","categories":["Supermercado","Dietéticos","Desayunos, dulces y pan","Cereales de desayuno","BIOCOP Biopillows cereales con chocolate y avellanas ecológicos envase 375 g"],"general_information":["Denominación del alimento: Biopillows choco avellana","Nombre del operador: Biocop Productos Biológicos, S.A.","Dirección del operador: C/Puigmal 3 - 08185 Lliçà de Vall (Barcelona)","Cantidad Neta: 375 g","Otras menciones obligatorias en la etiqueta: Sin gluten."],"ingredients":[" Harina de cereales* (56%) (arroz integral*, maíz*), azúcar moreno*, aceite vegetal (de girasol)*, cacao en polvo* (6,3%), aceite vegetal (de palma)*, leche desnatada en polvo*, avellanas*  (2,1%), gasificante: carbonato de sodio, emulsionante: lecitina de girasol*. *De agricultura biológica. Puede contener trazas de cacahuetes y soja."],"conservation":" Conservar en lugar fresco y seco alejado de la luz.","ean":"8423903041918"},{"full_name":"BIOCOP copos avena integral ecológicos bolsa 500 g","name":"copos avena integral ecológicos bolsa 500 g","brand":"BIOCOP ","img":"https://sgfm.elcorteingles.es/SGFM//00/03/1/0120703500031/0120703500031000g01011.jpg","price":"1,89 €","price_unit":"(3,78 € / Kilo)","categories":["Supermercado","Dietéticos","Desayunos, dulces y pan","Cereales de desayuno","BIOCOP copos avena integral ecológicos bolsa 500 g"],"general_information":["Denominación del alimento: Copos de avena gruesos","Nombre del operador: Biocop Productos Biológicos, S.A.","Dirección del operador: C/Puigmal 3 - 08185 Lliçà de Vall (Barcelona)","Cantidad Neta: 500 g","Otras menciones obligatorias en la etiqueta: Envasado en atmósfera protectora"],"ingredients":[" Copos de avena integrales *. *De agricultura biológica. Contiene gluten. Puede contener trazas de sésamo, soja y frutos secos."],"conservation":" Mantener en lugar fresco y seco.","ean":"8423903005446"},{"full_name":"SANTIVERI Organic Bio Crunchy cereales de desayuno con chocolate ecológicos bolsa 445 g","name":"Organic Bio Crunchy cereales de desayuno con chocolate ecológicos bolsa 445 g","brand":"SANTIVERI ","img":"https://sgfm.elcorteingles.es/SGFM/dctm/MEDIA03/201702/03/00120752700581____1__600x600.jpg","price":"3,95 €","price_unit":"(17,17 € / Kilo)","categories":["Supermercado","Dietéticos","Desayunos, dulces y pan","Cereales de desayuno","SANTIVERI Organic Bio Crunchy cereales de desayuno con chocolate ecológicos bolsa 445 g"],"general_information":["Denominación del alimento: PREPARADO ALIMENTICIO CEREALES TOST","Nombre del operador: CASA SANTIVERI S.L.","Dirección del operador: ENCUNY 8, 08038 BARCELONA","Cantidad Neta: 400 g"],"ingredients":[" cereales integrales tostados ecológicos (53,4%), copos de avena integral ecológica, COPOS DE TRIGO INTEGRAL ECOLÓGICO, azúcar de caña integral ecológico, aceite de girasol ecológico, polvo de chocolate ecológico, polvo de cacao ecológico, nuez de coco ecológico, sémola de arroz ecológico, extracto de malta de cebada ecológica, jarabe de glucosa, HARINA DE TRIGO ECOLÓGICO, harina de arroz ecológico, ALMIDÓN DE TRIGO ECOLÓGICO, LECHE ENTERA EN POLVO, manteca de cacao ecológico, pasta de cacao ecológico, aroma natural de vainilla, malta de cebada ecológica, miel ecológica, GLUTEN DE TRIGO ECOLÓGICO, jarabe de caramelo ecológico, extracto rico en tocoferoles (antioxidante)"],"ean":"8412170033696"},{"full_name":"SANTIVERI Noglut Corn Flakes sin gluten y sin lactosa envase 250 g","name":"Noglut Corn Flakes sin gluten y sin lactosa envase 250 g","brand":"SANTIVERI ","img":"https://sgfm.elcorteingles.es/SGFM/dctm/MEDIA02/CONTENIDOS/201411/19/00120745100089____1__600x600.jpg","price":"2,60 €","price_unit":"(10,40 € / Kilo)","categories":["Supermercado","Dietéticos","Desayunos, dulces y pan","Cereales de desayuno","SANTIVERI Noglut Corn Flakes sin gluten y sin lactosa envase 250 g"],"general_information":["Denominación del alimento: MAÍZ COCIDO, APLASTADO Y TOSTADO","Nombre del operador: CASA SANTIVERI S.L.","Dirección del operador: ENCUNY 8, 08038 BARCELONA","Cantidad Neta: 250 g"],"ingredients":[" maíz, azúcar, sal"],"ean":"8412170024250"},{"full_name":"SANTIVERI Noglut cereales con cacao y miel sin gluten bolsa 225 g","name":"Noglut cereales con cacao y miel sin gluten bolsa 225 g","brand":"SANTIVERI ","img":"https://sgfm.elcorteingles.es/SGFM/dctm/MEDIA02/CONTENIDOS/201511/10/00120745100345____1__600x600.jpg","price":"2,75 €","categories":["Supermercado","Dietéticos","Desayunos, dulces y pan","Cereales de desayuno","SANTIVERI Noglut cereales con cacao y miel sin gluten bolsa 225 g"],"general_information":["Denominación del alimento: CEREALES EXTRUSIONADOS CON CACAO y","Nombre del operador: CASA SANTIVERI S.L.","Dirección del operador: ENCUNY 8, 08038 BARCELONA","Cantidad Neta: 225 g"],"ingredients":[" sémola de maíz (72%), azúcar, miel (2,8%), cacao en polvo (2,8%), dextrina, sal, vainilla"],"ean":"8412170033993"},{"full_name":"SANTIVERI Naturalia copos de avena integral ecológicos envase 500 g","name":"Naturalia copos de avena integral ecológicos envase 500 g","brand":"SANTIVERI ","img":"https://sgfm.elcorteingles.es/SGFM/dctm/MEDIA02/CONTENIDOS/201502/16/00120703500064____1__600x600.jpg","price":"2,19 €","price_unit":"(4,38 € / Kilo)","categories":["Supermercado","Dietéticos","Desayunos, dulces y pan","Cereales de desayuno","SANTIVERI Naturalia copos de avena integral ecológicos envase 500 g"],"general_information":["Denominación del alimento: COPOS DE AVENA BIO","Nombre del operador: CASA SANTIVERI S.L.","Dirección del operador: ENCUNY 8, 08038 BARCELONA","Cantidad Neta: 500 g"],"ingredients":[" copos de avena integral ecológica"],"ean":"8412170000643"},{"full_name":"NATURGREEN copos de avena finos ecológicos y sin gluten bolsa 350 g","name":"copos de avena finos ecológicos y sin gluten bolsa 350 g","brand":"NATURGREEN ","img":"https://sgfm.elcorteingles.es/SGFM/dctm/MEDIA03/201709/04/00120778401107____1__600x600.jpg","price":"2,59 €","price_unit":"(7,40 € / Kilo)","categories":["Supermercado","Dietéticos","Desayunos, dulces y pan","Cereales de desayuno","NATURGREEN copos de avena finos ecológicos y sin gluten bolsa 350 g"],"general_information":[],"ingredients":[],"ean":"8436542193603"},{"full_name":"NATURGREEN copos de avena gruesos ecológicos y sin gluten bolsa 350 g","name":"copos de avena gruesos ecológicos y sin gluten bolsa 350 g","brand":"NATURGREEN ","img":"https://sgfm.elcorteingles.es/SGFM/dctm/MEDIA03/201709/04/00120778401115____1__600x600.jpg","price":"2,59 €","price_unit":"(7,40 € / Kilo)","categories":["Supermercado","Dietéticos","Desayunos, dulces y pan","Cereales de desayuno","NATURGREEN copos de avena gruesos ecológicos y sin gluten bolsa 350 g"],"general_information":[],"ingredients":[],"ean":"8436542193597"},{"full_name":"NATURTIERRA salvado integral de trigo bolsa 150 g","name":"salvado integral de trigo bolsa 150 g","brand":"NATURTIERRA ","img":"https://sgfm.elcorteingles.es/SGFM/00/52/1/0120703400521/0120703400521000g01011.jpg","price":"0,83 €","price_unit":"(5,53 € / Kilo)","categories":["Supermercado","Dietéticos","Desayunos, dulces y pan","Cereales de desayuno","NATURTIERRA salvado integral de trigo bolsa 150 g"],"general_information":["Denominación del alimento: Salvado Integral de Trigo","Nombre del operador: Ynsadiet S.A.","Dirección del operador: Isaac Peral, 3 ? Pol. Ind. Ntra. Sra. de Butarque. 28914 Leganés (Madrid).","Cantidad Neta: 150 g"],"ingredients":[" Salvado integral de Trigo (150 g). Alérgenos: Contiene gluten."],"conservation":" Ambiente seco y fresco. Una vez abierto mantener el envase bien cerrado.","ean":"8412016700010"},{"full_name":"NATURTIERRA copos de avena bolsa 500 g","name":"copos de avena bolsa 500 g","brand":"NATURTIERRA ","img":"https://sgfm.elcorteingles.es/SGFM/00/51/3/0120703400513/0120703400513000g01011.jpg","price":"2,00 €","price_unit":"(4 € / Kilo)","categories":["Supermercado","Dietéticos","Desayunos, dulces y pan","Cereales de desayuno","NATURTIERRA copos de avena bolsa 500 g"],"general_information":["Denominación del alimento: Copos de Avena","Nombre del operador: Ynsadiet S.A.","Dirección del operador: Isaac Peral, 3 ? Pol. Ind. Ntra. Sra. de Butarque. 28914 Leganés (Madrid).","Cantidad Neta: 500 g"],"ingredients":[" Copos de avena  (100%). Alérgenos: contiene Gluten"],"conservation":" Ambiente seco y fresco. Una vez abierto, mantenga el envase bien cerrado. \"Envasado en atmosfera protectora\".","ean":"8412016120504"},{"full_name":"VERIVAL BIO crunchy con espelta ecológico envase 375 ml","name":"crunchy con espelta ecológico envase 375 ml","brand":"VERIVAL BIO ","img":"https://sgfm.elcorteingles.es/SGFM/dctm/MEDIA02/CONTENIDOS/201411/11/00120752700409____1__600x600.jpg","price":"4,99 €","price_unit":"(13,31 € / Litro)","categories":["Supermercado","Dietéticos","Desayunos, dulces y pan","Cereales de desayuno","VERIVAL BIO crunchy con espelta ecológico envase 375 ml"],"general_information":[],"ingredients":[],"ean":"9004617063169"},{"full_name":"VERIVAL BIO crunchy con avena ecológico envase 375 ml","name":"crunchy con avena ecológico envase 375 ml","brand":"VERIVAL BIO ","img":"https://sgfm.elcorteingles.es/SGFM/dctm/MEDIA02/CONTENIDOS/201411/11/00120752700417____1__600x600.jpg","price":"4,99 €","price_unit":"(13,31 € / Litro)","categories":["Supermercado","Dietéticos","Desayunos, dulces y pan","Cereales de desayuno","VERIVAL BIO crunchy con avena ecológico envase 375 ml"],"general_information":[],"ingredients":[],"ean":"9004617063145"},{"full_name":"VERIVAL BIO crunchy con miel ecológico envase 375 ml","name":"crunchy con miel ecológico envase 375 ml","brand":"VERIVAL BIO ","img":"https://sgfm.elcorteingles.es/SGFM/dctm/MEDIA02/CONTENIDOS/201411/11/00120752700425____1__600x600.jpg","price":"4,99 €","price_unit":"(13,31 € / Litro)","categories":["Supermercado","Dietéticos","Desayunos, dulces y pan","Cereales de desayuno","VERIVAL BIO crunchy con miel ecológico envase 375 ml"],"general_information":[],"ingredients":[],"ean":"9004617063183"},{"full_name":"VERIVAL BIO crunchy con chocolate ecológico envase 375 ml","name":"crunchy con chocolate ecológico envase 375 ml","brand":"VERIVAL BIO ","img":"https://sgfm.elcorteingles.es/SGFM/dctm/MEDIA02/CONTENIDOS/201411/11/00120752700433____1__600x600.jpg","price":"4,99 €","price_unit":"(13,31 € / Litro)","categories":["Supermercado","Dietéticos","Desayunos, dulces y pan","Cereales de desayuno","VERIVAL BIO crunchy con chocolate ecológico envase 375 ml"],"general_information":[],"ingredients":[],"ean":"9004617063220"},{"full_name":"VERIVAL BIO crunchy con frutos rojos ecológico envase 375 g","name":"crunchy con frutos rojos ecológico envase 375 g","brand":"VERIVAL BIO ","img":"https://sgfm.elcorteingles.es/SGFM/dctm/MEDIA02/CONTENIDOS/201601/22/00120752700516____1__600x600.jpg","price":"4,99 €","price_unit":"(13,31 € / Kilo)","categories":["Supermercado","Dietéticos","Desayunos, dulces y pan","Cereales de desayuno","VERIVAL BIO crunchy con frutos rojos ecológico envase 375 g"],"general_information":[],"ingredients":[],"ean":"9004617063428"},{"full_name":"VERIVAL BIO porridge de avena con mango ecológico envase 400 ml","name":"porridge de avena con mango ecológico envase 400 ml","brand":"VERIVAL BIO ","img":"https://sgfm.elcorteingles.es/SGFM/dctm/MEDIA02/CONTENIDOS/201411/11/00120752700458____1__600x600.jpg","price":"6,39 €","price_unit":"(15,98 € / Litro)","categories":["Supermercado","Dietéticos","Desayunos, dulces y pan","Cereales de desayuno","VERIVAL BIO porridge de avena con mango ecológico envase 400 ml"],"general_information":[],"ingredients":[],"ean":"9004617063909"},{"full_name":"VERIVAL BIO porridge de avena con semillas de amapola y ciruela ecológico caja 450 g","name":"porridge de avena con semillas de amapola y ciruela ecológico caja 450 g","brand":"VERIVAL BIO ","img":"https://sgfm.elcorteingles.es/SGFM/dctm/MEDIA02/CONTENIDOS/201511/06/00120752700508____1__600x600.jpg","price":"6,39 €","price_unit":"(14,20 € / Kilo)","categories":["Supermercado","Dietéticos","Desayunos, dulces y pan","Cereales de desayuno","VERIVAL BIO porridge de avena con semillas de amapola y ciruela ecológico caja 450 g"],"general_information":[],"ingredients":[],"ean":"9004617063947"},{"full_name":"SORIA NATURAL Bio almohadillas de arroz integral rellenas con crema de cacao y avellanas ecológicas caja 375 g","name":"Bio almohadillas de arroz integral rellenas con crema de cacao y avellanas ecológicas caja 375 g","brand":"SORIA NATURAL ","img":"https://sgfm.elcorteingles.es/SGFM/dctm/MEDIA02/CONTENIDOS/201511/05/00120745100329____2__600x600.jpg","price":"4,52 €","price_unit":"(12,05 € / Kilo)","categories":["Supermercado","Dietéticos","Desayunos, dulces y pan","Cereales de desayuno","SORIA NATURAL Bio almohadillas de arroz integral rellenas con crema de cacao y avellanas ecológicas caja 375 g"],"general_information":["Denominación del alimento: Ricer´s Almohadillas de arroz integral rellenas con crema de avellanas/con cacao","País de origen: España","Nombre del operador: Soria Natural S.A.","Dirección del operador: Poligono La Sacea,s/n -42162 Garray (Soria)","Lugar de procedencia del alimento: España","Cantidad Neta: 375 g","Otras menciones obligatorias en la etiqueta: No contiene conservantes"],"ingredients":[" Harina de arroz* integral (52%), crema de avellanas* (30%)(azúcar*, aceite* y grasa* vegetal, avellanas* (5%), cacao* en polvo desgrasado, emulgente: lecitina de girasol, extracto de vainilla*), panela*, harina de soja*, cacao* en polvo desgrasado (3%) y sal.*Procedente de la Agricultura Ecológica..Puede contener trazas de leche y sus derivados"],"conservation":" Manténgase en lugar seco y fresco","ean":"8422947805203"},{"full_name":"SORIA NATURAL Bio bolitas de arroz integral con miel caña cacao y estevia caja 250 g","name":"Bio bolitas de arroz integral con miel caña cacao y estevia caja 250 g","brand":"SORIA NATURAL ","img":"https://sgfm.elcorteingles.es/SGFM/dctm/MEDIA02/CONTENIDOS/201511/04/00120745100337____1__600x600.jpg","price":"2,99 €","price_unit":"(11,96 € / Kilo)","categories":["Supermercado","Dietéticos","Desayunos, dulces y pan","Cereales de desayuno","SORIA NATURAL Bio bolitas de arroz integral con miel caña cacao y estevia caja 250 g"],"general_information":["Denominación del alimento: Rice Balls Bolitas de arroz integral con azúcar moreno de caña integral y cacao","País de origen: España","Nombre del operador: Soria Natural S.A.","Dirección del operador: Poligono La Sacea,s/n -42162 Garray (Soria)","Lugar de procedencia del alimento: España","Cantidad Neta: 250 g","Otras menciones obligatorias en la etiqueta: No contiene conservantes"],"ingredients":[" Harina de arroz* integral (66%), azúcar* moreno de caña integral (panela) (20%), cacao* en polvo desgrasado (8%), harina integral de soja*, sal marina.*Procedente de la Agricultura Ecológica."],"conservation":" Manténgase en lugar seco y fresco","ean":"8422947805210"},{"full_name":"LIZI'S granolas cereales de desayuno bajos en azúcar bolsa 500 g","name":"granolas cereales de desayuno bajos en azúcar bolsa 500 g","brand":"LIZI'S ","img":"https://sgfm.elcorteingles.es/SGFM/dctm/MEDIA03/201710/04/00120745100543____1__600x600.jpg","price":"6,95 €","price_unit":"(13,90 € / Kilo)","categories":["Supermercado","Dietéticos","Desayunos, dulces y pan","Cereales de desayuno","LIZI'S granolas cereales de desayuno bajos en azúcar bolsa 500 g"],"general_information":[],"ingredients":[],"ean":"5060092030687"},{"full_name":"LIZI'S granola cereales de desayuno ecológicos con avena y semillas bolsa 500 g","name":"granola cereales de desayuno ecológicos con avena y semillas bolsa 500 g","brand":"LIZI'S ","img":"https://sgfm.elcorteingles.es/SGFM/dctm/MEDIA03/201710/04/00120745100535____1__600x600.jpg","price":"7,99 €","price_unit":"(15,98 € / Kilo)","categories":["Supermercado","Dietéticos","Desayunos, dulces y pan","Cereales de desayuno","LIZI'S granola cereales de desayuno ecológicos con avena y semillas bolsa 500 g"],"general_information":[],"ingredients":[],"ean":"5060092030236"},{"full_name":"LIZI'S granola cereales de desayuno ecológicos sin gluten bolsa 400 g","name":"granola cereales de desayuno ecológicos sin gluten bolsa 400 g","brand":"LIZI'S ","img":"https://sgfm.elcorteingles.es/SGFM/dctm/MEDIA03/201710/04/00200345100572____1__600x600.jpg","price":"7,94 €","price_unit":"(19,85 € / Kilo)","categories":["Supermercado","Dietéticos","Desayunos, dulces y pan","Cereales de desayuno","LIZI'S granola cereales de desayuno ecológicos sin gluten bolsa 400 g"],"general_information":[],"ingredients":[],"ean":"5060092030847"},{"full_name":"LIZI'S granola cereales de desayuno con alto nivel de proteína bolsa 350 g","name":"granola cereales de desayuno con alto nivel de proteína bolsa 350 g","brand":"LIZI'S ","img":"https://sgfm.elcorteingles.es/SGFM/dctm/MEDIA03/201710/04/00120745100568____1__600x600.jpg","price":"7,94 €","price_unit":"(22,69 € / Kilo)","categories":["Supermercado","Dietéticos","Desayunos, dulces y pan","Cereales de desayuno","LIZI'S granola cereales de desayuno con alto nivel de proteína bolsa 350 g"],"general_information":[],"ingredients":[],"ean":"5060092030977"},{"full_name":"EL GRANERO INTEGRAL Bio copos de maiz tostado con ágave de cultivo ecológico envase 375 g","name":"Bio copos de maiz tostado con ágave de cultivo ecológico envase 375 g","brand":"EL GRANERO INTEGRAL ","img":"https://sgfm.elcorteingles.es/SGFM/dctm/MEDIA03/201705/18/00120703500049____1__600x600.jpg","price":"3,05 €","price_unit":"(8,13 € / Kilo)","categories":["Supermercado","Dietéticos","Desayunos, dulces y pan","Cereales de desayuno","EL GRANERO INTEGRAL Bio copos de maiz tostado con ágave de cultivo ecológico envase 375 g"],"general_information":["Denominación del alimento: Copos de maíz tostado endulzados con agave","Nombre del operador: BIOGRAN  S L","Dirección del operador: AVDA. DOÑA MARIA GARCINI, 16 - POL. IND. 28860 PARACUELLOS DE JARAMA","Cantidad Neta: 375 g"],"ingredients":[" harina de maíz* 89%, sirope de agave* 6%, malta de maíz* 4%, sal 1%. Puede contener trazas de leche, gluten, sésamo, soja y frutos secos.(*)=De cultivo ecológico."],"conservation":" Mantener en lugar fresco y seco.","ean":"8422584048742"},{"full_name":"EL GRANERO INTEGRAL Bio arroz integral hinchado con ágave y coco de cultivo ecológico bolsa 350 g","name":"Bio arroz integral hinchado con ágave y coco de cultivo ecológico bolsa 350 g","brand":"EL GRANERO INTEGRAL ","img":"https://sgfm.elcorteingles.es/SGFM/dctm/MEDIA02/CONTENIDOS/201508/06/00120752700474____1__600x600.jpg","price":"4,57 €","price_unit":"(13,06 € / Kilo)","categories":["Supermercado","Dietéticos","Desayunos, dulces y pan","Cereales de desayuno","EL GRANERO INTEGRAL Bio arroz integral hinchado con ágave y coco de cultivo ecológico bolsa 350 g"],"general_information":["Denominación del alimento: Arroz integral hinchado con ágave y coco","Nombre del operador: BIOGRAN  S L","Dirección del operador: AVDA. DOÑA MARIA GARCINI, 16 - POL. IND. 28860 PARACUELLOS DE JARAMA","Cantidad Neta: 350 g"],"ingredients":[" arroz integral hinchado* 66.68%, sirope de agave* 26.66% y coco* 6.66%. Puede contener trazas de gluten, sésamo, soja y frutos secos.(*)=De cultivo ecológico."],"conservation":" Mantener en lugar fresco y seco.","ean":"8422584039436"},{"full_name":"EL GRANERO INTEGRAL Bio arroz integral hinchado con ágave y cereales ecológico bolsa 350 g","name":"Bio arroz integral hinchado con ágave y cereales ecológico bolsa 350 g","brand":"EL GRANERO INTEGRAL ","img":"https://sgfm.elcorteingles.es/SGFM/dctm/MEDIA02/CONTENIDOS/201508/06/00120752700482____1__600x600.jpg","price":"4,57 €","price_unit":"(13,06 € / Kilo)","categories":["Supermercado","Dietéticos","Desayunos, dulces y pan","Cereales de desayuno","EL GRANERO INTEGRAL Bio arroz integral hinchado con ágave y cereales ecológico bolsa 350 g"],"general_information":["Denominación del alimento: cereales hinchados","Nombre del operador: BIOGRAN  S L","Dirección del operador: AVDA. DOÑA MARIA GARCINI, 16 - POL. IND. 28860 PARACUELLOS DE JARAMA","Cantidad Neta: 350 g"],"ingredients":[" arroz integral hinchado* 70% y sirope de agave* 30%. Puede contener trazas de gluten, sésamo, soja y frutos secos.(*)=De cultivo ecológico."],"conservation":" Mantener en lugar fresco y seco.","ean":"8422584039443"},{"full_name":"EL GRANERO INTEGRAL Bio arroz integral hinchado con ágave y cacao ecológico bolsa 350 g","name":"Bio arroz integral hinchado con ágave y cacao ecológico bolsa 350 g","brand":"EL GRANERO INTEGRAL ","img":"https://sgfm.elcorteingles.es/SGFM/dctm/MEDIA02/CONTENIDOS/201508/06/00120752700490____1__600x600.jpg","price":"4,57 €","price_unit":"(13,06 € / Kilo)","categories":["Supermercado","Dietéticos","Desayunos, dulces y pan","Cereales de desayuno","EL GRANERO INTEGRAL Bio arroz integral hinchado con ágave y cacao ecológico bolsa 350 g"],"general_information":["Denominación del alimento: Arroz integral hinchado con ágave y cacao","Nombre del operador: BIOGRAN  S L","Dirección del operador: AVDA. DOÑA MARIA GARCINI, 16 - POL. IND. 28860 PARACUELLOS DE JARAMA","Cantidad Neta: 350 g"],"ingredients":[" arroz integral hinchado* 65%, sirope de agave* 26% y cacao en polvo* 9%. Puede contener trazas de gluten, sésamo, soja y frutos secos.(*)=De cultivo ecológico."],"conservation":" Mantener en lugar fresco y seco.","ean":"8422584039429"},{"full_name":"EL GRANERO INTEGRAL Bio copos de avena suave integral ecológicos bolsa 1 kg","name":"Bio copos de avena suave integral ecológicos bolsa 1 kg","brand":"EL GRANERO INTEGRAL ","img":"https://sgfm.elcorteingles.es/SGFM/dctm/MEDIA03/201705/12/00120703500148____1__600x600.jpg","price":"3,25 €","price_unit":"(3,25 € / Kilo)","categories":["Supermercado","Dietéticos","Desayunos, dulces y pan","Cereales de desayuno","EL GRANERO INTEGRAL Bio copos de avena suave integral ecológicos bolsa 1 kg"],"general_information":[],"ingredients":[],"ean":"8422584048414"},{"full_name":"EL GRANERO INTEGRAL Bio bolitas de quinoa con ágave y coco ecológicas bolsa 300 g","name":"Bio bolitas de quinoa con ágave y coco ecológicas bolsa 300 g","brand":"EL GRANERO INTEGRAL ","img":"https://sgfm.elcorteingles.es/SGFM/dctm/MEDIA03/201705/12/00120703500155____1__600x600.jpg","price":"5,00 €","price_unit":"(16,67 € / Kilo)","categories":["Supermercado","Dietéticos","Desayunos, dulces y pan","Cereales de desayuno","EL GRANERO INTEGRAL Bio bolitas de quinoa con ágave y coco ecológicas bolsa 300 g"],"general_information":[],"ingredients":[],"ean":"8422584048933"},{"full_name":"GRANOVITA copos 5 cereales ecológicos bolsa 500 g","name":"copos 5 cereales ecológicos bolsa 500 g","brand":"GRANOVITA ","img":"https://sgfm.elcorteingles.es/SGFM//00/05/6/0120703500056/0120703500056000g01011.jpg","price":"2,79 €","price_unit":"(5,58 € / Kilo)","categories":["Supermercado","Dietéticos","Desayunos, dulces y pan","Cereales de desayuno","GRANOVITA copos 5 cereales ecológicos bolsa 500 g"],"general_information":[" Ricos en proteínas, vitaminas (B y E), fibra y minerales de gran valor nutritivo. Fácil asimilación. Complemento ideal en la dieta alimenticia en la que se exige un esfuerzo intelectual o físico. Ideal para un desayuno lleno de energía prolongada debido a que es un alimento de absorción lenta y su energía dura más tiempo.\n\nLos granos de los cereales suponen un considerable aporte de energía en la alimentación humana. Son muy ricos en fibras, en sales minerales y en ácido fólico. Al ser integrales y llevar el germen son también ricos en proteínas y vitaminas del grupo B y E. Los copos son granos de cereales que han sido aplastados para facilitar su digestión, manteniendo íntegras las propiedades del grano."],"ingredients":["Ingredientes: avena*, cebada*, trigo*, centeno*, corn flakes* (harina de maíz*, sirope de maíz*, sal).\n*De agricultura ecológica certificada."],"ean":"8423266500046"},{"full_name":"GRANOVITA bocaditos de avena y miel rellenos de cacahuete envase 350 g","name":"bocaditos de avena y miel rellenos de cacahuete envase 350 g","brand":"GRANOVITA ","img":"https://sgfm.elcorteingles.es/SGFM/00/65/9/0200313300659/0200313300659000g01011.jpg","price":"4,19 €","price_unit":"(11,97 € / Kilo)","categories":["Supermercado","Dietéticos","Desayunos, dulces y pan","Cereales de desayuno","GRANOVITA bocaditos de avena y miel rellenos de cacahuete envase 350 g"],"general_information":[],"ingredients":[],"ean":"8423266500381"},{"full_name":"GRANOVITA Corn Flakes cereales integrales sin azúcar bolsa 375 g","name":"Corn Flakes cereales integrales sin azúcar bolsa 375 g","brand":"GRANOVITA ","img":"https://sgfm.elcorteingles.es/SGFM/00/32/3/0120713300323/0120713300323000g01011.jpg","price":"3,05 €","price_unit":"(8,71 € / Kilo)","categories":["Supermercado","Dietéticos","Desayunos, dulces y pan","Cereales de desayuno","GRANOVITA Corn Flakes cereales integrales sin azúcar bolsa 375 g"],"general_information":[],"ingredients":[],"ean":"8423266500343"},{"full_name":"EL HORNO DE LEÑA copos de avena integrales finos y ecológicos bolsa 500 g","name":"copos de avena integrales finos y ecológicos bolsa 500 g","brand":"EL HORNO DE LEÑA ","img":"https://sgfm.elcorteingles.es/SGFM/dctm/MEDIA03/201706/07/00120752700623____1__600x600.jpg","price":"2,25 €","price_unit":"(4,50 € / Kilo)","categories":["Supermercado","Dietéticos","Desayunos, dulces y pan","Cereales de desayuno","EL HORNO DE LEÑA copos de avena integrales finos y ecológicos bolsa 500 g"],"general_information":[],"ingredients":[],"ean":"8421615001664"},{"full_name":"EL HORNO DE LEÑA copos integrales de avena gruesos y ecológicos bolsa 500 g","name":"copos integrales de avena gruesos y ecológicos bolsa 500 g","brand":"EL HORNO DE LEÑA ","img":"https://sgfm.elcorteingles.es/SGFM/dctm/MEDIA03/201706/07/00120752700631____1__600x600.jpg","price":"2,25 €","price_unit":"(4,50 € / Kilo)","categories":["Supermercado","Dietéticos","Desayunos, dulces y pan","Cereales de desayuno","EL HORNO DE LEÑA copos integrales de avena gruesos y ecológicos bolsa 500 g"],"general_information":[],"ingredients":[],"ean":"8421615001657"},{"full_name":"ESGIR copos de avena extra suaves alto en fibra envase 500 g","name":"copos de avena extra suaves alto en fibra envase 500 g","brand":"ESGIR ","img":"https://sgfm.elcorteingles.es/SGFM/dctm/MEDIA03/201705/12/00120703400620____1__600x600.jpg","price":"1,59 €","price_unit":"(3,18 € / Kilo)","categories":["Supermercado","Dietéticos","Desayunos, dulces y pan","Cereales de desayuno","ESGIR copos de avena extra suaves alto en fibra envase 500 g"],"general_information":["Denominación del alimento: Avena instan","Nombre del operador: Esgir,S.l.","Dirección del operador: C/Alberic 5 - C.P. 46680 Algemesí (Valencia)","Lugar de procedencia del alimento: Valencia (España)","Cantidad Neta: 500 g","Peso neto escurrido: 500 g"],"ingredients":[" Copos avena"],"conservation":" Consérvese en lugar fresco y seco. Sin olores y preservado de la luz solar.","ean":"8414472100656"},{"full_name":"ESGIR copos de avena sin gluten bolsa 450 g","name":"copos de avena sin gluten bolsa 450 g","brand":"ESGIR ","img":"https://sgfm.elcorteingles.es/SGFM/dctm/MEDIA03/201606/23/00120745100436____1__600x600.jpg","price":"4,00 €","categories":["Supermercado","Dietéticos","Desayunos, dulces y pan","Cereales de desayuno","ESGIR copos de avena sin gluten bolsa 450 g"],"general_information":["Denominación del alimento: Copos avena sin gluten","Nombre del operador: Esgir S.L.","Dirección del operador: C/Alberic 5 - C.P. 46680 Algemesí (Valencia)","Lugar de procedencia del alimento: Valencia (España)","Cantidad Neta: 450 g","Peso neto escurrido: 450 g"],"ingredients":[" Copos avena sin gluten"],"conservation":" Consérvese en lugar fresco y seco. Sin olores y preservado de la luz solar.","ean":"8414472102322"},{"full_name":"ESGIR Corn Flakes Classic cereales de desayuno sin gluten sin azúcares añadidos bolsa 300 g","name":"Corn Flakes Classic cereales de desayuno sin gluten sin azúcares añadidos bolsa 300 g","brand":"ESGIR ","img":"https://sgfm.elcorteingles.es/SGFM/dctm/MEDIA03/201606/23/00120745100451____1__600x600.jpg","price":"2,25 €","categories":["Supermercado","Dietéticos","Desayunos, dulces y pan","Cereales de desayuno","ESGIR Corn Flakes Classic cereales de desayuno sin gluten sin azúcares añadidos bolsa 300 g"],"general_information":["Denominación del alimento: Corn flakes","Nombre del operador: Esgir S.L.","Dirección del operador: C/Alberic 5 - C.P. 46680 Algemesí (Valencia)","Lugar de procedencia del alimento: Valencia (España)","Cantidad Neta: 300 g","Peso neto escurrido: 300 g"],"ingredients":[" Maiz 98,7%, sal, emulgente:lecitina girasol."],"conservation":" Consérvese en lugar fresco y seco. Sin olores y preservado de la luz solar.","ean":"8414472102308"},{"full_name":"ESGIR cereales de chocolate sin gluten sin huevo sin leche bolsa 375 g","name":"cereales de chocolate sin gluten sin huevo sin leche bolsa 375 g","brand":"ESGIR ","img":"https://sgfm.elcorteingles.es/SGFM/dctm/MEDIA03/201606/23/00120745100428____1__600x600.jpg","price":"2,30 €","categories":["Supermercado","Dietéticos","Desayunos, dulces y pan","Cereales de desayuno","ESGIR cereales de chocolate sin gluten sin huevo sin leche bolsa 375 g"],"general_information":["Denominación del alimento: Cereal choc sin gluten","Nombre del operador: Esgir S.L.","Dirección del operador: C/Alberic 5 - C.P. 46680 Algemesí (Valencia)","Lugar de procedencia del alimento: Valencia (España)","Cantidad Neta: 375 g","Peso neto escurrido: 375 g"],"ingredients":[" Cereal 72% (Harina de Maíz y de arroz ),azúcar, cacao 3,8%,grasa vegetal de palma, emulgente: lecitina de soja y aromas)"],"conservation":" Consérvese en lugar fresco y seco. Sin olores y preservado de la luz solar.","ean":"8414472101936"},{"full_name":"ESGIR cereales de trigo integral con miel envase 375 g","name":"cereales de trigo integral con miel envase 375 g","brand":"ESGIR ","img":"https://sgfm.elcorteingles.es/SGFM/dctm/MEDIA03/201706/27/00120713300638____7__600x600.jpg","price":"2,39 €","price_unit":"(6,37 € / Kilo)","categories":["Supermercado","Dietéticos","Desayunos, dulces y pan","Cereales de desayuno","ESGIR cereales de trigo integral con miel envase 375 g"],"general_information":["Denominación del alimento: Trigo integral miel","Nombre del operador: Esgir,S.l.","Dirección del operador: C/Alberic 5 - C.P. 46680 Algemesí (Valencia)","Lugar de procedencia del alimento: Valencia (España)","Cantidad Neta: 375 g","Peso neto escurrido: 375 g"],"ingredients":[" Trigo Inflado37 % , jarabe de glucosa,azúcar, miel 0,2 %,grasa vegetal de palma, y emulgente:lecitina de soja"],"conservation":" Consérvese en lugar fresco y seco. Sin olores y preservado de la luz solar.","ean":"8414472100014"},{"full_name":"ESGIR Corn Flakes envase 375 g","name":"Corn Flakes envase 375 g","brand":"ESGIR ","img":"https://sgfm.elcorteingles.es/SGFM/dctm/MEDIA03/201705/12/00200313300634____1__600x600.jpg","price":"2,05 €","price_unit":"(5,47 € / Kilo)","categories":["Supermercado","Dietéticos","Desayunos, dulces y pan","Cereales de desayuno","ESGIR Corn Flakes envase 375 g"],"general_information":["Denominación del alimento: Corn flakes sin gluten","Nombre del operador: Esgir S.L.","Dirección del operador: C/Alberic 5 - C.P. 46680 Algemesí (Valencia)","Lugar de procedencia del alimento: Valencia (España)","Cantidad Neta: 375 g","Peso neto escurrido: 375 g"],"ingredients":[" Maíz 99,7 % y sal"],"conservation":" Consérvese en lugar fresco y seco. Sin olores y preservado de la luz solar.","ean":"8414472100069"},{"full_name":"ESGIR Corn Flakes Integrales ricos en fibra al cacao sin gluten envase 375 g","name":"Corn Flakes Integrales ricos en fibra al cacao sin gluten envase 375 g","brand":"ESGIR ","img":"https://sgfm.elcorteingles.es/SGFM/dctm/MEDIA03/201707/19/00120745100287____6__600x600.jpg","price":"2,13 €","price_unit":"(5,68 € / Kilo)","categories":["Supermercado","Dietéticos","Desayunos, dulces y pan","Cereales de desayuno","ESGIR Corn Flakes Integrales ricos en fibra al cacao sin gluten envase 375 g"],"general_information":["Denominación del alimento: Bran flakes sin gluten","Nombre del operador: Esgir S.L.","Dirección del operador: C/Alberic 5 - C.P. 46680 Algemesí (Valencia)","Lugar de procedencia del alimento: Valencia (España)","Cantidad Neta: 375 g","Peso neto escurrido: 375 g"],"ingredients":[" Harina de maíz 77% , azúcar ,salvado de maíz 6% y cacao."],"conservation":" Consérvese en lugar fresco y seco. Sin olores y preservado de la luz solar.","ean":"8414472100038"},{"full_name":"ESGIR Corn Flakes sin azúcar añadido envase 375 g","name":"Corn Flakes sin azúcar añadido envase 375 g","brand":"ESGIR ","img":"https://sgfm.elcorteingles.es/SGFM/dctm/MEDIA02/CONTENIDOS/201504/17/00120713300679____2__600x600.jpg","price":"2,35 €","price_unit":"(6,27 € / Kilo)","categories":["Supermercado","Dietéticos","Desayunos, dulces y pan","Cereales de desayuno","ESGIR Corn Flakes sin azúcar añadido envase 375 g"],"general_information":[],"ingredients":[],"ean":"8414472101523"},{"full_name":"ESGIR Mix bolitas de cereales sin gluten sin huevo sin leche bolsa 375 g","name":"Mix bolitas de cereales sin gluten sin huevo sin leche bolsa 375 g","brand":"ESGIR ","img":"https://sgfm.elcorteingles.es/SGFM/dctm/MEDIA03/201606/23/00120745100469____1__600x600.jpg","price":"2,30 €","categories":["Supermercado","Dietéticos","Desayunos, dulces y pan","Cereales de desayuno","ESGIR Mix bolitas de cereales sin gluten sin huevo sin leche bolsa 375 g"],"general_information":["Denominación del alimento: Cereal mix vainilla & choco","Nombre del operador: Esgir S.L.","Dirección del operador: C/Alberic 5 - C.P. 46680 Algemesí (Valencia)","Lugar de procedencia del alimento: Valencia (España)","Cantidad Neta: 375 g","Peso neto escurrido: 375 g"],"ingredients":[" Harina de maíz 64,5%,azúcar, cacao1,5%,grasa vegetal de palma, emulgente lecitina de soja y aromas"],"conservation":" Consérvese en lugar fresco y seco. Sin olores y preservado de la luz solar.","ean":"8414472101929"},{"full_name":"ESGIR Choco pétalos cereales de chocolate sin gluten sin huevo sin leche bolsa 375 g","name":"Choco pétalos cereales de chocolate sin gluten sin huevo sin leche bolsa 375 g","brand":"ESGIR ","img":"https://sgfm.elcorteingles.es/SGFM/dctm/MEDIA03/201606/23/00120745100410____1__600x600.jpg","price":"2,30 €","categories":["Supermercado","Dietéticos","Desayunos, dulces y pan","Cereales de desayuno","ESGIR Choco pétalos cereales de chocolate sin gluten sin huevo sin leche bolsa 375 g"],"general_information":["Denominación del alimento: Choco petalos","Nombre del operador: Esgir S.L.","Dirección del operador: C/Alberic 5 - C.P. 46680 Algemesí (Valencia)","Lugar de procedencia del alimento: Valencia (España)","Cantidad Neta: 375 g","Peso neto escurrido: 375 g"],"ingredients":[" Cereales 64%(Harina de Maíz , harina de arroz) azúcar, cacao 3%, grasa vegetal de palma, emulgente: lecitina de soja y aromas."],"conservation":" Consérvese en lugar fresco y seco. Sin olores y preservado de la luz solar.","ean":"8414472102292"},{"full_name":"ESGIR Choco Zero cereales de chocolate sin gluten sin azúcar bolsa 300 g","name":"Choco Zero cereales de chocolate sin gluten sin azúcar bolsa 300 g","brand":"ESGIR ","img":"https://sgfm.elcorteingles.es/SGFM/dctm/MEDIA03/201606/23/00120745100444____1__600x600.jpg","price":"2,45 €","categories":["Supermercado","Dietéticos","Desayunos, dulces y pan","Cereales de desayuno","ESGIR Choco Zero cereales de chocolate sin gluten sin azúcar bolsa 300 g"],"general_information":["Denominación del alimento: ChocoZero","Nombre del operador: Esgir S.L.","Dirección del operador: C/Alberic 5 - C.P. 46680 Algemesí (Valencia)","Lugar de procedencia del alimento: Valencia (España)","Cantidad Neta: 300 g","Peso neto escurrido: 300 g"],"ingredients":[" Cereal 72 % (Harina de maíz y de arroz ), edulcorante:( isomalt y sucralosa),cacao ,grasa vegetal de palma, emulgente:lecitina de soja y aromas"],"conservation":" Consérvese en lugar fresco y seco. Sin olores y preservado de la luz solar.","ean":"8414472201421"},{"full_name":"ESGIR Corn Flakes cereales de desayuno sin azúcares añadidos y sin gluten paquete 25 g ración individual","name":"Corn Flakes cereales de desayuno sin azúcares añadidos y sin gluten paquete 25 g","brand":"ESGIR ","img":"https://sgfm.elcorteingles.es/SGFM/dctm/MEDIA03/201706/02/00120745100477____1__600x600.jpg","price":"0,60 €","categories":["Supermercado","Dietéticos","Desayunos, dulces y pan","Cereales de desayuno","ESGIR Corn Flakes cereales de desayuno sin azúcares añadidos y sin gluten paquete 25 g ración individual"],"general_information":["Denominación del alimento: SA Corn flakes classis sin gluten","Nombre del operador: Esgir S.L.","Dirección del operador: C/Alberic 5 - C.P. 46680 Algemesí (Valencia)","Lugar de procedencia del alimento: Valencia (España)","Cantidad Neta: 25 g","Peso neto escurrido: 25 g"],"ingredients":[" Maíz 98,7 % , sal, emulgente: lecitina de girasol"],"conservation":" Consérvese en lugar fresco y seco. Sin olores y preservado de la luz solar.","ean":"8414472102599"},{"full_name":"SCHAR Corn Flakes sin gluten y sin lactosa envase 250 g","name":"Corn Flakes sin gluten y sin lactosa envase 250 g","brand":"SCHAR ","img":"https://sgfm.elcorteingles.es/SGFM/dctm/MEDIA03/201702/23/00120745100253____1__600x600.jpg","price":"2,15 €","price_unit":"(8,60 € / Kilo)","categories":["Supermercado","Dietéticos","Desayunos, dulces y pan","Cereales de desayuno","SCHAR Corn Flakes sin gluten y sin lactosa envase 250 g"],"general_information":["Denominación del alimento: Cornflakes sin gluten","País de origen: Suiza","Nombre del operador: Dr. Schär AG / SPA","Dirección del operador: Winkelau 9 - 39014 Burgstall / Postal (BZ) - Italy","Cantidad Neta: 250 g"],"ingredients":[" maíz, azúcar, sal, emulgente: lecitinade girasol, vitaminas (niacina, ácido pantoténico, vitamina B6, riboflavina,tiamina, ácido fólico, biotina, vitamina B12)"],"conservation":" Conservar en lugar fresco y seco","ean":"8008698002223"},{"full_name":"SCHAR cereales de rizo sin gluten envase 300 g","name":"cereales de rizo sin gluten envase 300 g","brand":"SCHAR ","img":"https://sgfm.elcorteingles.es/SGFM/dctm/MEDIA03/201610/19/00120745100246____2__600x600.jpg","price":"4,55 €","price_unit":"(15,17 € / Kilo)","categories":["Supermercado","Dietéticos","Desayunos, dulces y pan","Cereales de desayuno","SCHAR cereales de rizo sin gluten envase 300 g"],"general_information":["Denominación del alimento: Cornflakes sin gluten","País de origen: Italia","Nombre del operador: Dr. Schär AG / SPA","Dirección del operador: Winkelau 9 I-39014 Burgstall / Postal","Cantidad Neta: 300 g"],"ingredients":[" Ingredientes:  arroz (82%), azúcar, fibra de maíz 6%,fructosa, sal, vitaminas (tiamina, riboflavina, niacina, ácido pantoténico, B6,ácido fólico, B12, D), hierro"],"conservation":"Modo de empleo: No especificado","ean":"8008698005903"},{"full_name":"SCHAR Milly Magic bolitas crujientes de cereales con chocolate sin gluten y sin lactosa envase 250 g","name":"Milly Magic bolitas crujientes de cereales con chocolate sin gluten y sin lactosa envase 250 g","brand":"SCHAR ","img":"https://sgfm.elcorteingles.es/SGFM/dctm/MEDIA03/201612/20/00120745100261____2__600x600.jpg","price":"3,75 €","price_unit":"(15 € / Kilo)","categories":["Supermercado","Dietéticos","Desayunos, dulces y pan","Cereales de desayuno","SCHAR Milly Magic bolitas crujientes de cereales con chocolate sin gluten y sin lactosa envase 250 g"],"general_information":["Denominación del alimento: Cookies sin gluten","País de origen: Austria","Nombre del operador: Dr. Schär AG / SPA","Dirección del operador: Winkelau 9 I-39014 Burgstall / Postal","Cantidad Neta: 250 g"],"ingredients":[" Ingredientes:  Sémola di maíz, azúcar, cacao en polvo 8%, sal yodada"],"conservation":"Modo de empleo: No especificado","ean":"8008698007709"},{"full_name":"QUAKER copos de avena sin gluten lata 510 g","name":"copos de avena sin gluten lata 510 g","brand":"QUAKER ","img":"https://sgfm.elcorteingles.es/SGFM/dctm/MEDIA03/201710/20/00120745100485____2__600x600.jpg","price":"3,70 €","price_unit":"(7,25 € / Kilo)","categories":["Supermercado","Dietéticos","Desayunos, dulces y pan","Cereales de desayuno","QUAKER copos de avena sin gluten lata 510 g"],"general_information":["Denominación del alimento: Copos de avena 100%. Sin gluten.","Nombre del operador: PepsiCo Foods. A.I.E.","Dirección del operador: Avenida de los Olmos, 2, 01013 - Vitoria, España","Cantidad Neta: 510 g"],"ingredients":[" 100% copos de avena integral."],"conservation":" Conservar en lugar fresco y seco","ean":"0038527109111"},{"full_name":"YNSADIET copos de avena baby ecológicos envase 500 g","name":"copos de avena baby ecológicos envase 500 g","brand":"YNSADIET ","img":"https://sgfm.elcorteingles.es/SGFM//00/07/2/0120703500072/0120703500072000g01011.jpg","price":"1,91 €","price_unit":"(3,82 € / Kilo)","categories":["Supermercado","Dietéticos","Desayunos, dulces y pan","Cereales de desayuno","YNSADIET copos de avena baby ecológicos envase 500 g"],"general_information":[],"ingredients":[],"ean":"8412016359898"},{"full_name":"YNSADIET copos de avena ecológicos envase 500 g","name":"copos de avena ecológicos envase 500 g","brand":"YNSADIET ","img":"https://sgfm.elcorteingles.es/SGFM//00/08/0/0120703500080/0120703500080000g01011.jpg","price":"1,91 €","price_unit":"(3,82 € / Kilo)","categories":["Supermercado","Dietéticos","Desayunos, dulces y pan","Cereales de desayuno","YNSADIET copos de avena ecológicos envase 500 g"],"general_information":[],"ingredients":[],"ean":"8412016359881"},{"full_name":"YNSADIET copos de centeno ecológicos envase 500 g","name":"copos de centeno ecológicos envase 500 g","brand":"YNSADIET ","img":"https://sgfm.elcorteingles.es/SGFM//00/10/6/0120703500106/0120703500106000g01011.jpg","price":"2,10 €","price_unit":"(4,20 € / Kilo)","categories":["Supermercado","Dietéticos","Desayunos, dulces y pan","Cereales de desayuno","YNSADIET copos de centeno ecológicos envase 500 g"],"general_information":[],"ingredients":[],"ean":"8412016359911"},{"full_name":"YNSADIET copos de espelta ecológicos envase 500 g","name":"copos de espelta ecológicos envase 500 g","brand":"YNSADIET ","img":"https://sgfm.elcorteingles.es/SGFM//00/09/8/0120703500098/0120703500098000g01011.jpg","price":"2,50 €","price_unit":"(5 € / Kilo)","categories":["Supermercado","Dietéticos","Desayunos, dulces y pan","Cereales de desayuno","YNSADIET copos de espelta ecológicos envase 500 g"],"general_information":[],"ingredients":[],"ean":"8412016360047"},{"full_name":"VITABELLA delicias de avena con chocolate y avellanas sin gluten sin soja ecológicas envase 300 g","name":"delicias de avena con chocolate y avellanas sin gluten sin soja ecológicas envase 300 g","brand":"VITABELLA ","img":"https://sgfm.elcorteingles.es/SGFM/dctm/MEDIA03/201606/13/00120745100394____1__600x600.jpg","price":"3,99 €","categories":["Supermercado","Dietéticos","Desayunos, dulces y pan","Cereales de desayuno","VITABELLA delicias de avena con chocolate y avellanas sin gluten sin soja ecológicas envase 300 g"],"general_information":["Denominación del alimento: Cereales crujientes con relleno de crema de chocolate y avellanas biológicos y sin gluten","País de origen: Italia","Nombre del operador: Inasa Import S.L","Dirección del operador: Calle Zurbarán 7. entreplanta 4-28010 Madrid","Lugar de procedencia del alimento: Italia","Cantidad Neta: 300 g","Número de raciones por envase: 10"],"ingredients":[" Crema de cacao y avellanas (35%), [azúcar*, aceite vegetal*, avellanas* (13% correspondiente al 4,5% del producto final), leche descremada en polvo*, cacao en polvo bajo en grasa*, manteca de cacao*, emulsionante: lecitina de girasol*, extracto de vainilla], harina de arroz*, harina de avena*, harina de maíz, azúcar*, extracto vegetal (zanahoria*, calabaza*, rábano*, manzana*, casis*), sal marina. * proveniente de Agricultura Biológica. Contiene avellanas, leche y derivados,"],"conservation":" Consérvese en lugar fresco y seco. Cerrar la bolsa después de cada uso","ean":"8000113009688"},{"full_name":"VITABELLA delicias de avena con fresa sin gluten sin soja ecológicas aptas para veganos envase 300 g","name":"delicias de avena con fresa sin gluten sin soja ecológicas aptas para veganos envase 300 g","brand":"VITABELLA ","img":"https://sgfm.elcorteingles.es/SGFM/dctm/MEDIA03/201606/13/00120745100402____1__600x600.jpg","price":"3,99 €","categories":["Supermercado","Dietéticos","Desayunos, dulces y pan","Cereales de desayuno","VITABELLA delicias de avena con fresa sin gluten sin soja ecológicas aptas para veganos envase 300 g"],"general_information":["Denominación del alimento: Cereales crujientes con relleno de fresa biológicos y sin gluten","País de origen: Italia","Nombre del operador: Inasa Import S.L","Dirección del operador: Calle Zurbarán 7. entreplanta 4-28010 Madrid","Lugar de procedencia del alimento: Italia","Cantidad Neta: 300 g","Número de raciones por envase: 10"],"ingredients":[" Harina de arroz* (25,4%), harina de avena* (23,8%),harina de maíz* (23,1%), puré de fresa* (20%) [Jarabe de Glucosa y Fructosa*, puré de manzana*, puré de fresa* (24% correspondiente al 4,8% del producto final), Azúcar*, acidificante: ácido cítrico, jarabe concentrado de zanahoria negra*, aromas naturales], azucar*, sal marin. *producto derivado de la aricoltura biológica. Puede contener trazas de leche."],"conservation":" Consérvese en lugar fresco y seco. Cerrar la bolsa después de cada uso","ean":"8000113009695"},{"full_name":"VITABELLA cereal multigrano alto en fibra sin gluten sin lactosa ecológico apto para vegano envase 300 g","name":"cereal multigrano alto en fibra sin gluten sin lactosa ecológico apto para vegano envase 300 g","brand":"VITABELLA ","img":"https://sgfm.elcorteingles.es/SGFM/dctm/MEDIA03/201606/13/00120745100386____1__600x600.jpg","price":"3,99 €","categories":["Supermercado","Dietéticos","Desayunos, dulces y pan","Cereales de desayuno","VITABELLA cereal multigrano alto en fibra sin gluten sin lactosa ecológico apto para vegano envase 300 g"],"general_information":["Denominación del alimento: Copos de arroz y maíz ricos en fibras biológicos y sin gluten","País de origen: Italia","Nombre del operador: Inasa Import S.L","Dirección del operador: Calle Zurbarán 7. entreplanta 4-28010 Madrid","Lugar de procedencia del alimento: Italia","Cantidad Neta: 300 g","Número de raciones por envase: 10"],"ingredients":[" Arroz* (59%), salvado de maíz* (30%), harina de maíz* (2%), azúcar*, sal marina. *productos dericados de agricultura biológica."],"conservation":" Consérvese en lugar fresco y seco. Cerrar la bolsa después de cada uso","ean":"8000113009473"},{"full_name":"BIOCOP copos finos avena integral biológica bolsa 500 g","name":"copos finos avena integral biológica bolsa 500 g","brand":"BIOCOP ","img":"https://sgfm.elcorteingles.es/SGFM/dctm/MEDIA03/201702/01/00120778400166____1__600x600.jpg","price":"1,89 €","price_unit":"(3,78 € / Kilo)","categories":["Supermercado","Dietéticos","Desayunos, dulces y pan","Cereales de desayuno","BIOCOP copos finos avena integral biológica bolsa 500 g"],"general_information":["Denominación del alimento: Copos de avena finos","Nombre del operador: Biocop Productos Biológicos, S.A.","Dirección del operador: C/Puigmal 3 - 08185 Lliçà de Vall (Barcelona)","Cantidad Neta: 500 g","Otras menciones obligatorias en la etiqueta: Envasado en atmósfera protectora"],"ingredients":[" Copos de avena integrales finos*. *De agricultura biológica. Contiene gluten. Puede contener trazas de sésamo, soja y frutos secos."],"conservation":" Mantener en lugar fresco y seco.","ean":"8423903014295"},{"full_name":"SARCHIO trigo kamut hinchado ecológico envase 200 g","name":"trigo kamut hinchado ecológico envase 200 g","brand":"SARCHIO ","img":"https://sgfm.elcorteingles.es/SGFM/00/77/8/0120713300778/0120713300778000g01011.jpg","price":"4,10 €","price_unit":"(20,50 € / Kilo)","categories":["Supermercado","Dietéticos","Desayunos, dulces y pan","Cereales de desayuno","SARCHIO trigo kamut hinchado ecológico envase 200 g"],"general_information":[],"ingredients":[],"ean":"8003712008144"}]