[{"full_name":"FRANZISKANER cerveza rubia de trigo sin alcohol botella 50 cl","name":"cerveza rubia de trigo sin alcohol botella 50 cl","brand":"FRANZISKANER ","img":"https://sgfm.elcorteingles.es/SGFM/01/72/7/0118605501727/0118605501727000g01011.jpg","price":"1,39 €","price_unit":"(2,78 € / Litro)","categories":["Supermercado","Bebidas","Cervezas","Cervezas","Cerveza de trigo","FRANZISKANER cerveza rubia de trigo sin alcohol botella 50 cl"],"general_information":["Denominación del alimento: CERVEZA","País de origen: Alemania","Nombre del operador: GMODELO EUROPA SAU","Dirección del operador: c/Aluminio nr 12-Poligono industrial Miralcampo - 19 200 Azuqueca de Henares","Lugar de procedencia del alimento: Alemania","Cantidad Neta: 50,0 Centilitros","Porcentaje de alcohol: 0,0%"],"ingredients":[" agua, malta de trigo, malta de cebada, extracto de lupulo, levadura"],"ean":"4072700318675"},{"full_name":"ERDINGER cerveza rubia de trigo sin alcohol botella 33 cl","name":"cerveza rubia de trigo sin alcohol botella 33 cl","brand":"ERDINGER ","img":"https://sgfm.elcorteingles.es/SGFM/dctm/MEDIA02/CONTENIDOS/201407/21/00118605501198____1__600x600.jpg","price":"1,51 €","price_unit":"(4,58 € / Litro)","categories":["Supermercado","Bebidas","Cervezas","Cervezas","Cerveza de trigo","ERDINGER cerveza rubia de trigo sin alcohol botella 33 cl"],"general_information":["Denominación del alimento: Cerveza","Nombre del operador: HIJOS DE RIVERA S.A.U.","Dirección del operador: C/Jose María Rivera Corral nº6 15008 A Coruña","Cantidad Neta: 33 Centilitros","Porcentaje de alcohol: 0.4%"],"ingredients":[" Agua, malta de cebada, malta de trigo, lúpulo, levadura"],"conservation":" Mantener en lugar fresco y seco","ean":"4002103266327"},{"full_name":"SUPERBOCK cerveza negra portuguesa sin alcohol botella 33 cl","name":"cerveza negra portuguesa sin alcohol botella 33 cl","brand":"SUPERBOCK ","img":"https://sgfm.elcorteingles.es/SGFM/dctm/MEDIA03/201602/08/00118605501883____1__600x600.jpg","price":"0,96 €","price_unit":"(2,91 € / Litro)","categories":["Supermercado","Bebidas","Cervezas","Cervezas","Cerveza negra","SUPERBOCK cerveza negra portuguesa sin alcohol botella 33 cl"],"general_information":[],"ingredients":[],"ean":"0000056075557"},{"full_name":"MAHOU 0,0 cerveza tostada sin alcohol lata 33 cl","name":"0,0 cerveza tostada sin alcohol lata 33 cl","brand":"MAHOU ","img":"https://sgfm.elcorteingles.es/SGFM/dctm/MEDIA03/201705/23/00118604400475____1__600x600.jpg","price":"0,55 €","price_unit":"(1,67 € / Litro)","categories":["Supermercado","Bebidas","Cervezas","Cervezas","Cerveza tostada","MAHOU 0,0 cerveza tostada sin alcohol lata 33 cl"],"general_information":["Denominación del alimento: CERVEZA SIN ALCOHOL","Nombre del operador: MAHOU, S.A.","Dirección del operador: Calle Titan, 15  28045  Madrid","Cantidad Neta: 0.33 Litros","Porcentaje de alcohol: 0%"],"ingredients":[" Agua, Malta de Cebada, Maíz, Lúpulo, Aromas, Antioxidante: Acido cítrico"],"ean":"8411327002745"},{"full_name":"ALIADA cerveza rubia sin alcohol pack 12 latas 33 cl","name":"cerveza rubia sin alcohol pack 12 latas 33 cl","brand":"ALIADA ","img":"https://sgfm.elcorteingles.es/SGFM/01/74/3/0118605501743/0118605501743000g01011.jpg","price":"3,00 €","price_unit":"(9,09 € / Litro)","categories":["Supermercado","Bebidas","Cervezas","Cervezas sin alcohol","Cervezas sin alcohol","ALIADA cerveza rubia sin alcohol pack 12 latas 33 cl"],"general_information":["Denominación del alimento: CERVEZA SIN ALCOHOL","Nombre del operador: Elaborado para\nEl  Grupo El Corte Inglés\nHermosilla, 112 - 28009 Madrid ? España por \nB-46984290."],"ingredients":[" Ingredientes: Agua, malta de cebada, maíz, cebada, jarabe de glucosa, lúpulo, colorante \nE-150 c, estabilizante E-405."],"conservation":" Consérvese en un lugar fresco, sin olores agresivos y fuera del alcance de la luz solar.","ean":"8433329018982"},{"full_name":"MAHOU SIN cerveza sin alcohol pack 12 latas 33 cl","name":"cerveza sin alcohol pack 12 latas 33 cl","brand":"MAHOU SIN ","img":"https://sgfm.elcorteingles.es/SGFM/dctm/MEDIA03/201706/22/00118605501321____5__600x600.jpg","price":"6,12 €","price_unit":"(1,55 € / Litro)","categories":["Supermercado","Bebidas","Cervezas","Cervezas sin alcohol","Cervezas sin alcohol","MAHOU SIN cerveza sin alcohol pack 12 latas 33 cl"],"general_information":["Denominación del alimento: CERVEZA SIN ALCOHOL","Nombre del operador: MAHOU, S.A.","Dirección del operador: Calle Titan, 15  28045  Madrid","Cantidad Neta: 3.96 Litros","Porcentaje de alcohol: 0.85%"],"ingredients":[" Agua, Malta de Cebada, Maíz, Lúpulo, Antioxidante: Acido cítrico (E-330)"],"ean":"8411327000802"},{"full_name":"MAHOU SIN cerveza sin alcohol pack 6 botella 25 cl","name":"cerveza sin alcohol pack 6 botella 25 cl","brand":"MAHOU SIN ","img":"https://sgfm.elcorteingles.es/SGFM/00/42/2/0118605500422/0118605500422000g01011.jpg","price":"2,08 €","price_unit":"(8,32 € / Litro)","categories":["Supermercado","Bebidas","Cervezas","Cervezas sin alcohol","Cervezas sin alcohol","MAHOU SIN cerveza sin alcohol pack 6 botella 25 cl"],"general_information":["Denominación del alimento: CERVEZA SIN ALCOHOL","Nombre del operador: MAHOU, S.A.","Dirección del operador: Calle Titan, 15  28045  Madrid","Cantidad Neta: 1.5 Litros","Porcentaje de alcohol: 0.85%"],"ingredients":[" Agua, Malta de Cebada, Maíz, Lúpulo, Antioxidante: Acido cítrico (E-330)"],"ean":"8411327731065"},{"full_name":"MAHOU SIN cerveza sin alcohol lata 33 cl","name":"SIN cerveza sin alcohol lata 33 cl","brand":"MAHOU ","img":"https://sgfm.elcorteingles.es/SGFM/dctm/MEDIA02/CONTENIDOS/201505/05/00118605500430____1__600x600.jpg","price":"0,52 €","price_unit":"(1,58 € / Litro)","categories":["Supermercado","Bebidas","Cervezas","Cervezas sin alcohol","Cervezas sin alcohol","MAHOU SIN cerveza sin alcohol lata 33 cl"],"general_information":["Denominación del alimento: CERVEZA SIN ALCOHOL","Nombre del operador: MAHOU, S.A.","Dirección del operador: Calle Titan, 15  28045  Madrid","Cantidad Neta: 0.33 Litros","Porcentaje de alcohol: 0.85%"],"ingredients":[" Agua, Malta de Cebada, Maíz, Lúpulo, Antioxidante: Acido cítrico (E-330)"],"ean":"8411327722018"},{"full_name":"SAN MIGUEL 0,0 % cerveza sin alcohol pack 12 latas 33 cl","name":"0,0 % cerveza sin alcohol pack 12 latas 33 cl","brand":"SAN MIGUEL ","img":"https://sgfm.elcorteingles.es/SGFM/dctm/MEDIA03/201607/08/00118604400350____1__600x600.jpg","price":"6,12 €","price_unit":"(18,55 € / Litro)","categories":["Supermercado","Bebidas","Cervezas","Cervezas sin alcohol","Cervezas sin alcohol","SAN MIGUEL 0,0 % cerveza sin alcohol pack 12 latas 33 cl"],"general_information":["Denominación del alimento: CERVEZA SIN ALCOHOL","Nombre del operador: MAHOU, S.A.","Dirección del operador: Calle Titan, 15  28045  Madrid","Cantidad Neta: 3.96 Litros","Porcentaje de alcohol: 0.0%"],"ingredients":[" Agua, Malta de Cebada, Lúpulo, Aromas"],"ean":"8410655006586"},{"full_name":"SAN MIGUEL 0,0 % cerveza sin alcohol pack 6 botella 25 cl","name":"0,0 % cerveza sin alcohol pack 6 botella 25 cl","brand":"SAN MIGUEL ","img":"https://sgfm.elcorteingles.es/SGFM/dctm/MEDIA03/201607/08/00118604400186____1__600x600.jpg","price":"2,46 €","price_unit":"(9,84 € / Litro)","categories":["Supermercado","Bebidas","Cervezas","Cervezas sin alcohol","Cervezas sin alcohol","SAN MIGUEL 0,0 % cerveza sin alcohol pack 6 botella 25 cl"],"general_information":["Denominación del alimento: CERVEZA SIN ALCOHOL","Nombre del operador: MAHOU, S.A.","Dirección del operador: Calle Titan, 15  28045  Madrid","Cantidad Neta: 1.5 Litros","Porcentaje de alcohol: 0.0%"],"ingredients":[" Agua, Malta de Cebada, Lúpulo, Aromas"],"ean":"8410655006173"},{"full_name":"SAN MIGUEL 0,0% cerveza sin alcohol lata 33 cl","name":"0,0% cerveza sin alcohol lata 33 cl","brand":"SAN MIGUEL ","img":"https://sgfm.elcorteingles.es/SGFM/00/19/4/0118604400194/0118604400194000g01011.jpg","price":"0,52 €","price_unit":"(1,58 € / Litro)","categories":["Supermercado","Bebidas","Cervezas","Cervezas sin alcohol","Cervezas sin alcohol","SAN MIGUEL 0,0% cerveza sin alcohol lata 33 cl"],"general_information":["Denominación del alimento: CERVEZA SIN ALCOHOL","Nombre del operador: MAHOU, S.A.","Dirección del operador: Calle Titan, 15  28045  Madrid","Cantidad Neta: 0.33 Litros","Porcentaje de alcohol: 0.0%"],"ingredients":[" Agua, Malta de Cebada, Lúpulo, Aromas"],"ean":"8410655006142"},{"full_name":"SAN MIGUEL 0,0 % cerveza sin alcohol Isotónica 100% ingredientes naturales lata 33 cl","name":"0,0 % cerveza sin alcohol Isotónica 100% ingredientes naturales lata 33 cl","brand":"SAN MIGUEL ","img":"https://sgfm.elcorteingles.es/SGFM/dctm/MEDIA03/201608/23/00118604400434____1__600x600.jpg","price":"0,61 €","categories":["Supermercado","Bebidas","Cervezas","Cervezas sin alcohol","Cervezas sin alcohol","SAN MIGUEL 0,0 % cerveza sin alcohol Isotónica 100% ingredientes naturales lata 33 cl"],"general_information":["Denominación del alimento: CERVEZA SIN ALCOHOL","Nombre del operador: MAHOU, S.A.","Dirección del operador: Calle Titan, 15  28045  Madrid","Cantidad Neta: 0.33 Litros","Porcentaje de alcohol: 0%"],"ingredients":[" Agua, Malta de Cebada, Lúpulo, Aromas naturales"],"ean":"8410655002663"},{"full_name":"BUCKLER 0,0 cerveza sin alcohol pack 6 botella 25 cl","name":"0,0 cerveza sin alcohol pack 6 botella 25 cl","brand":"BUCKLER ","img":"https://sgfm.elcorteingles.es/SGFM/00/22/8/0118604400228/0118604400228000g01011.jpg","price":"2,15 €","price_unit":"(8,60 € / Litro)","categories":["Supermercado","Bebidas","Cervezas","Cervezas sin alcohol","Cervezas sin alcohol","BUCKLER 0,0 cerveza sin alcohol pack 6 botella 25 cl"],"general_information":["Denominación del alimento: Cerveza sin alcohol","Nombre del operador: Heineken España S.A.","Dirección del operador: Av. De Andalucia 1 - 41007 Sevilla","Cantidad Neta: 1.5 Litros","Porcentaje de alcohol: 0%"],"ingredients":[" Agua, malta de cebada, lúpulo, aroma. Este producto se elabora con malta de cebada. Contiene gluten"],"conservation":" Conservar el producto en un lugar limpio, seco y bien ventilado, protegido de la lluvia y alejado de otros productos, alimenticios o no, que puedan impartirle olores o sabores extraños. Almacenar preferiblemente entre 5° y 15°C, evitando temperaturas superiores a 25°C. Evitar exposiciones directas a la luz del sol o fuentes de calor. No congelar el producto.","ean":"8413041325315"},{"full_name":"BUCKLER 0,0 cerveza sin alcohol lata 33 cl","name":"0,0 cerveza sin alcohol lata 33 cl","brand":"BUCKLER ","img":"https://sgfm.elcorteingles.es/SGFM/00/06/1/0118604400061/0118604400061000g01011.jpg","price":"0,56 €","price_unit":"(1,70 € / Litro)","categories":["Supermercado","Bebidas","Cervezas","Cervezas sin alcohol","Cervezas sin alcohol","BUCKLER 0,0 cerveza sin alcohol lata 33 cl"],"general_information":["Denominación del alimento: Cerveza sin alcohol","Nombre del operador: Heineken España S.A.","Dirección del operador: Av. De Andalucia 1 - 41007 Sevilla","Cantidad Neta: 33 Centilitros","Porcentaje de alcohol: 0%"],"ingredients":[" Agua, malta de cebada, lúpulo, aroma. Este producto se elabora con malta de cebada. Contiene gluten"],"conservation":" Conservar el producto en un lugar limpio, seco y bien ventilado, protegido de la lluvia y alejado de otros productos, alimenticios o no, que puedan impartirle olores o sabores extraños. Almacenar preferiblemente entre 5° y 15°C, evitando temperaturas superiores a 25°C. Evitar exposiciones directas a la luz del sol o fuentes de calor. No congelar el producto.","ean":"8413041318768"},{"full_name":"ESTRELLA GALICIA 0,0 cerveza sin alcohol lata 33 cl","name":"0,0 cerveza sin alcohol lata 33 cl","brand":"ESTRELLA GALICIA ","img":"https://sgfm.elcorteingles.es/SGFM/dctm/MEDIA02/CONTENIDOS/201407/21/00200504400250____1__600x600.jpg","price":"0,53 €","price_unit":"(1,61 € / Litro)","categories":["Supermercado","Bebidas","Cervezas","Cervezas sin alcohol","Cervezas sin alcohol","ESTRELLA GALICIA 0,0 cerveza sin alcohol lata 33 cl"],"general_information":["Denominación del alimento: Cerveza","Nombre del operador: HIJOS DE RIVERA S.A.U.","Dirección del operador: C/Jose María Rivera Corral nº6 15008 A Coruña","Cantidad Neta: 33 Centilitros","Porcentaje de alcohol: 0.0%"],"ingredients":[" Agua, malta de cebada, maíz y lúpulo."],"conservation":" Mantener en lugar fresco y seco","ean":"8412598000478"},{"full_name":"ESTRELLA GALICIA 0,0 cerveza sin alcohol pack 6 botella 25 cl","name":"0,0 cerveza sin alcohol pack 6 botella 25 cl","brand":"ESTRELLA GALICIA ","img":"https://sgfm.elcorteingles.es/SGFM/dctm/MEDIA02/CONTENIDOS/201407/21/00118604400244____1__600x600.jpg","price":"2,26 €","price_unit":"(9,04 € / Litro)","categories":["Supermercado","Bebidas","Cervezas","Cervezas sin alcohol","Cervezas sin alcohol","ESTRELLA GALICIA 0,0 cerveza sin alcohol pack 6 botella 25 cl"],"general_information":["Denominación del alimento: Cerveza","Nombre del operador: HIJOS DE RIVERA S.A.U.","Dirección del operador: C/Jose María Rivera Corral nº6 15008 A Coruña","Cantidad Neta: 150 Centilitros","Porcentaje de alcohol: 0%"],"ingredients":[" Agua, malta de cebada, maíz y lúpulo."],"conservation":" Mantener en lugar fresco y seco","ean":"8412598001666"},{"full_name":"ESTRELLA LEVANTE 0,0 cerveza sin alcohol lata 33 cl","name":"0,0 cerveza sin alcohol lata 33 cl","brand":"ESTRELLA LEVANTE ","img":"https://sgfm.elcorteingles.es/SGFM/01/08/1/0118605501081/0118605501081000g01011.jpg","price":"0,47 €            ","price_unit":"(1,18 € / Litro)","categories":["Supermercado","Bebidas","Cervezas","Cervezas sin alcohol","Cervezas sin alcohol","ESTRELLA LEVANTE 0,0 cerveza sin alcohol lata 33 cl"],"general_information":["Denominación del alimento: Cerveza","Nombre del operador: DAMM S.A.","Dirección del operador: C/ ROSELLO , 515  BARCELONA,   BARCELONA","Cantidad Neta: 0.33 Litros","Porcentaje de alcohol: 0.04%"],"ingredients":[" Agua, malta de cebada, maiz, jarabe de glucosa y fructosa, arroz, lúpulo"],"conservation":" Mantener en lugar fresco, oscuro y seco","ean":"8413194106137"},{"full_name":"ESTRELLA LEVANTE 0,0 cerveza sin alcohol pack 6 botella 25 cl","name":"0,0 cerveza sin alcohol pack 6 botella 25 cl","brand":"ESTRELLA LEVANTE ","img":"https://sgfm.elcorteingles.es/SGFM/dctm/MEDIA02/CONTENIDOS/201407/21/00118605500059____1__600x600.jpg","price":"2,29 €            ","price_unit":"(7,60 € / Litro)","categories":["Supermercado","Bebidas","Cervezas","Cervezas sin alcohol","Cervezas sin alcohol","ESTRELLA LEVANTE 0,0 cerveza sin alcohol pack 6 botella 25 cl"],"general_information":["Denominación del alimento: Cerveza","Nombre del operador: DAMM S.A.","Dirección del operador: C/ ROSELLO , 515  BARCELONA,   BARCELONA","Cantidad Neta: 1.50 Litros","Porcentaje de alcohol: 0.04%"],"ingredients":[" Agua, malta de cebada, maiz, jarabe de glucosa y fructosa, arroz, lúpulo"],"conservation":" Mantener en lugar fresco, oscuro y seco","ean":"8413194014241"},{"full_name":"FREE DAMM 0,0% cerveza sin alcohol pack 6 botella 25 cl","name":"0,0% cerveza sin alcohol pack 6 botella 25 cl","brand":"FREE DAMM ","img":"https://sgfm.elcorteingles.es/SGFM/dctm/MEDIA03/201607/26/00118604400210____1__600x600.jpg","price":"2,52 €","price_unit":"(10,08 € / Litro)","categories":["Supermercado","Bebidas","Cervezas","Cervezas sin alcohol","Cervezas sin alcohol","FREE DAMM 0,0% cerveza sin alcohol pack 6 botella 25 cl"],"general_information":["Denominación del alimento: Cerveza","Nombre del operador: DAMM S.A.","Dirección del operador: C/ ROSELLO , 515  BARCELONA,   BARCELONA","Cantidad Neta: 1.50 Litros","Porcentaje de alcohol: 0.04%"],"ingredients":[" Agua, malta de cebada, maiz, jarabe de glucosa y fructosa, arroz, lúpulo"],"conservation":" Mantener en lugar fresco, oscuro y seco","ean":"8410793063847"},{"full_name":"FREE DAMM 0,0% cerveza sin alcohol lata 33 cl","name":"0,0% cerveza sin alcohol lata 33 cl","brand":"FREE DAMM ","img":"https://sgfm.elcorteingles.es/SGFM/dctm/MEDIA03/201607/26/00118604400202____1__600x600.jpg","price":"0,49 €","price_unit":"(1,48 € / Litro)","categories":["Supermercado","Bebidas","Cervezas","Cervezas sin alcohol","Cervezas sin alcohol","FREE DAMM 0,0% cerveza sin alcohol lata 33 cl"],"general_information":["Denominación del alimento: FREE DAMM","Nombre del operador: DAMM S.A.","Dirección del operador: C/ ROSELLO , 515  BARCELONA, BARCELONA","Cantidad Neta: 33 Centilitros","Otras menciones obligatorias en la etiqueta: Cerveza Sin Alcohol y  Bebida refrescante de extractos"],"ingredients":[" Agua, malta de cebada, maíz, jarabe de glucosa y fructosa, arroz, lúpulo"],"conservation":" Mantener en lugar fresco, oscuro y seco","ean":"8410793066138"},{"full_name":"ALHAMBRA SIN cerveza rubia sin alcohol botella 1 l","name":"cerveza rubia sin alcohol botella 1 l","brand":"ALHAMBRA SIN ","img":"https://sgfm.elcorteingles.es/SGFM/dctm/MEDIA03/201606/22/00118605500703____1__600x600.jpg","price":"1,32 €","price_unit":"(1,32 € / Litro)","categories":["Supermercado","Bebidas","Cervezas","Cervezas sin alcohol","Cervezas sin alcohol","ALHAMBRA SIN cerveza rubia sin alcohol botella 1 l"],"general_information":["Denominación del alimento: CERVEZA SIN ALCOHOL","Nombre del operador: MAHOU, S.A.","Dirección del operador: Calle Titán, 15  28045  Madrid","Cantidad Neta: 1 Litros","Porcentaje de alcohol: 0.7%"],"ingredients":[" Agua, Malta de Cebada, Maíz, Lúpulo"],"ean":"8413681301335"},{"full_name":"ALHAMBRA SIN cerveza rubia sin alcohol lata 33 cl","name":"cerveza rubia sin alcohol lata 33 cl","brand":"ALHAMBRA SIN ","img":"https://sgfm.elcorteingles.es/SGFM/dctm/MEDIA03/201606/22/00118605500448____3__600x600.jpg","price":"0,56 €","price_unit":"(1,70 € / Litro)","categories":["Supermercado","Bebidas","Cervezas","Cervezas sin alcohol","Cervezas sin alcohol","ALHAMBRA SIN cerveza rubia sin alcohol lata 33 cl"],"general_information":["Denominación del alimento: CERVEZA SIN ALCOHOL","Nombre del operador: MAHOU, S.A.","Dirección del operador: Calle Titán, 15  28045  Madrid","Cantidad Neta: 0.33 Litros","Porcentaje de alcohol: 0.7%"],"ingredients":[" Agua, Malta de Cebada, Maíz, Lúpulo"],"ean":"8413681210743"},{"full_name":"ALHAMBRA SIN cerveza rubia sin alcohol pack 6 botellas 25 cl","name":"cerveza rubia sin alcohol pack 6 botellas 25 cl","brand":"ALHAMBRA SIN ","img":"https://sgfm.elcorteingles.es/SGFM/dctm/MEDIA03/201606/22/00118605500455____2__600x600.jpg","price":"2,63 €","price_unit":"(10,52 € / Litro)","categories":["Supermercado","Bebidas","Cervezas","Cervezas sin alcohol","Cervezas sin alcohol","ALHAMBRA SIN cerveza rubia sin alcohol pack 6 botellas 25 cl"],"general_information":["Denominación del alimento: CERVEZA SIN ALCOHOL","Nombre del operador: MAHOU, S.A.","Dirección del operador: Calle Titán, 15  28045  Madrid","Cantidad Neta: 1.50 Litros","Porcentaje de alcohol: 0.7%"],"ingredients":[" Agua, Malta de Cebada, Maíz, Lúpulo"],"ean":"8413681110791"},{"full_name":"CRUZCAMPO SIN cerveza sin alcohol pack 6 botella 25 cl","name":"cerveza sin alcohol pack 6 botella 25 cl","brand":"CRUZCAMPO SIN ","img":"https://sgfm.elcorteingles.es/SGFM/dctm/MEDIA03/201703/16/00118605500547____2__600x600.jpg","price":"2,55 €","price_unit":"(10,20 € / Litro)","categories":["Supermercado","Bebidas","Cervezas","Cervezas sin alcohol","Cervezas sin alcohol","CRUZCAMPO SIN cerveza sin alcohol pack 6 botella 25 cl"],"general_information":["Denominación del alimento: Cerveza sin alcohol","Nombre del operador: Heineken España S.A.","Dirección del operador: Av. De Andalucia 1 - 41007 Sevilla","Cantidad Neta: 1.5 Litros","Porcentaje de alcohol: 0%"],"ingredients":[" Agua, malta de cebada, lúpulo, aroma natural. Este producto se elabora con malta de cebada. Contiene gluten"],"conservation":" Conservar el producto en un lugar limpio, seco y bien ventilado, protegido de la lluvia y alejado de otros productos, alimenticios o no, que puedan impartirle olores o sabores extraños. Almacenar preferiblemente entre 5° y 15°C, evitando temperaturas superiores a 25°C. Evitar exposiciones directas a la luz del sol o fuentes de calor. No congelar el producto.","ean":"8411090306255"},{"full_name":"CRUZCAMPO SIN cerveza sin alcohol lata 33 cl","name":"cerveza sin alcohol lata 33 cl","brand":"CRUZCAMPO SIN ","img":"https://sgfm.elcorteingles.es/SGFM/dctm/MEDIA03/201703/16/00118605501644____1__600x600.jpg","price":"0,55 €","price_unit":"(1,47 € / Litro)","categories":["Supermercado","Bebidas","Cervezas","Cervezas sin alcohol","Cervezas sin alcohol","CRUZCAMPO SIN cerveza sin alcohol lata 33 cl"],"general_information":["Denominación del alimento: Cerveza sin alcohol","Nombre del operador: Heineken España S.A.","Dirección del operador: Av. De Andalucia 1 - 41007 Sevilla","Cantidad Neta: 33 Centilitros","Porcentaje de alcohol: 0%"],"ingredients":[" Agua, malta de cebada, lúpulo, aroma natural. Este producto se elabora con malta de cebada. Contiene gluten"],"conservation":" Conservar el producto en un lugar limpio, seco y bien ventilado, protegido de la lluvia y alejado de otros productos, alimenticios o no, que puedan impartirle olores o sabores extraños. Almacenar preferiblemente entre 5° y 15°C, evitando temperaturas superiores a 25°C. Evitar exposiciones directas a la luz del sol o fuentes de calor. No congelar el producto.","ean":"8411090310139"},{"full_name":"CLAUSTHALER cerveza sin alcohol pack 4 botella 33 cl + Copa","name":"cerveza sin alcohol pack 4 botella 33 cl","brand":"CLAUSTHALER ","img":"https://sgfm.elcorteingles.es/SGFM/01/67/7/0118605501677/0118605501677000g01011.jpg","price":"6,95 €","price_unit":"(5,27 € / Litro)","categories":["Supermercado","Bebidas","Cervezas","Cervezas sin alcohol","Cervezas sin alcohol","CLAUSTHALER cerveza sin alcohol pack 4 botella 33 cl + Copa"],"general_information":["Denominación del alimento: Cerveza sin alcohol","Nombre del operador: Binding-Brauerei AG","Dirección del operador: Darmstädter Landstrasse 185, 60598 Frankfurt AM Main, ALEMANIA","Porcentaje de alcohol: 0,35%"],"ingredients":[" Agua, cebada malteada, extracto de lúpulo, ácido carbónico de fermentación"],"ean":"4053400140018"},{"full_name":"CLAUSTHALER cerveza sin alcohol botella 33 cl","name":"cerveza sin alcohol botella 33 cl","brand":"CLAUSTHALER ","img":"https://sgfm.elcorteingles.es/SGFM/00/06/7/0118605500067/0118605500067000g01011.jpg","price":"1,03 €","price_unit":"(3,12 € / Litro)","categories":["Supermercado","Bebidas","Cervezas","Cervezas sin alcohol","Cervezas sin alcohol","CLAUSTHALER cerveza sin alcohol botella 33 cl"],"general_information":["Denominación del alimento: Bebida a base de malta","Nombre del operador: Frutapac, S.A.","Dirección del operador: Muntaner, 374, 5º, 08006 Barcelona","Cantidad Neta: 0,33 Centilitros","Porcentaje de alcohol: 0,35%"],"ingredients":[" Agua, cebada malteada, extracto de lúpulo, ácido carbónico de fermentación"],"ean":"4053400279589"},{"full_name":"CLAUSTHALER Classic Premium cerveza rubia sin alcohol lata 50 cl","name":"Classic Premium cerveza rubia sin alcohol lata 50 cl","brand":"CLAUSTHALER ","img":"https://sgfm.elcorteingles.es/SGFM/dctm/MEDIA03/201612/27/00118605501917____1__600x600.jpg","price":"1,16 €","price_unit":"(2,32 € / Litro)","categories":["Supermercado","Bebidas","Cervezas","Cervezas sin alcohol","Cervezas sin alcohol","CLAUSTHALER Classic Premium cerveza rubia sin alcohol lata 50 cl"],"general_information":["Denominación del alimento: Cerveza sin alcohol","Nombre del operador: Binding-Brauerei AG","Dirección del operador: Darmstädter Landstrasse 185, 60598 Frankfurt AM Main, ALEMANIA","Porcentaje de alcohol: 0,35%"],"ingredients":[" Agua, cebada malteada, extracto de lúpulo, ácido carbónico de fermentación"],"ean":"4053400001579"},{"full_name":"CLAUSTHALER Unfiltered cerveza rubia sin alcohol sin filtrar botella 33 cl","name":"Unfiltered cerveza rubia sin alcohol sin filtrar botella 33 cl","brand":"CLAUSTHALER ","img":"https://sgfm.elcorteingles.es/SGFM/dctm/MEDIA03/201710/02/00118605501925____1__600x600.jpg","price":"1,05 €","categories":["Supermercado","Bebidas","Cervezas","Cervezas sin alcohol","Cervezas sin alcohol","CLAUSTHALER Unfiltered cerveza rubia sin alcohol sin filtrar botella 33 cl"],"general_information":[],"ingredients":[],"ean":"4053400288833"},{"full_name":"AMSTEL 0,0 cerveza sin alcohol lata 33 cl","name":"0,0 cerveza sin alcohol lata 33 cl","brand":"AMSTEL ","img":"https://sgfm.elcorteingles.es/SGFM/dctm/MEDIA03/201609/14/00118605501610____2__600x600.jpg","price":"0,51 €","price_unit":"(1,55 € / Litro)","categories":["Supermercado","Bebidas","Cervezas","Cervezas sin alcohol","Cervezas sin alcohol","AMSTEL 0,0 cerveza sin alcohol lata 33 cl"],"general_information":["Denominación del alimento: Cerveza sin alcohol","Nombre del operador: Heineken España S.A.","Dirección del operador: Av. De Andalucia 1 - 41007 Sevilla","Cantidad Neta: 33 Centilitros","Porcentaje de alcohol: 0%"],"ingredients":[" Agua, malta de cebada, lúpulo, aroma natural. Este producto se elabora con malta de cebada. Contiene gluten."],"conservation":" Conservar el producto en un lugar limpio, seco y bien ventilado, protegido de la lluvia y alejado de otros productos, alimenticios o no, que puedan impartirle olores o sabores extraños. Almacenar preferiblemente entre 5° y 15°C, evitando temperaturas superiores a 25°C. Evitar exposiciones directas a la luz del sol o fuentes de calor. No congelar el producto.","ean":"8410569310649"},{"full_name":"AMSTEL SIN cerveza sin alcohol pack 6 botella 25 cl","name":"cerveza sin alcohol pack 6 botella 25 cl","brand":"AMSTEL SIN ","img":"https://sgfm.elcorteingles.es/SGFM/dctm/MEDIA03/201703/16/00118605501628____3__600x600.jpg","price":"2,13 €            ","price_unit":"(0,74 € / Litro)","categories":["Supermercado","Bebidas","Cervezas","Cervezas sin alcohol","Cervezas sin alcohol","AMSTEL SIN cerveza sin alcohol pack 6 botella 25 cl"],"general_information":["Denominación del alimento: Cerveza sin alcohol","Nombre del operador: Heineken España S.A.","Dirección del operador: Av. De Andalucia 1 - 41007 Sevilla","Cantidad Neta: 1.5 Litros","Porcentaje de alcohol: 0%"],"ingredients":[" Agua, malta de cebada, lúpulo, aroma natural. Este producto se elabora con malta de cebada. Contiene gluten"],"conservation":" Conservar el producto en un lugar limpio, seco y bien ventilado, protegido de la lluvia y alejado de otros productos, alimenticios o no, que puedan impartirle olores o sabores extraños. Almacenar preferiblemente entre 5° y 15°C, evitando temperaturas superiores a 25°C. Evitar exposiciones directas a la luz del sol o fuentes de calor. No congelar el producto.","ean":"8410569327128"},{"full_name":"BECK'S Blue cerveza alemana sin alcohol botella 33 cl","name":"Blue cerveza alemana sin alcohol botella 33 cl","brand":"BECK'S ","img":"https://sgfm.elcorteingles.es/SGFM/01/49/5/0118605501495/0118605501495000g01011.jpg","price":"1,26 €","price_unit":"(3,82 € / Litro)","categories":["Supermercado","Bebidas","Cervezas","Cervezas sin alcohol","Cervezas sin alcohol","BECK'S Blue cerveza alemana sin alcohol botella 33 cl"],"general_information":["Denominación del alimento: CERVEZA","País de origen: Alemania","Nombre del operador: GMODELO EUROPA SAU","Dirección del operador: c/Aluminio nr 12-Poligono industrial Miralcampo - 19 200 Azuqueca de Henares","Lugar de procedencia del alimento: Alemania","Cantidad Neta: 33,0 Centilitros","Porcentaje de alcohol: 0,3%"],"ingredients":[" agua, malta de cebada, lupulo"],"ean":"0000042061946"},{"full_name":"AIGUA DE MORITZ 0,0 cerveza sin alcohol botella 33 cl","name":"0,0 cerveza sin alcohol botella 33 cl","brand":"AIGUA DE MORITZ ","img":"https://sgfm.elcorteingles.es/SGFM/dctm/MEDIA02/CONTENIDOS/201410/06/00118604400293____1__600x600.jpg","price":"1,05 €","price_unit":"(3,18 € / Litro)","categories":["Supermercado","Bebidas","Cervezas","Cervezas sin alcohol","Cervezas sin alcohol","AIGUA DE MORITZ 0,0 cerveza sin alcohol botella 33 cl"],"general_information":["Denominación del alimento: Cerveza sin alcohol 0.0%","Nombre del operador: Cervezas Moriz, S.A.","Dirección del operador: Ronda San Antoni,39 - 08011 Barcelona","Cantidad Neta: 33,0 Centilitros","Porcentaje de alcohol: 0,0%","Otras menciones obligatorias en la etiqueta: El contenido de sal obedece exclusivamente al sodio presente de forma natural en el alimento."],"ingredients":[" Agua, malta de cebada, arroz, fibra alimentaria, lúpulo y aromas naturales"],"ean":"0000084107275"},{"full_name":"AIGUA DE MORITZ 0,0 cerveza sin alcohol lata 33 cl","name":"0,0 cerveza sin alcohol lata 33 cl","brand":"AIGUA DE MORITZ ","img":"https://sgfm.elcorteingles.es/SGFM/dctm/MEDIA02/CONTENIDOS/201501/22/00118604400400____1__600x600.jpg","price":"0,77 €","price_unit":"(2,33 € / Litro)","categories":["Supermercado","Bebidas","Cervezas","Cervezas sin alcohol","Cervezas sin alcohol","AIGUA DE MORITZ 0,0 cerveza sin alcohol lata 33 cl"],"general_information":["Denominación del alimento: Cerveza sin alcohol 0.0%","Nombre del operador: Cervezas Moriz, S.A.","Dirección del operador: Ronda San Antoni,39 - 08011 Barcelona","Cantidad Neta: 33,0 Centilitros","Porcentaje de alcohol: 0,0%","Otras menciones obligatorias en la etiqueta: El contenido de sal obedece exclusivamente al sodio presente de forma natural en el alimento."],"ingredients":[" Agua, malta de cebada, arroz, fibra alimentaria, lúpulo y aromas naturales"],"ean":"8410700003133"},{"full_name":"AMBAR GREEN cerveza 0,0 sin alcohol pack 6 botella 25 cl","name":"GREEN cerveza 0,0 sin alcohol pack 6 botella 25 cl","brand":"AMBAR ","img":"https://sgfm.elcorteingles.es/SGFM/dctm/CONTENIDOS/201512/15/00118605500109____2__600x600.jpg","price":"2,33 €","price_unit":"(9,32 € / Litro)","categories":["Supermercado","Bebidas","Cervezas","Cervezas sin alcohol","Cervezas sin alcohol","AMBAR GREEN cerveza 0,0 sin alcohol pack 6 botella 25 cl"],"general_information":["Denominación del alimento: Cerveza sin alcohol 0.0%","Nombre del operador: La Zaragozana, S.A.","Dirección del operador: Ramón Berenguer IV, 1 - 50007 Zaragoza","Cantidad Neta: 150 Centilitros","Porcentaje de alcohol: 0.0%","Otras menciones obligatorias en la etiqueta: El contenido de sal obedece exclusivamente al sodio presente de forma natural en el alimento."],"ingredients":[" Agua, malta de cebada, maíz, cebada, fibra alimentaria, lúpulo, aromas naturales, antioxidante E-300."],"ean":"8410700001160"},{"full_name":"AMBAR GREEN cerveza 0,0 sin alcohol lata 33 cl","name":"GREEN cerveza 0,0 sin alcohol lata 33 cl","brand":"AMBAR ","img":"https://sgfm.elcorteingles.es/SGFM/dctm/CONTENIDOS/201512/15/00118605501560____1__600x600.jpg","price":"0,62 €","price_unit":"(1,88 € / Litro)","categories":["Supermercado","Bebidas","Cervezas","Cervezas sin alcohol","Cervezas sin alcohol","AMBAR GREEN cerveza 0,0 sin alcohol lata 33 cl"],"general_information":[],"ingredients":[],"ean":"8410700003645"},{"full_name":"AMBAR 0,0 cerveza rubia sin alcohol sin gluten botella 33 cl","name":"0,0 cerveza rubia sin alcohol sin gluten botella 33 cl","brand":"AMBAR ","img":"https://sgfm.elcorteingles.es/SGFM/dctm/MEDIA03/201608/24/00118651000061____1__600x600.jpg","price":"0,95 €","price_unit":"(2,88 € / Litro)","categories":["Supermercado","Bebidas","Cervezas","Cervezas sin alcohol","Cervezas sin alcohol","AMBAR 0,0 cerveza rubia sin alcohol sin gluten botella 33 cl"],"general_information":["Denominación del alimento: Cerveza sin alcohol 0.0%","Nombre del operador: La Zaragozana, S.A.","Dirección del operador: Ramón Berenguer IV, 1 - 50007 Zaragoza","Cantidad Neta: 33 Centilitros","Porcentaje de alcohol: 0.0%","Otras menciones obligatorias en la etiqueta: El contenido de sal obedece exclusivamente al sodio presente de forma natural en el alimento. Apta para celíacos"],"ingredients":[" Agua, malta de cebada, maíz, cebada, fibra alimentaria, lúpulo, aromas naturales, antioxidante E-300."],"ean":"8410700001559"},{"full_name":"HEINEKEN 0,0% cerveza rubia lager sin alcohol pack 6 botellas 25 cl","name":"0,0% cerveza rubia lager sin alcohol pack 6 botellas 25 cl","brand":"HEINEKEN ","img":"https://sgfm.elcorteingles.es/SGFM/dctm/MEDIA03/201704/06/00200504400508____1__600x600.jpg","price":"3,45 €","price_unit":"(13,80 € / Litro)","categories":["Supermercado","Bebidas","Cervezas","Cervezas sin alcohol","Cervezas sin alcohol","HEINEKEN 0,0% cerveza rubia lager sin alcohol pack 6 botellas 25 cl"],"general_information":["Denominación del alimento: Cerveza sin alcohol","Nombre del operador: Heineken España S.A.","Dirección del operador: Av. de Andalucia 1 - 41007 Sevilla","Cantidad Neta: 1.5 Litros","Porcentaje de alcohol: 0%"],"ingredients":[" Agua, malta de cebada, aroma natural, extracto de lúpulo. Este producto se elabora con malta de cebada. Contiene gluten."],"conservation":" Conservar el producto en un lugar limpio, seco y bien ventilado, protegido de la lluvia y alejado de otros productos, alimenticios o no, que puedan impartirle olores o sabores extraños. Almacenar preferiblemente entre 5° y 15°C, evitando temperaturas superiores a 25°C. Evitar exposiciones directas a la luz del sol o fuentes de calor. No congelar el producto.","ean":"8712000320003"},{"full_name":"HEINEKEN 0,0 cerveza rubia sin alcohol lata 33 cl","name":"0,0 cerveza rubia sin alcohol lata 33 cl","brand":"HEINEKEN ","img":"https://sgfm.elcorteingles.es/SGFM/dctm/MEDIA03/201704/06/00118604400442____1__600x600.jpg","price":"0,67 €","price_unit":"(2,03 € / Litro)","categories":["Supermercado","Bebidas","Cervezas","Cervezas sin alcohol","Cervezas sin alcohol","HEINEKEN 0,0 cerveza rubia sin alcohol lata 33 cl"],"general_information":[],"ingredients":[],"ean":"8712000310011"},{"full_name":"BAVARIA 0,0% cerveza sin alcohol holandesa botella 33 cl","name":"0,0% cerveza sin alcohol holandesa botella 33 cl","brand":"BAVARIA ","img":"https://sgfm.elcorteingles.es/SGFM/dctm/MEDIA02/CONTENIDOS/201507/02/00118605501875____1__600x600.jpg","price":"0,99 €","price_unit":"(3 € / Litro)","categories":["Supermercado","Bebidas","Cervezas","Cervezas sin alcohol","Cervezas sin alcohol","BAVARIA 0,0% cerveza sin alcohol holandesa botella 33 cl"],"general_information":["Denominación del alimento: Cerveza sin alcohol","País de origen: Países Bajos","Nombre del operador: Bavaria Ibérica S.A.","Dirección del operador: Ronda Sant Pere 19-21, 08010 Barcelona","Lugar de procedencia del alimento: Holanda","Cantidad Neta: 33 Centilitros","Porcentaje de alcohol: 0.0%"],"ingredients":[" Agua mineral natural, malta de cebada, trigo, lúpulo."],"conservation":" Manténgase en lugar fresco y seco","ean":"8714800003384"},{"full_name":"WARSTEINER 0,0% cerveza rubia alemana sin alcohol botella 33 cl","name":"0,0% cerveza rubia alemana sin alcohol botella 33 cl","brand":"WARSTEINER ","img":"https://sgfm.elcorteingles.es/SGFM/dctm/MEDIA03/201711/24/00118605501933____6__600x600.jpg","price":"1,39 €            ","categories":["Supermercado","Bebidas","Cervezas","Cervezas sin alcohol","Cervezas sin alcohol","WARSTEINER 0,0% cerveza rubia alemana sin alcohol botella 33 cl"],"general_information":["Denominación del alimento: CERVEZA","Nombre del operador: MAHOU, S.A.","Dirección del operador: Calle Titan, 15  28045  Madrid","Cantidad Neta: 0.33 Litros","Porcentaje de alcohol: 0%"],"ingredients":[" Agua, Malta de Cebada, Lúpulo, Extracto de Lúpulo"],"ean":"4000856005989"},{"full_name":"SAGRES Zero cerveza sin alcohol botella 33 cl","name":"Zero cerveza sin alcohol botella 33 cl","brand":"SAGRES ","img":"https://sgfm.elcorteingles.es/SGFM/00/30/1/0118604400301/0118604400301000g01011.jpg","price":"0,84 €","price_unit":"(2,55 € / Litro)","categories":["Supermercado","Bebidas","Cervezas","Cervezas sin alcohol","Cervezas sin alcohol","SAGRES Zero cerveza sin alcohol botella 33 cl"],"general_information":[],"ingredients":[],"ean":"5601146200306"},{"full_name":"KROMBACHER cerveza sin alcohol Pils botella 33 cl","name":"cerveza sin alcohol Pils botella 33 cl","brand":"KROMBACHER ","img":"https://sgfm.elcorteingles.es/SGFM/dctm/MEDIA03/201605/17/00118605501909____1__600x600.jpg","price":"1,33 €","price_unit":"(4,03 € / Litro)","categories":["Supermercado","Bebidas","Cervezas","Cervezas sin alcohol","Cervezas sin alcohol","KROMBACHER cerveza sin alcohol Pils botella 33 cl"],"general_information":["Denominación del alimento: Cerveza","Nombre del operador: Krombacher Brauerei","Dirección del operador: D-57215 Kreuztal, Germany / Alemania","Porcentaje de alcohol: 4.8%"],"ingredients":[" Agua, malta de cebada, lúpulo, extracto de lúpulo"],"ean":"4008287058529"},{"full_name":"BALTIKA 0 cerveza sin alcohol Premium rusa botella 50 cl","name":"0 cerveza sin alcohol Premium rusa botella 50 cl","brand":"BALTIKA ","img":"https://sgfm.elcorteingles.es/SGFM/dctm/MEDIA02/CONTENIDOS/201407/21/00118605501784____1__600x600.jpg","price":"1,56 €","price_unit":"(3,12 € / Litro)","categories":["Supermercado","Bebidas","Cervezas","Cervezas sin alcohol","Cervezas sin alcohol","BALTIKA 0 cerveza sin alcohol Premium rusa botella 50 cl"],"general_information":[],"ingredients":[],"ean":"4600682011002"},{"full_name":"MIXTA SHANDY MAHOU cerveza sin alcohol con gaseosa sabor limón pack 12 latas 33 cl","name":"cerveza sin alcohol con gaseosa sabor limón pack 12 latas 33 cl","brand":"MIXTA SHANDY MAHOU ","img":"https://sgfm.elcorteingles.es/SGFM/dctm/MEDIA02/CONTENIDOS/201407/14/00118604600744____1__600x600.jpg","price":"6,19 €","price_unit":"(18,76 € / Litro)","categories":["Supermercado","Bebidas","Cervezas","Cervezas sin alcohol","Sabores","MIXTA SHANDY MAHOU cerveza sin alcohol con gaseosa sabor limón pack 12 latas 33 cl"],"general_information":["Denominación del alimento: CLARA SABOR LIMON","Nombre del operador: MAHOU, S.A.","Dirección del operador: Calle Titan, 15  28045  Madrid","Cantidad Neta: 3.96 Litros","Porcentaje de alcohol: 0.9%"],"ingredients":[" 84%  Gaseosa (agua carbonatada, jarabe de glucosa, acidulantes:ácido cítrico/citrato, aroma de limón y lima, edulcorantes: acesulfamo-K/ sucralosa, antioxidante: ácido ascórbico) y 16% Cerveza Especial MAHOU 5 ESTRELLAS (Agua, Malta de Cebada, Maíz, Lúpulo)"],"ean":"8411327000857"},{"full_name":"MIXTA SHANDY MAHOU cerveza sin alcohol con gaseosa sabor limón pack 6 botella 25 cl","name":"cerveza sin alcohol con gaseosa sabor limón pack 6 botella 25 cl","brand":"MIXTA SHANDY MAHOU ","img":"https://sgfm.elcorteingles.es/SGFM/dctm/MEDIA03/201607/08/00118604600389____1__600x600.jpg","price":"2,28 €","price_unit":"(9,12 € / Litro)","categories":["Supermercado","Bebidas","Cervezas","Cervezas sin alcohol","Sabores","MIXTA SHANDY MAHOU cerveza sin alcohol con gaseosa sabor limón pack 6 botella 25 cl"],"general_information":["Denominación del alimento: CLARA SABOR LIMON","Nombre del operador: MAHOU, S.A.","Dirección del operador: Calle Titan, 15  28045  Madrid","Cantidad Neta: 1.52 Litros","Porcentaje de alcohol: 0.9%"],"ingredients":[" 84%  Gaseosa (agua carbonatada, jarabe de glucosa, acidulantes:ácido cítrico/citrato, aroma de limón y lima, edulcorantes: acesulfamo-K/ sucralosa, antioxidante: ácido ascórbico) y 16% Cerveza Especial MAHOU 5 ESTRELLAS (Agua, Malta de Cebada, Maíz, Lúpulo)"],"ean":"8411327000079"},{"full_name":"MIXTA SHANDY MAHOU cerveza sin alcohol con gaseosa sabor limón lata 33 cl","name":"cerveza sin alcohol con gaseosa sabor limón lata 33 cl","brand":"MIXTA SHANDY MAHOU ","img":"https://sgfm.elcorteingles.es/SGFM/dctm/MEDIA03/201607/08/00118604600363____1__600x600.jpg","price":"0,57 €","price_unit":"(1,73 € / Litro)","categories":["Supermercado","Bebidas","Cervezas","Cervezas sin alcohol","Sabores","MIXTA SHANDY MAHOU cerveza sin alcohol con gaseosa sabor limón lata 33 cl"],"general_information":["Denominación del alimento: CLARA SABOR LIMON","Nombre del operador: MAHOU, S.A.","Dirección del operador: Calle Titan, 15  28045  Madrid","Cantidad Neta: 0.33 Litros","Porcentaje de alcohol: 0.9%"],"ingredients":[" 84%  Gaseosa (agua carbonatada, jarabe de glucosa, acidulantes:ácido cítrico/citrato, aroma de limón y lima, edulcorantes: acesulfamo-K/ sucralosa, antioxidante: ácido ascórbico) y 16% Cerveza Especial MAHOU 5 ESTRELLAS (Agua, Malta de Cebada, Maíz, Lúpulo)"],"ean":"8411327000086"},{"full_name":"SHANDY CRUZCAMPO cerveza sabor limón pack 6 botella 25 cl","name":"cerveza sabor limón pack 6 botella 25 cl","brand":"SHANDY CRUZCAMPO ","img":"https://sgfm.elcorteingles.es/SGFM/00/33/0/0118604600330/0118604600330000g01011.jpg","price":"2,35 €","price_unit":"(9,40 € / Litro)","categories":["Supermercado","Bebidas","Cervezas","Cervezas sin alcohol","Sabores","SHANDY CRUZCAMPO cerveza sabor limón pack 6 botella 25 cl"],"general_information":["Denominación del alimento: Clara","Nombre del operador: Heineken España S.A.","Dirección del operador: Av. De Andalucia 1 - 41007 Sevilla","Cantidad Neta: 1.5 Litros","Porcentaje de alcohol: 0.9%"],"ingredients":[" Agua, azúcar, malta de cebada, maíz, lúpulo, aroma de limón, acidulante E-330, estabilizante E-414, antioxidante E-300. Para PET, además conservador E-202. Este producto se elabora con malta de cebada. Contiene gluten"],"conservation":" Conservar el producto en un lugar limpio, seco y bien ventilado, protegido de la lluvia y alejado de otros productos, alimenticios o no, que puedan impartirle olores o sabores extraños. Almacenar preferiblemente entre 5° y 15°C, evitando temperaturas superiores a 25°C. Evitar exposiciones directas a la luz del sol o fuentes de calor. No congelar el producto.","ean":"8411090406252"},{"full_name":"SHANDY CRUZCAMPO cerveza sin alcohol sabor limón lata 33 cl","name":"cerveza sin alcohol sabor limón lata 33 cl","brand":"SHANDY CRUZCAMPO ","img":"https://sgfm.elcorteingles.es/SGFM/dctm/MEDIA03/201708/04/00118604600348____1__600x600.jpg","price":"0,63 €","price_unit":"(1,91 € / Litro)","categories":["Supermercado","Bebidas","Cervezas","Cervezas sin alcohol","Sabores","SHANDY CRUZCAMPO cerveza sin alcohol sabor limón lata 33 cl"],"general_information":["Denominación del alimento: Clara","Nombre del operador: Heineken España S.A.","Dirección del operador: Av. De Andalucia 1 - 41007 Sevilla","Cantidad Neta: 33 Centilitros","Porcentaje de alcohol: 0.9%"],"ingredients":[" Agua, azúcar, malta de cebada, maíz, lúpulo, aroma de limón, acidulante E-330, estabilizante E-414, antioxidante E-300. Para PET, además conservador E-202. Este producto se elabora con malta de cebada. Contiene gluten"],"conservation":" Conservar el producto en un lugar limpio, seco y bien ventilado, protegido de la lluvia y alejado de otros productos, alimenticios o no, que puedan impartirle olores o sabores extraños. Almacenar preferiblemente entre 5° y 15°C, evitando temperaturas superiores a 25°C. Evitar exposiciones directas a la luz del sol o fuentes de calor. No congelar el producto.","ean":"8411090410358"},{"full_name":"SHANDY CRUZCAMPO Zero cerveza sin alcohol sabor limón lata 33 cl","name":"Zero cerveza sin alcohol sabor limón lata 33 cl","brand":"SHANDY CRUZCAMPO ","img":"https://sgfm.elcorteingles.es/SGFM/dctm/MEDIA02/CONTENIDOS/201506/30/00118604600793____1__600x600.jpg","price":"0,61 €            ","price_unit":"(1,82 € / Litro)","categories":["Supermercado","Bebidas","Cervezas","Cervezas sin alcohol","Sabores","SHANDY CRUZCAMPO Zero cerveza sin alcohol sabor limón lata 33 cl"],"general_information":["Denominación del alimento: Clara con edulcorantes","Nombre del operador: Heineken España S.A.","Dirección del operador: Av. De Andalucia 1 - 41007 Sevilla","Cantidad Neta: 33 Centilitros","Porcentaje de alcohol: 0%"],"ingredients":[" Agua, malta de cebada, lúpulo, aroma natural, acidulante E-330, edulcorantes E-950, E-951, E-952 y E-954, estabilizantes: E-405 y E-414, antioxidante E-224. Contiene aspartamo (una fuente de fenilanina). Este producto se elabora con malta de cebada. Contiene gluten"],"conservation":" Conservar el producto en un lugar limpio, seco y bien ventilado, protegido de la lluvia y alejado de otros productos, alimenticios o no, que puedan impartirle olores o sabores extraños. Almacenar preferiblemente entre 5° y 15°C, evitando temperaturas superiores a 25°C. Evitar exposiciones directas a la luz del sol o fuentes de calor. No congelar el producto.","ean":"8411090411478"},{"full_name":"SHANDY ESTRELLA GALICIA cerveza sin alcohol sabor limón lata 33 cl","name":"cerveza sin alcohol sabor limón lata 33 cl","brand":"SHANDY ESTRELLA GALICIA ","img":"https://sgfm.elcorteingles.es/SGFM/dctm/MEDIA02/CONTENIDOS/201407/21/00118604600496____1__600x600.jpg","price":"0,56 €","price_unit":"(1,70 € / Litro)","categories":["Supermercado","Bebidas","Cervezas","Cervezas sin alcohol","Sabores","SHANDY ESTRELLA GALICIA cerveza sin alcohol sabor limón lata 33 cl"],"general_information":["Denominación del alimento: Cerveza","Nombre del operador: HIJOS DE RIVERA S.A.U.","Dirección del operador: C/Jose María Rivera Corral nº6 15008 A Coruña","Cantidad Neta: 33,0 Centilitros","Porcentaje de alcohol: 0,9%"],"ingredients":[" Agua, malta de cebada, maíz, lúpulo, azucar, aroma de limon, acido citrico, estracto de quilaya, acido ascorbico"],"conservation":" Mantener en lugar fresco y seco","ean":"8412598000300"},{"full_name":"SHANDY ESTRELLA GALICIA cerveza sin alcohol sabor limón pack 6 botella 25 cl","name":"cerveza sin alcohol sabor limón pack 6 botella 25 cl","brand":"SHANDY ESTRELLA GALICIA ","img":"https://sgfm.elcorteingles.es/SGFM/00/50/4/0118604600504/0118604600504000g01011.jpg","price":"2,24 €","price_unit":"(8,96 € / Litro)","categories":["Supermercado","Bebidas","Cervezas","Cervezas sin alcohol","Sabores","SHANDY ESTRELLA GALICIA cerveza sin alcohol sabor limón pack 6 botella 25 cl"],"general_information":["Denominación del alimento: Cerveza","Nombre del operador: HIJOS DE RIVERA, S.A.U.","Dirección del operador: C/José María Rivera Corral nº6 15008 A Coruña","Cantidad Neta: 150 Centilitros"],"ingredients":[" Agua, malta de cebada, maíz, lúpulo, azúcar, aroma de limón, ácido cítrico, estracto de quilaya, ácido ascórbico."],"conservation":" Mantener en lugar fresco y seco","ean":"8412598001963"},{"full_name":"BUCKLER 0,0 Radler cerveza rubia sin alcohol con zumo natural de limón lata 33 cl","name":"0,0 Radler cerveza rubia sin alcohol con zumo natural de limón lata 33 cl","brand":"BUCKLER ","img":"https://sgfm.elcorteingles.es/SGFM/dctm/MEDIA02/CONTENIDOS/201408/25/00118604400392____1__600x600.jpg","price":"0,57 €","price_unit":"(1,73 € / Litro)","categories":["Supermercado","Bebidas","Cervezas","Cervezas sin alcohol","Sabores","BUCKLER 0,0 Radler cerveza rubia sin alcohol con zumo natural de limón lata 33 cl"],"general_information":["Denominación del alimento: Clara","Nombre del operador: Heineken España S.A.","Dirección del operador: Av. De Andalucia 1 - 41007 Sevilla","Cantidad Neta: 33 Centilitros","Porcentaje de alcohol: 0%"],"ingredients":[" Agua, azúcar, malta de cebada, lúpulo, zumos de limón (2,7%) naranja, lima y acerola, a partir de concentrados, extracto de limón concentrado, aroma cítrico natural, aroma, estabilizantes E-410. Este producto se elabora con malta de cebada. Contiene gluten"],"conservation":" Conservar el producto en un lugar limpio, seco y bien ventilado, protegido de la lluvia y alejado de otros productos, alimenticios o no, que puedan impartirle olores o sabores extraños. Almacenar preferiblemente entre 5° y 15°C, evitando temperaturas superiores a 25°C. Evitar exposiciones directas a la luz del sol o fuentes de calor. No congelar el producto.","ean":"8413041317440"},{"full_name":"SAN MIGUEL 0,0 % manzana cerveza sin alcohol pack 6 botella 25 cl","name":"0,0 % manzana cerveza sin alcohol pack 6 botella 25 cl","brand":"SAN MIGUEL ","img":"https://sgfm.elcorteingles.es/SGFM/dctm/MEDIA03/201607/08/00118604600371____1__600x600.jpg","price":"2,77 €","price_unit":"(11,08 € / Litro)","categories":["Supermercado","Bebidas","Cervezas","Cervezas sin alcohol","Sabores","SAN MIGUEL 0,0 % manzana cerveza sin alcohol pack 6 botella 25 cl"],"general_information":["Denominación del alimento: CERVEZA SIN ALCOHOL CON ZUMO DE MANZANA","Nombre del operador: MAHOU, S.A.","Dirección del operador: Calle Titan, 15  28045  Madrid","Cantidad Neta: 1.50 Litros","Porcentaje de alcohol: 0.0%"],"ingredients":[" 83% Cerveza sin alcohol 0,0% vol (Agua, Malta de Cebada, Lúpulo); 13% zumo de manzana procedente de concentrado; 3% azúcares procedentes de la fruta; aroma de manzana; zumo de limón concentrado"],"ean":"8410655000973"},{"full_name":"SAN MIGUEL 0,0% cerveza sin alcohol con zumo natural de manzana lata 33 cl","name":"0,0% cerveza sin alcohol con zumo natural de manzana lata 33 cl","brand":"SAN MIGUEL ","img":"https://sgfm.elcorteingles.es/SGFM/dctm/MEDIA03/201607/08/00118604600355____2__600x600.jpg","price":"0,58 €","price_unit":"(1,76 € / Litro)","categories":["Supermercado","Bebidas","Cervezas","Cervezas sin alcohol","Sabores","SAN MIGUEL 0,0% cerveza sin alcohol con zumo natural de manzana lata 33 cl"],"general_information":["Denominación del alimento: CERVEZA SIN ALCOHOL CON ZUMO DE MANZANA","Nombre del operador: MAHOU, S.A.","Dirección del operador: Calle Titan, 15  28045  Madrid","Cantidad Neta: 0.33 Litros","Porcentaje de alcohol: 0.0%"],"ingredients":[" 83% Cerveza sin alcohol 0,0% vol (Agua, Malta de Cebada, Lúpulo); 13% zumo de manzana procedente de concentrado; 3% azúcares procedentes de la fruta; aroma de manzana; zumo de limón concentrado"],"ean":"8410655000980"},{"full_name":"SAN MIGUEL 0,0% naramango cerveza sin alcohol lata 33 cl","name":"0,0% naramango cerveza sin alcohol lata 33 cl","brand":"SAN MIGUEL ","img":"https://sgfm.elcorteingles.es/SGFM/dctm/MEDIA03/201604/26/00200504600768____1__600x600.jpg","price":"0,57 €","price_unit":"(1,73 € / Litro)","categories":["Supermercado","Bebidas","Cervezas","Cervezas sin alcohol","Sabores","SAN MIGUEL 0,0% naramango cerveza sin alcohol lata 33 cl"],"general_information":["Denominación del alimento: CZA SIN ALCOH. CON ZUMO DE NARANJA Y AROMAS NATURALES DE NARANJA Y MANGO","Nombre del operador: MAHOU, S.A.","Dirección del operador: Calle Titan, 15  28045  Madrid","Cantidad Neta: 0.33 Litros","Porcentaje de alcohol: 0.0%"],"ingredients":[" 73% Cerveza sin alcohol, Agua,Malta de Cebada, Lúpulo, 24% Zumo de naranja a partir de concentrado, 2% Azúcares de fruta, 0,1% Aroma natural de naranja, 0,01 Aroma natural de mango, estabilizante: E-414, Aceite de palma, Zumo de limón concentrado"],"ean":"8410655002281"},{"full_name":"SAN MIGUEL 0,0% melocotuva cerveza sin alcohol lata 33 cl","name":"0,0% melocotuva cerveza sin alcohol lata 33 cl","brand":"SAN MIGUEL ","img":"https://sgfm.elcorteingles.es/SGFM/dctm/MEDIA03/201604/26/00200504600776____1__600x600.jpg","price":"0,58 €","price_unit":"(1,76 € / Litro)","categories":["Supermercado","Bebidas","Cervezas","Cervezas sin alcohol","Sabores","SAN MIGUEL 0,0% melocotuva cerveza sin alcohol lata 33 cl"],"general_information":["Denominación del alimento: CZA SIN ALCOH. CON ZUMO DE MELOCOTON Y UVA","Nombre del operador: MAHOU, S.A.","Dirección del operador: Calle Titan, 15  28045  Madrid","Cantidad Neta: 0.33 Litros","Porcentaje de alcohol: 0.0%"],"ingredients":[" 73% Cerveza sin alcohol, Agua,Malta de Cebada, Lúpulo, 19% zumo de melocotón a partir de concentrado, 6% zumo de uva a partir de concentrado, 2% azúcares de frutas, 0,1% Aroma natural, Acidulante: ácido cítrico/citrato,Estabilizante: E-414, Aceite de Palma, Zumo de limón concentrado"],"ean":"8410655002304"},{"full_name":"SAN MIGUEL 0,0% cerveza sin alcohol con zumo natural de limón pack 6 botellas 25 cl","name":"0,0% cerveza sin alcohol con zumo natural de limón pack 6 botellas 25 cl","brand":"SAN MIGUEL ","img":"https://sgfm.elcorteingles.es/SGFM/dctm/MEDIA03/201705/09/00118604400467____1__600x600.jpg","price":"2,39 €","price_unit":"(9,56 € / Litro)","categories":["Supermercado","Bebidas","Cervezas","Cervezas sin alcohol","Sabores","SAN MIGUEL 0,0% cerveza sin alcohol con zumo natural de limón pack 6 botellas 25 cl"],"general_information":["Denominación del alimento: CERVEZA SIN ALCOHOL CON ZUMO DE LIMON","Nombre del operador: MAHOU, S.A.","Dirección del operador: Calle Titan, 15  28045  Madrid","Cantidad Neta: 1.5 Litros","Porcentaje de alcohol: 0.0%"],"ingredients":[" 90% cerveza sin alcohol 0,0% Vol (agua, malta de cebada, lúpulo; 6% azúcares de frutas; 4% zumo de limón procedente de concentrado; aroma natural; antioxidante: ácido ascórbico"],"ean":"8410655002847"},{"full_name":"SAN MIGUEL 0,0% cerveza sin alcohol con zumo natural de limón lata 33 cl","name":"0,0% cerveza sin alcohol con zumo natural de limón lata 33 cl","brand":"SAN MIGUEL ","img":"https://sgfm.elcorteingles.es/SGFM/dctm/MEDIA03/201607/08/00118604600603____3__600x600.jpg","price":"0,58 €","price_unit":"(1,76 € / Litro)","categories":["Supermercado","Bebidas","Cervezas","Cervezas sin alcohol","Sabores","SAN MIGUEL 0,0% cerveza sin alcohol con zumo natural de limón lata 33 cl"],"general_information":["Denominación del alimento: CERVEZA SIN ALCOHOL CON ZUMO DE LIMON","Nombre del operador: MAHOU, S.A.","Dirección del operador: Calle Titan, 15  28045  Madrid","Cantidad Neta: 0.33 Litros","Porcentaje de alcohol: 0%"],"ingredients":[" 90% cerveza sin alcohol 0,0% Vol (agua, malta de cebada, lúpulo; 6% azúcares de frutas; 4% zumo de limón procedente de concentrado; aroma natural; antioxidante: ácido ascórbico"],"ean":"8410655006432"},{"full_name":"FREE DAMM 0,0% cerveza sin alcohol con sabor a limón lata 33 cl","name":"0,0% cerveza sin alcohol con sabor a limón lata 33 cl","brand":"FREE DAMM ","img":"https://sgfm.elcorteingles.es/SGFM/dctm/MEDIA03/201607/26/00118604600538____1__600x600.jpg","price":"0,49 €","price_unit":"(1,48 € / Litro)","categories":["Supermercado","Bebidas","Cervezas","Cervezas sin alcohol","Sabores","FREE DAMM 0,0% cerveza sin alcohol con sabor a limón lata 33 cl"],"general_information":["Denominación del alimento: Cerveza","Nombre del operador: DAMM S.A.","Dirección del operador: C/ ROSELLO , 515  BARCELONA,   BARCELONA","Cantidad Neta: 0.33 Litros","Porcentaje de alcohol: 0.04%"],"ingredients":[" CERVEZA SIN ALCOHOL: Agua, malta de cebada, maíz, jarabe de glucosa y fructosa, arroz, lúpulo.BEBIDA  REFRESCANTE AROMATIZADA: Agua carbonatada, azúcares procedentes de fruta, acidulante:ácido cítrico, aroma natural de cítricos, estabilizadores: E414 y E445, edulcorantes:Acesulfamo K y Sucralosa."],"conservation":" Mantener en lugar fresco, oscuro y seco","ean":"8410793296139"},{"full_name":"AMBAR LEMON cerveza sin alcohol pack 6 botella 25 cl","name":"cerveza sin alcohol pack 6 botella 25 cl","brand":"AMBAR LEMON ","img":"https://sgfm.elcorteingles.es/SGFM/dctm/MEDIA02/CONTENIDOS/201512/14/00118604600470____2__600x600.jpg","price":"3,19 €","price_unit":"(12,76 € / Litro)","categories":["Supermercado","Bebidas","Cervezas","Cervezas sin alcohol","Sabores","AMBAR LEMON cerveza sin alcohol pack 6 botella 25 cl"],"general_information":["Denominación del alimento: Cerveza sin alcohol 0.0% con zumo de limón","Nombre del operador: La Zaragozana, S.A.","Dirección del operador: Ramón Berenguer IV, 1 - 50007 Zaragoza","Cantidad Neta: 150 Centilitros","Porcentaje de alcohol: 0.0%","Otras menciones obligatorias en la etiqueta: El contenido de sal obedece exclusivamente al sodio presente de forma natural en el alimento. La turbidez del producto es natural."],"ingredients":[" Cerveza sin alcohol 0.0% (agua, malta de cebada, maíz, cebada, lúpulo), azúcar, zumo de limón procedente de concentrado, aromas naturales, antioxidante E-300."],"ean":"8410700002457"},{"full_name":"AMBAR LEMON cerveza sin alcohol con limón lata 33 cl","name":"cerveza sin alcohol con limón lata 33 cl","brand":"AMBAR LEMON ","img":"https://sgfm.elcorteingles.es/SGFM/00/42/1/0118604600421/0118604600421000g01011.jpg","price":"0,64 €","price_unit":"(1,94 € / Litro)","categories":["Supermercado","Bebidas","Cervezas","Cervezas sin alcohol","Sabores","AMBAR LEMON cerveza sin alcohol con limón lata 33 cl"],"general_information":[],"ingredients":[],"ean":"8410700003928"},{"full_name":"AMBAR manzana cerveza sin alcohol pack 6 botella 20 cl","name":"manzana cerveza sin alcohol pack 6 botella 20 cl","brand":"AMBAR ","img":"https://sgfm.elcorteingles.es/SGFM/dctm/MEDIA03/201705/05/00118604600488____7__600x600.jpg","price":"2,31 €","price_unit":"(1,92 € / Litro)","categories":["Supermercado","Bebidas","Cervezas","Cervezas sin alcohol","Sabores","AMBAR manzana cerveza sin alcohol pack 6 botella 20 cl"],"general_information":[],"ingredients":[],"ean":"8410700003973"},{"full_name":"CLAUSTHALER Lemon cerveza alemana sin alcohol con sabor a limón botella 33 cl","name":"Lemon cerveza alemana sin alcohol con sabor a limón botella 33 cl","brand":"CLAUSTHALER ","img":"https://sgfm.elcorteingles.es/SGFM/dctm/MEDIA03/201604/27/00118604600801____1__600x600.jpg","price":"1,16 €","price_unit":"(3,52 € / Litro)","categories":["Supermercado","Bebidas","Cervezas","Cervezas sin alcohol","Sabores","CLAUSTHALER Lemon cerveza alemana sin alcohol con sabor a limón botella 33 cl"],"general_information":["Denominación del alimento: Cerveza sin alcohol","Nombre del operador: Binding-Brauerei AG","Dirección del operador: Darmstädter Landstrasse 185, 60598 Frankfurt AM Main, ALEMANIA","Porcentaje de alcohol: 0.17%"],"ingredients":[" Agua, cebada malteada, lúpulo, azúcar, ácido carbónico de fermentación, aroma natural"],"ean":"4053400268545"}]