[{"full_name":"ALIADA cerveza rubia Lager pack 12 latas 33 cl","name":"cerveza rubia Lager pack 12 latas 33 cl","brand":"ALIADA ","img":"https://sgfm.elcorteingles.es/SGFM/01/28/9/0118600301289/0118600301289000g01011.jpg","price":"2,77 €","price_unit":"(0,70 € / Litro)","categories":["Supermercado","Bebidas","Cervezas","Cervezas","Cerveza rubia nacional en lata","ALIADA cerveza rubia Lager pack 12 latas 33 cl"],"general_information":[],"ingredients":[],"ean":"8433329018944"},{"full_name":"EL CORTE INGLES cerveza rubia nacional pack 24 latas 33 cl","name":"cerveza rubia nacional pack 24 latas 33 cl","brand":"EL CORTE INGLES ","img":"https://sgfm.elcorteingles.es/SGFM/dctm/MEDIA03/201604/21/00118600300950____1__600x600.jpg","price":"8,83 €","price_unit":"(1,11 € / Litro)","categories":["Supermercado","Bebidas","Cervezas","Cervezas","Cerveza rubia nacional en lata","EL CORTE INGLES cerveza rubia nacional pack 24 latas 33 cl"],"general_information":["Denominación del alimento: Cerveza.","Nombre del operador: Elaborado para El Corte Inglés por\nFont Salem, S.L.\nPartida el Frontó, s/n\n46843 Salem (Valencia)"],"ingredients":[" Ingredientes:\nAgua, malta de cebada, maíz, cebada, lúpulo, colorante (E-150c) y estabilizante (E-405)."],"conservation":" Consérvese en un lugar fresco, sin olores\n agresivos y fuera del alcance de la luz solar.","ean":"8433329071222"},{"full_name":"EL CORTE INGLES cerveza rubia nacional pack 12 latas 33 cl","name":"cerveza rubia nacional pack 12 latas 33 cl","brand":"EL CORTE INGLES ","img":"https://sgfm.elcorteingles.es/SGFM//01/42/0/0118600301420/0118600301420000g01011.jpg","price":"4,61 €","price_unit":"(1,16 € / Litro)","categories":["Supermercado","Bebidas","Cervezas","Cervezas","Cerveza rubia nacional en lata","EL CORTE INGLES cerveza rubia nacional pack 12 latas 33 cl"],"general_information":["Denominación del alimento: Cerveza.\nIngredientes:\nAgua, malta de $cebada$, maíz, $cebada$, lúpulo, colorante (E-150c) y estabilizante (E-405).","Nombre del operador: Elaborado para El Corte Inglés\npor\nFont Salem, S.L.\nPartida el Frontó, s/n\n46843Salem (Valencia)"],"ingredients":[" Cerveza.\nIngredientes:\nAgua, malta de cebada, maíz, cebada, lúpulo, colorante (E-150c) y estabilizante (E-405)."],"conservation":" Consérvese en un lugar fresco, sin olores agresivos y fuera del alcance de la luz solar.","ean":"8433329041560"},{"full_name":"EL CORTE INGLES cerveza rubia nacional lata 33 cl","name":"cerveza rubia nacional lata 33 cl","brand":"EL CORTE INGLES ","img":"https://sgfm.elcorteingles.es/SGFM/dctm/MEDIA02/CONTENIDOS/201408/25/00118600300422____1__600x600.jpg","price":"0,45 €","price_unit":"(1,36 € / Litro)","categories":["Supermercado","Bebidas","Cervezas","Cervezas","Cerveza rubia nacional en lata","EL CORTE INGLES cerveza rubia nacional lata 33 cl"],"general_information":["Denominación del alimento: Cerveza.\nIngredientes:\nAgua, malta de $cebada$, maíz, $cebada$, lúpulo, colorante (E-150c) y estabilizante (E-405).","Nombre del operador: Elaborado para El Corte Inglés\npor\nFont Salem, S.L.\nPartida el Frontó, s/n\n46843Salem (Valencia)"],"ingredients":[" Cerveza.\nIngredientes:\nAgua, malta de cebada, maíz, cebada, lúpulo, colorante (E-150c) y estabilizante (E-405)."],"conservation":" Consérvese en un lugar fresco, sin olores agresivos y fuera del alcance de la luz solar.","ean":"8433329041553"},{"full_name":"MAHOU CLASICA cerveza rubia nacional pack 28 latas 33 cl","name":"cerveza rubia nacional pack 28 latas 33 cl","brand":"MAHOU CLASICA ","img":"https://sgfm.elcorteingles.es/SGFM/dctm/MEDIA03/201706/22/00118600301222____6__600x600.jpg","price":"12,88 €            ","price_unit":"(28,76 € / Litro)","categories":["Supermercado","Bebidas","Cervezas","Cervezas","Cerveza rubia nacional en lata","MAHOU CLASICA cerveza rubia nacional pack 28 latas 33 cl"],"general_information":["Denominación del alimento: CERVEZA","Nombre del operador: MAHOU, S.A.","Dirección del operador: Calle Titan, 15  28045  Madrid","Cantidad Neta: 9.24 Litros","Porcentaje de alcohol: 4.8%"],"ingredients":[" Agua, Malta de Cebada, maíz, Lúpulo"],"ean":"8411327022286"},{"full_name":"MAHOU CLASICA cerveza rubia nacional pack 12 latas 33 cl","name":"cerveza rubia nacional pack 12 latas 33 cl","brand":"MAHOU CLASICA ","img":"https://sgfm.elcorteingles.es/SGFM/dctm/MEDIA03/201706/22/00118600300364____6__600x600.jpg","price":"6,12 €","price_unit":"(1,55 € / Litro)","categories":["Supermercado","Bebidas","Cervezas","Cervezas","Cerveza rubia nacional en lata","MAHOU CLASICA cerveza rubia nacional pack 12 latas 33 cl"],"general_information":["Denominación del alimento: CERVEZA","Nombre del operador: MAHOU, S.A.","Dirección del operador: Calle Titan, 15  28045  Madrid","Cantidad Neta: 3.96 Litros","Porcentaje de alcohol: 4.8%"],"ingredients":[" Agua, Malta de Cebada, maíz, Lúpulo"],"ean":"8411327022125"},{"full_name":"MAHOU CLASICA cerveza rubia nacional lata 50 cl","name":"cerveza rubia nacional lata 50 cl","brand":"MAHOU CLASICA ","img":"https://sgfm.elcorteingles.es/SGFM/dctm/MEDIA03/201706/22/00118600301214____1__600x600.jpg","price":"0,79 €","price_unit":"(1,58 € / Litro)","categories":["Supermercado","Bebidas","Cervezas","Cervezas","Cerveza rubia nacional en lata","MAHOU CLASICA cerveza rubia nacional lata 50 cl"],"general_information":["Denominación del alimento: CERVEZA","Nombre del operador: MAHOU, S.A.","Dirección del operador: Calle Titan, 15  28045  Madrid","Cantidad Neta: 0.50 Litros","Porcentaje de alcohol: 4.8%"],"ingredients":[" Agua, Malta de Cebada, maíz, Lúpulo"],"ean":"8411327052016"},{"full_name":"MAHOU CLASICA cerveza rubia nacional lata 33 cl","name":"cerveza rubia nacional lata 33 cl","brand":"MAHOU CLASICA ","img":"https://sgfm.elcorteingles.es/SGFM/dctm/MEDIA03/201706/22/00118600300356____2__600x600.jpg","price":"0,52 €","price_unit":"(1,58 € / Litro)","categories":["Supermercado","Bebidas","Cervezas","Cervezas","Cerveza rubia nacional en lata","MAHOU CLASICA cerveza rubia nacional lata 33 cl"],"general_information":["Denominación del alimento: CERVEZA","Nombre del operador: MAHOU, S.A.","Dirección del operador: Calle Titan, 15  28045  Madrid","Cantidad Neta: 0.33 Litros","Porcentaje de alcohol: 4.8%"],"ingredients":[" Agua, Malta de Cebada, maíz, Lúpulo"],"ean":"8411327022019"},{"full_name":"MAHOU 5 ESTRELLAS cerveza rubia nacional pack 28 latas 33 cl","name":"cerveza rubia nacional pack 28 latas 33 cl","brand":"MAHOU 5 ESTRELLAS ","img":"https://sgfm.elcorteingles.es/SGFM/dctm/MEDIA03/201706/22/00118600301347____2__600x600.jpg","price":"14,88 €","price_unit":"(1,61 € / Litro)","categories":["Supermercado","Bebidas","Cervezas","Cervezas","Cerveza rubia nacional en lata","MAHOU 5 ESTRELLAS cerveza rubia nacional pack 28 latas 33 cl"],"general_information":[],"ingredients":[],"ean":"8411327122283"},{"full_name":"MAHOU 5 ESTRELLAS cerveza rubia nacional pack 12 latas 33 cl","name":"cerveza rubia nacional pack 12 latas 33 cl","brand":"MAHOU 5 ESTRELLAS ","img":"https://sgfm.elcorteingles.es/SGFM/dctm/MEDIA03/201706/22/00118600300372____7__600x600.jpg","price":"7,32 €","price_unit":"(1,85 € / Litro)","categories":["Supermercado","Bebidas","Cervezas","Cervezas","Cerveza rubia nacional en lata","MAHOU 5 ESTRELLAS cerveza rubia nacional pack 12 latas 33 cl"],"general_information":["Denominación del alimento: CERVEZA ESPECIAL","Nombre del operador: MAHOU, S.A.","Dirección del operador: Calle Titan, 15  28045  Madrid","Cantidad Neta: 3.96 Litros","Porcentaje de alcohol: 5.5%"],"ingredients":[" Agua, Malta de Cebada, Maíz, Lúpulo"],"ean":"8411327122122"},{"full_name":"MAHOU 5 ESTRELLAS cerveza rubia nacional lata 50 cl","name":"cerveza rubia nacional lata 50 cl","brand":"MAHOU 5 ESTRELLAS ","img":"https://sgfm.elcorteingles.es/SGFM/dctm/MEDIA03/201706/22/00118600300463____3__600x600.jpg","price":"0,96 €","price_unit":"(1,92 € / Litro)","categories":["Supermercado","Bebidas","Cervezas","Cervezas","Cerveza rubia nacional en lata","MAHOU 5 ESTRELLAS cerveza rubia nacional lata 50 cl"],"general_information":["Denominación del alimento: CERVEZA ESPECIAL","Nombre del operador: MAHOU, S.A.","Dirección del operador: Calle Titan, 15  28045  Madrid","Cantidad Neta: 0.50 Litros","Porcentaje de alcohol: 5.5%"],"ingredients":[" Agua, Malta de Cebada, Maíz, Lúpulo"],"ean":"8411327152013"},{"full_name":"MAHOU 5 ESTRELLAS cerveza rubia nacional lata 33 cl","name":"cerveza rubia nacional lata 33 cl","brand":"MAHOU 5 ESTRELLAS ","img":"https://sgfm.elcorteingles.es/SGFM/dctm/MEDIA03/201706/22/00118600300380____1__600x600.jpg","price":"0,63 €","price_unit":"(1,91 € / Litro)","categories":["Supermercado","Bebidas","Cervezas","Cervezas","Cerveza rubia nacional en lata","MAHOU 5 ESTRELLAS cerveza rubia nacional lata 33 cl"],"general_information":["Denominación del alimento: CERVEZA ESPECIAL","Nombre del operador: MAHOU, S.A.","Dirección del operador: Calle Titan, 15  28045  Madrid","Cantidad Neta: 0.33 Litros","Porcentaje de alcohol: 5.5%"],"ingredients":[" Agua, Malta de Cebada, Maíz, Lúpulo"],"ean":"8411327122016"},{"full_name":"MAHOU 5 ESTRELLAS cerveza rubia sin gluten lata 33 cl","name":"cerveza rubia sin gluten lata 33 cl","brand":"MAHOU 5 ESTRELLAS ","img":"https://sgfm.elcorteingles.es/SGFM/dctm/MEDIA03/201706/22/00118651000012____2__600x600.jpg","price":"0,62 €","price_unit":"(1,88 € / Litro)","categories":["Supermercado","Bebidas","Cervezas","Cervezas","Cerveza rubia nacional en lata","MAHOU 5 ESTRELLAS cerveza rubia sin gluten lata 33 cl"],"general_information":["Denominación del alimento: CERVEZA ESPECIAL","Nombre del operador: MAHOU, S.A.","Dirección del operador: Calle Titan, 15  28045  Madrid","Cantidad Neta: 0.33 Litros","Porcentaje de alcohol: 5.5%"],"ingredients":[" Agua, Malta de Cebada, Maíz, Lúpulo"],"ean":"8411327001885"},{"full_name":"MAHOU PREMIUM Light cerveza rubia nacional con 35% menos calorías lata 33 cl","name":"Light cerveza rubia nacional con 35% menos calorías lata 33 cl","brand":"MAHOU PREMIUM ","img":"https://sgfm.elcorteingles.es/SGFM/dctm/MEDIA03/201607/08/00118602500045____1__600x600.jpg","price":"0,60 €","price_unit":"(1,82 € / Litro)","categories":["Supermercado","Bebidas","Cervezas","Cervezas","Cerveza rubia nacional en lata","MAHOU PREMIUM Light cerveza rubia nacional con 35% menos calorías lata 33 cl"],"general_information":["Denominación del alimento: CERVEZA","Nombre del operador: MAHOU, S.A.","Dirección del operador: Calle Titan, 15  28045  Madrid","Cantidad Neta: 0.33 Litros","Porcentaje de alcohol: 3.5%"],"ingredients":[" Agua, Malta de Cebada, Maiz, Lúpulo"],"ean":"8411327000208"},{"full_name":"MAHOU cerveza rubia con limón lata 33 cl","name":"cerveza rubia con limón lata 33 cl","brand":"MAHOU ","img":"https://sgfm.elcorteingles.es/SGFM/dctm/MEDIA03/201706/22/00118600301644____2__600x600.jpg","price":"0,55 €","price_unit":"(1,67 € / Litro)","categories":["Supermercado","Bebidas","Cervezas","Cervezas","Cerveza rubia nacional en lata","MAHOU cerveza rubia con limón lata 33 cl"],"general_information":["Denominación del alimento: CLARA","Nombre del operador: MAHOU, S.A.","Dirección del operador: Calle Titan, 15  28045  Madrid","Cantidad Neta: 0.33 Litros","Porcentaje de alcohol: 3.2%"],"ingredients":[" Agua, Malta de Cebada, Maiz, Lúpulo, Agua carbonatada, Jarabe de Glucosa, Emulsión de Limón, Antioxidante: ácido ascórbico, Acidulante: ácido cítrico/citrato, Aroma de Limón, Conservador: E-202/E-211"],"ean":"8411327002271"},{"full_name":"CRUZCAMPO cerveza rubia nacional pack 24 latas 33 cl","name":"cerveza rubia nacional pack 24 latas 33 cl","brand":"CRUZCAMPO ","img":"https://sgfm.elcorteingles.es/SGFM/dctm/MEDIA03/201611/08/00118600301404____3__600x600.jpg","price":"11,80 €","price_unit":"(1,49 € / Litro)","categories":["Supermercado","Bebidas","Cervezas","Cervezas","Cerveza rubia nacional en lata","CRUZCAMPO cerveza rubia nacional pack 24 latas 33 cl"],"general_information":["Denominación del alimento: Cerveza","Nombre del operador: Heineken España S.A.","Dirección del operador: Av. De Andalucia 1 - 41007 Sevilla","Cantidad Neta: 7.92 Litros","Porcentaje de alcohol: 4.8%"],"ingredients":[" Agua, malta de cebada, maíz, lúpulo, estabilizante E-405 y antioxidante E-224. Este producto se elabora con malta de cebada. Contiene gluten."],"conservation":" Conservar el producto en un lugar limpio, seco y bien ventilado, protegido de la lluvia y alejado de otros productos, alimenticios o no, que puedan impartirle olores o sabores extraños. Almacenar preferiblemente entre 5° y 15°C, evitando temperaturas superiores a 25°C. Evitar exposiciones directas a la luz del sol o fuentes de calor. No congelar el producto.","ean":"8411090013429"},{"full_name":"CRUZCAMPO cerveza rubia nacional pack 12 latas 33 cl","name":"cerveza rubia nacional pack 12 latas 33 cl","brand":"CRUZCAMPO ","img":"https://sgfm.elcorteingles.es/SGFM/dctm/MEDIA03/201611/08/00118600300307____3__600x600.jpg","price":"6,12 €","price_unit":"(1,55 € / Litro)","categories":["Supermercado","Bebidas","Cervezas","Cervezas","Cerveza rubia nacional en lata","CRUZCAMPO cerveza rubia nacional pack 12 latas 33 cl"],"general_information":["Denominación del alimento: Cerveza","Nombre del operador: Heineken España S.A.","Dirección del operador: Av. De Andalucia 1 - 41007 Sevilla","Cantidad Neta: 3.96 Litros","Porcentaje de alcohol: 4.8%"],"ingredients":[" Agua, malta de cebada, maíz, lúpulo, estabilizante E-405 y antioxidante E-224. Este producto se elabora con malta de cebada. Contiene gluten."],"conservation":" Conservar el producto en un lugar limpio, seco y bien ventilado, protegido de la lluvia y alejado de otros productos, alimenticios o no, que puedan impartirle olores o sabores extraños. Almacenar preferiblemente entre 5° y 15°C, evitando temperaturas superiores a 25°C. Evitar exposiciones directas a la luz del sol o fuentes de calor. No congelar el producto.","ean":"8411090018561"},{"full_name":"CRUZCAMPO cerveza rubia nacional lata 50 cl","name":"cerveza rubia nacional lata 50 cl","brand":"CRUZCAMPO ","img":"https://sgfm.elcorteingles.es/SGFM/dctm/MEDIA03/201611/08/00118600301057____4__600x600.jpg","price":"0,85 €","price_unit":"(1,70 € / Litro)","categories":["Supermercado","Bebidas","Cervezas","Cervezas","Cerveza rubia nacional en lata","CRUZCAMPO cerveza rubia nacional lata 50 cl"],"general_information":["Denominación del alimento: Cerveza","Nombre del operador: Heineken España S.A.","Dirección del operador: Av. De Andalucia 1 - 41007 Sevilla","Cantidad Neta: 50 Centilitros","Porcentaje de alcohol: 4.8%"],"ingredients":[" Agua, malta de cebada, maíz, lúpulo, estabilizante E-405 y antioxidante E-224. Este producto se elabora con malta de cebada. Contiene gluten."],"conservation":" Conservar el producto en un lugar limpio, seco y bien ventilado, protegido de la lluvia y alejado de otros productos, alimenticios o no, que puedan impartirle olores o sabores extraños. Almacenar preferiblemente entre 5° y 15°C, evitando temperaturas superiores a 25°C. Evitar exposiciones directas a la luz del sol o fuentes de calor. No congelar el producto.","ean":"8411090171327"},{"full_name":"CRUZCAMPO cerveza rubia nacional lata 33 cl","name":"cerveza rubia nacional lata 33 cl","brand":"CRUZCAMPO ","img":"https://sgfm.elcorteingles.es/SGFM/dctm/MEDIA03/201611/08/00118600300232____6__600x600.jpg","price":"0,52 €","price_unit":"(1,58 € / Litro)","categories":["Supermercado","Bebidas","Cervezas","Cervezas","Cerveza rubia nacional en lata","CRUZCAMPO cerveza rubia nacional lata 33 cl"],"general_information":["Denominación del alimento: Cerveza","Nombre del operador: Heineken España S.A.","Dirección del operador: Av. De Andalucia 1 - 41007 Sevilla","Cantidad Neta: 33 Centilitros","Porcentaje de alcohol: 4.8%"],"ingredients":[" Agua, malta de cebada, maíz, lúpulo, estabilizante E-405 y antioxidante E-224. Este producto se elabora con malta de cebada. Contiene gluten."],"conservation":" Conservar el producto en un lugar limpio, seco y bien ventilado, protegido de la lluvia y alejado de otros productos, alimenticios o no, que puedan impartirle olores o sabores extraños. Almacenar preferiblemente entre 5° y 15°C, evitando temperaturas superiores a 25°C. Evitar exposiciones directas a la luz del sol o fuentes de calor. No congelar el producto.","ean":"8411090101331"},{"full_name":"CRUZCAMPO GRAN RESERVA 1904 Premium Quality cerveza rubia 100% Malta lata 33 cl","name":"Premium Quality cerveza rubia 100% Malta lata 33 cl","brand":"CRUZCAMPO GRAN RESERVA 1904 ","img":"https://sgfm.elcorteingles.es/SGFM/01/32/1/0118600301321/0118600301321000g01011.jpg","price":"0,79 €","price_unit":"(2,39 € / Litro)","categories":["Supermercado","Bebidas","Cervezas","Cervezas","Cerveza rubia nacional en lata","CRUZCAMPO GRAN RESERVA 1904 Premium Quality cerveza rubia 100% Malta lata 33 cl"],"general_information":["Denominación del alimento: Cerveza especial","Nombre del operador: Heineken España S.A.","Dirección del operador: Av. De Andalucia 1 - 41007 Sevilla","Cantidad Neta: 33 Centilitros","Porcentaje de alcohol: 6.4%"],"ingredients":[" Agua, malta de cebada, lúpulo y estabilizante E-405. Este producto se elabora con malta de cebada. Contiene gluten."],"conservation":" Conservar el producto en un lugar limpio, seco y bien ventilado, protegido de la lluvia y alejado de otros productos, alimenticios o no, que puedan impartirle olores o sabores extraños. Almacenar preferiblemente entre 5° y 15°C, evitando temperaturas superiores a 25°C. Evitar exposiciones directas a la luz del sol o fuentes de calor. No congelar el producto.","ean":"8411090111347"},{"full_name":"CRUZCAMPO CRUZIAL cerveza rubia especial 100% lúpulo seleccionado lata 33 cl","name":"cerveza rubia especial 100% lúpulo seleccionado lata 33 cl","brand":"CRUZCAMPO CRUZIAL ","img":"https://sgfm.elcorteingles.es/SGFM/dctm/MEDIA02/CONTENIDOS/201511/16/00118600301586____1__600x600.jpg","price":"0,63 €","price_unit":"(1,91 € / Litro)","categories":["Supermercado","Bebidas","Cervezas","Cervezas","Cerveza rubia nacional en lata","CRUZCAMPO CRUZIAL cerveza rubia especial 100% lúpulo seleccionado lata 33 cl"],"general_information":["Denominación del alimento: Cerveza especial","Nombre del operador: Heineken España S.A.","Dirección del operador: Av. De Andalucia 1 - 41007 Sevilla","Cantidad Neta: 0.33 Centilitros","Porcentaje de alcohol: 5.9%"],"ingredients":[" Agua, malta de cebada, lúpulo y estabilizante E-405. Este producto se elabora con malta de cebada. Contiene gluten"],"conservation":" Conservar el producto en un lugar limpio, seco y bien ventilado, protegido de la lluvia y alejado de otros productos, alimenticios o no, que puedan impartirle olores o sabores extraños. Almacenar preferiblemente entre 5° y 15°C, evitando temperaturas superiores a 25°C. Evitar exposiciones directas a la luz del sol o fuentes de calor. No congelar el producto.","ean":"8411090014525"},{"full_name":"CRUZCAMPO Radler cerveza rubia con zumo natural de limón lata 33 cl","name":"Radler cerveza rubia con zumo natural de limón lata 33 cl","brand":"CRUZCAMPO ","img":"https://sgfm.elcorteingles.es/SGFM/dctm/MEDIA03/201611/08/00118600301438____4__600x600.jpg","price":"0,55 €","price_unit":"(1,67 € / Litro)","categories":["Supermercado","Bebidas","Cervezas","Cervezas","Cerveza rubia nacional en lata","CRUZCAMPO Radler cerveza rubia con zumo natural de limón lata 33 cl"],"general_information":["Denominación del alimento: Clara","Nombre del operador: Heineken España S.A.","Dirección del operador: Av. De Andalucia 1 - 41007 Sevilla","Cantidad Neta: 33 Centilitros","Porcentaje de alcohol: 2.2%"],"ingredients":[" Agua, azúcar, malta de cebada, maíz, lúpulo, zumos de limón (2,7%), naranja, lima y acerola a partir de concentrados, extracto de limón concentrado, aroma cítrico natural, estabilizante E-410 y E-405, antioxidante E-224. Para barril, además, Conservador E-202. Este producto se elabora con malta de cebada. Contiene gluten."],"conservation":" Conservar el producto en un lugar limpio, seco y bien ventilado, protegido de la lluvia y alejado de otros productos, alimenticios o no, que puedan impartirle olores o sabores extraños. Almacenar preferiblemente entre 5° y 15°C, evitando temperaturas superiores a 25°C. Evitar exposiciones directas a la luz del sol o fuentes de calor. No congelar el producto.","ean":"8411090614350"},{"full_name":"CRUZ DEL SUR cerveza rubia 100% andaluza lata 33 cl","name":"cerveza rubia 100% andaluza lata 33 cl","brand":"CRUZ DEL SUR ","img":"https://sgfm.elcorteingles.es/SGFM/01/38/8/0118600301388/0118600301388000g01011.jpg","price":"0,36 €","price_unit":"(1,09 € / Litro)","categories":["Supermercado","Bebidas","Cervezas","Cervezas","Cerveza rubia nacional en lata","CRUZ DEL SUR cerveza rubia 100% andaluza lata 33 cl"],"general_information":["Denominación del alimento: Cerveza","Nombre del operador: Heineken España S.A.","Dirección del operador: Av. De Andalucia 1 - 41007 Sevilla","Cantidad Neta: 33 Centilitros","Porcentaje de alcohol: 4.5%"],"ingredients":[" Agua, malta de cebada, maíz, lúpulo, estabilizante E-405 y antioxidante E-224. Este producto se elabora con malta de cebada. Contiene gluten."],"conservation":" Conservar el producto en un lugar limpio, seco y bien ventilado, protegido de la lluvia y alejado de otros productos, alimenticios o no, que puedan impartirle olores o sabores extraños. Almacenar preferiblemente entre 5° y 15°C, evitando temperaturas superiores a 25°C. Evitar exposiciones directas a la luz del sol o fuentes de calor. No congelar el producto.","ean":"8411090011500"},{"full_name":"ESTRELLA GALICIA cerveza rubia especial pack 24 latas 33 cl","name":"cerveza rubia especial pack 24 latas 33 cl","brand":"ESTRELLA GALICIA ","img":"https://sgfm.elcorteingles.es/SGFM/dctm/MEDIA03/201709/29/00118600301701____1__600x600.jpg","price":"15,80 €","price_unit":"(1,99 € / Litro)","categories":["Supermercado","Bebidas","Cervezas","Cervezas","Cerveza rubia nacional en lata","ESTRELLA GALICIA cerveza rubia especial pack 24 latas 33 cl"],"general_information":[],"ingredients":[],"ean":"8412598000034"},{"full_name":"ESTRELLA GALICIA cerveza rubia especial pack 10 latas 33 cl","name":"cerveza rubia especial pack 10 latas 33 cl","brand":"ESTRELLA GALICIA ","img":"https://sgfm.elcorteingles.es/SGFM/dctm/MEDIA02/CONTENIDOS/201407/21/00118600300513____1__600x600.jpg","price":"6,54 €","price_unit":"(1,98 € / Litro)","categories":["Supermercado","Bebidas","Cervezas","Cervezas","Cerveza rubia nacional en lata","ESTRELLA GALICIA cerveza rubia especial pack 10 latas 33 cl"],"general_information":["Denominación del alimento: Cerveza","Nombre del operador: HIJOS DE RIVERA S.A.U.","Dirección del operador: C/Jose María Rivera Corral nº6 15008 A Coruña","Cantidad Neta: 330 Centilitros","Porcentaje de alcohol: 5.5%"],"ingredients":[" Agua, malta de cebada, maíz y lúpulo."],"conservation":" Mantener en lugar fresco y seco","ean":"8412598000096"},{"full_name":"ESTRELLA GALICIA cerveza rubia especial pack 8 latas 33 cl","name":"cerveza rubia especial pack 8 latas 33 cl","brand":"ESTRELLA GALICIA ","img":"https://sgfm.elcorteingles.es/SGFM/dctm/MEDIA03/201703/29/00118600301149____1__600x600.jpg","price":"5,23 €","price_unit":"(15,85 € / Litro)","categories":["Supermercado","Bebidas","Cervezas","Cervezas","Cerveza rubia nacional en lata","ESTRELLA GALICIA cerveza rubia especial pack 8 latas 33 cl"],"general_information":["Denominación del alimento: Cerveza","Nombre del operador: HIJOS DE RIVERA S.A.U.","Dirección del operador: C/Jose María Rivera Corral nº6 15008 A Coruña","Cantidad Neta: 330 Centilitros","Porcentaje de alcohol: 5.5%"],"ingredients":[" Agua, malta de cebada, maíz y lúpulo."],"conservation":" Mantener en lugar fresco y seco","ean":"8412598800306"},{"full_name":"ESTRELLA GALICIA cerveza rubia especial lata 50 cl","name":"cerveza rubia especial lata 50 cl","brand":"ESTRELLA GALICIA ","img":"https://sgfm.elcorteingles.es/SGFM/01/20/6/0118600301206/0118600301206000g01011.jpg","price":"0,94 €","price_unit":"(1,88 € / Litro)","categories":["Supermercado","Bebidas","Cervezas","Cervezas","Cerveza rubia nacional en lata","ESTRELLA GALICIA cerveza rubia especial lata 50 cl"],"general_information":["Denominación del alimento: Cerveza","Nombre del operador: HIJOS DE RIVERA S.A.U.","Dirección del operador: C/Jose María Rivera Corral nº6 15008 A Coruña","Cantidad Neta: 50 Centilitros","Porcentaje de alcohol: 5.5%"],"ingredients":[" Agua, malta de cebada, maíz y lúpulo."],"conservation":" Mantener en lugar fresco y seco","ean":"8412598000775"},{"full_name":"ESTRELLA GALICIA cerveza rubia especial lata 33 cl","name":"cerveza rubia especial lata 33 cl","brand":"ESTRELLA GALICIA ","img":"https://sgfm.elcorteingles.es/SGFM/dctm/MEDIA02/CONTENIDOS/201407/21/00118600300034____1__600x600.jpg","price":"0,66 €","price_unit":"(2 € / Litro)","categories":["Supermercado","Bebidas","Cervezas","Cervezas","Cerveza rubia nacional en lata","ESTRELLA GALICIA cerveza rubia especial lata 33 cl"],"general_information":["Denominación del alimento: Cerveza","Nombre del operador: HIJOS DE RIVERA S.A.U.","Dirección del operador: C/Jose María Rivera Corral nº6 15008 A Coruña","Cantidad Neta: 33 Centilitros","Porcentaje de alcohol: 5.5%"],"ingredients":[" Agua, malta de cebada, maíz y lúpulo."],"conservation":" Mantener en lugar fresco y seco","ean":"8412598000010"},{"full_name":"ESTRELLA GALICIA cerveza rubia especial mini pack 6 lata 25 cl","name":"cerveza rubia especial mini pack 6 lata 25 cl","brand":"ESTRELLA GALICIA ","img":"https://sgfm.elcorteingles.es/SGFM/dctm/MEDIA02/CONTENIDOS/201407/21/00118600301230____1__600x600.jpg","price":"2,98 €","price_unit":"(11,92 € / Litro)","categories":["Supermercado","Bebidas","Cervezas","Cervezas","Cerveza rubia nacional en lata","ESTRELLA GALICIA cerveza rubia especial mini pack 6 lata 25 cl"],"general_information":["Denominación del alimento: Cerveza","Nombre del operador: HIJOS DE RIVERA S.A.U.","Dirección del operador: C/Jose María Rivera Corral nº6 15008 A Coruña","Cantidad Neta: 150 Centilitros","Porcentaje de alcohol: 5.5%"],"ingredients":[" Agua, malta de cebada, maíz y lúpulo."],"conservation":" Mantener en lugar fresco y seco","ean":"8412598000522"},{"full_name":"ESTRELLA DAMM cerveza rubia nacional pack 12 latas 33 cl","name":"cerveza rubia nacional pack 12 latas 33 cl","brand":"ESTRELLA DAMM ","img":"https://sgfm.elcorteingles.es/SGFM/00/28/1/0118600300281/0118600300281000g01011.jpg","price":"7,45 €","price_unit":"(1,88 € / Litro)","categories":["Supermercado","Bebidas","Cervezas","Cervezas","Cerveza rubia nacional en lata","ESTRELLA DAMM cerveza rubia nacional pack 12 latas 33 cl"],"general_information":["Denominación del alimento: Cerveza","Nombre del operador: DAMM S.A.","Dirección del operador: C/ ROSELLO , 515  BARCELONA,   BARCELONA","Cantidad Neta: 396 Centilitros","Porcentaje de alcohol: 5.40%"],"ingredients":[" Contiene malta de cebada"],"ean":"8410793026439"},{"full_name":"ESTRELLA DAMM cerveza rubia nacional lata 50 cl","name":"cerveza rubia nacional lata 50 cl","brand":"ESTRELLA DAMM ","img":"https://sgfm.elcorteingles.es/SGFM/00/27/3/0118600300273/0118600300273000g01011.jpg","price":"0,93 €            ","price_unit":"(1,78 € / Litro)","categories":["Supermercado","Bebidas","Cervezas","Cervezas","Cerveza rubia nacional en lata","ESTRELLA DAMM cerveza rubia nacional lata 50 cl"],"general_information":["Denominación del alimento: Cerveza","Nombre del operador: DAMM S.A.","Dirección del operador: C/ ROSELLO , 515  BARCELONA,   BARCELONA","Cantidad Neta: 0.50 Litros","Porcentaje de alcohol: 5.40%"],"ingredients":[" Contiene malta de cebada"],"conservation":" Mantener en lugar fresco, oscuro y seco","ean":"8410793026125"},{"full_name":"ESTRELLA DAMM cerveza rubia nacional lata 33 cl","name":"cerveza rubia nacional lata 33 cl","brand":"ESTRELLA DAMM ","img":"https://sgfm.elcorteingles.es/SGFM/dctm/MEDIA03/201702/06/00118600300224____1__600x600.jpg","price":"0,63 €","price_unit":"(1,91 € / Litro)","categories":["Supermercado","Bebidas","Cervezas","Cervezas","Cerveza rubia nacional en lata","ESTRELLA DAMM cerveza rubia nacional lata 33 cl"],"general_information":["Denominación del alimento: Cerveza","Nombre del operador: DAMM S.A.","Dirección del operador: C/ ROSELLO , 515  BARCELONA,   BARCELONA","Cantidad Neta: 33 Centilitros","Porcentaje de alcohol: 5.40%"],"ingredients":[" Contiene malta de cebada"],"ean":"8410793026132"},{"full_name":"ESTRELLA LEVANTE cerveza rubia nacional clásica pack 12 latas 33 cl","name":"cerveza rubia nacional clásica pack 12 latas 33 cl","brand":"ESTRELLA LEVANTE ","img":"https://sgfm.elcorteingles.es/SGFM/dctm/MEDIA02/CONTENIDOS/201410/02/00118600301040____1__600x600.jpg","price":"6,07 €            ","price_unit":"(16,21 € / Litro)","categories":["Supermercado","Bebidas","Cervezas","Cervezas","Cerveza rubia nacional en lata","ESTRELLA LEVANTE cerveza rubia nacional clásica pack 12 latas 33 cl"],"general_information":["Denominación del alimento: Cerveza","Nombre del operador: DAMM S.A.","Dirección del operador: C/ ROSELLO , 515  BARCELONA,   BARCELONA","Cantidad Neta: 396 Centilitros","Porcentaje de alcohol: 4.80%"],"ingredients":[" Contiene malta de cebada"],"ean":"8413194126432"},{"full_name":"ESTRELLA LEVANTE cerveza rubia nacional clásica lata 33 cl","name":"cerveza rubia nacional clásica lata 33 cl","brand":"ESTRELLA LEVANTE ","img":"https://sgfm.elcorteingles.es/SGFM/dctm/MEDIA02/CONTENIDOS/201411/28/00200500301312____1__600x600.jpg","price":"0,54 €","price_unit":"(1,64 € / Litro)","categories":["Supermercado","Bebidas","Cervezas","Cervezas","Cerveza rubia nacional en lata","ESTRELLA LEVANTE cerveza rubia nacional clásica lata 33 cl"],"general_information":["Denominación del alimento: Cerveza","Nombre del operador: DAMM S.A.","Dirección del operador: C/ ROSELLO , 515  BARCELONA,   BARCELONA","Cantidad Neta: 33 Centilitros","Porcentaje de alcohol: 4.80%"],"ingredients":[" Contiene malta de cebada"],"ean":"8413194006338"},{"full_name":"AMSTEL cerveza rubia 100% Malta pack 24 latas 33 cl","name":"cerveza rubia 100% Malta pack 24 latas 33 cl","brand":"AMSTEL ","img":"https://sgfm.elcorteingles.es/SGFM/dctm/MEDIA03/201703/21/00200500301379____6__600x600.jpg","price":"12,09 €","price_unit":"(1,34 € / Litro)","categories":["Supermercado","Bebidas","Cervezas","Cervezas","Cerveza rubia nacional en lata","AMSTEL cerveza rubia 100% Malta pack 24 latas 33 cl"],"general_information":["Denominación del alimento: Cerveza","Nombre del operador: Heineken España S.A.","Dirección del operador: Av. De Andalucia 1 - 41007 Sevilla","Cantidad Neta: 7.92 Litros","Porcentaje de alcohol: 5%"],"ingredients":[" Agua, malta de cebada y lúpulo. Barril y cellar: agua, malta de cebada, lúpulo, estabilizante E-405 y antioxidante E-224. Este producto se elabora con malta de cebada. Contiene gluten."],"conservation":" Conservar el producto en un lugar limpio, seco y bien ventilado, protegido de la lluvia y alejado de otros productos, alimenticios o no, que puedan impartirle olores o sabores extraños. Almacenar preferiblemente entre 5° y 15°C, evitando temperaturas superiores a 25°C. Evitar exposiciones directas a la luz del sol o fuentes de calor. No congelar el producto.","ean":"8410569000649"},{"full_name":"AMSTEL cerveza rubia nacional pack 12 latas 33 cl","name":"cerveza rubia nacional pack 12 latas 33 cl","brand":"AMSTEL ","img":"https://sgfm.elcorteingles.es/SGFM/dctm/MEDIA03/201703/21/00118600301073____3__600x600.jpg","price":"6,12 €            ","price_unit":"(1,60 € / Litro)","categories":["Supermercado","Bebidas","Cervezas","Cervezas","Cerveza rubia nacional en lata","AMSTEL cerveza rubia nacional pack 12 latas 33 cl"],"general_information":["Denominación del alimento: Cerveza","Nombre del operador: Heineken España S.A.","Dirección del operador: Av. De Andalucia 1 - 41007 Sevilla","Cantidad Neta: 3.96 Litros","Porcentaje de alcohol: 5%"],"ingredients":[" Agua, malta de cebada y lúpulo. Barril y cellar: agua, malta de cebada, lúpulo, estabilizante E-405 y antioxidante E-224. Este producto se elabora con malta de cebada. Contiene gluten."],"conservation":" Conservar el producto en un lugar limpio, seco y bien ventilado, protegido de la lluvia y alejado de otros productos, alimenticios o no, que puedan impartirle olores o sabores extraños. Almacenar preferiblemente entre 5° y 15°C, evitando temperaturas superiores a 25°C. Evitar exposiciones directas a la luz del sol o fuentes de calor. No congelar el producto.","ean":"8410569005125"},{"full_name":"AMSTEL cerveza rubia 100% Malta lata 50 cl","name":"cerveza rubia 100% Malta lata 50 cl","brand":"AMSTEL ","img":"https://sgfm.elcorteingles.es/SGFM/dctm/MEDIA02/CONTENIDOS/201506/01/00118600301313____1__600x600.jpg","price":"0,79 €","price_unit":"(1,58 € / Litro)","categories":["Supermercado","Bebidas","Cervezas","Cervezas","Cerveza rubia nacional en lata","AMSTEL cerveza rubia 100% Malta lata 50 cl"],"general_information":["Denominación del alimento: Cerveza","Nombre del operador: Heineken España S.A.","Dirección del operador: Av. De Andalucia 1 - 41007 Sevilla","Cantidad Neta: 56,8 Centilitros","Porcentaje de alcohol: 5,0%"],"ingredients":[" Agua, 100% malta de cebada y lúpulo. Sin aditivos. Este producto se elabora con malta de cebada: contiene gluten."],"conservation":" Conservar el producto en un lugar limpio, seco y bien ventilado, protegido de la lluvia y alejado de otros productos, alimenticios o no, que puedan impartirle olores o sabores extraños. Almacenar preferiblemente entre 5° y 15°C, evitando temperaturas superiores a 25°C. Evitar exposiciones directas a la luz del sol o fuentes de calor. No congelar el producto.","ean":"8410569015681"},{"full_name":"AMSTEL cerveza rubia nacional lata 33 cl","name":"cerveza rubia nacional lata 33 cl","brand":"AMSTEL ","img":"https://sgfm.elcorteingles.es/SGFM/dctm/MEDIA03/201703/15/00118600301065____1__600x600.jpg","price":"0,51 €","price_unit":"(1,36 € / Litro)","categories":["Supermercado","Bebidas","Cervezas","Cervezas","Cerveza rubia nacional en lata","AMSTEL cerveza rubia nacional lata 33 cl"],"general_information":["Denominación del alimento: Cerveza","Nombre del operador: Heineken España S.A.","Dirección del operador: Av. De Andalucia 1 - 41007 Sevilla","Cantidad Neta: 33 Centilitros","Porcentaje de alcohol: 5%"],"ingredients":[" Agua, malta de cebada y lúpulo. Barril y cellar: agua, malta de cebada, lúpulo, estabilizante E-405 y antioxidante E-224. Este producto se elabora con malta de cebada. Contiene gluten"],"conservation":" Conservar el producto en un lugar limpio, seco y bien ventilado, protegido de la lluvia y alejado de otros productos, alimenticios o no, que puedan impartirle olores o sabores extraños. Almacenar preferiblemente entre 5° y 15°C, evitando temperaturas superiores a 25°C. Evitar exposiciones directas a la luz del sol o fuentes de calor. No congelar el producto.","ean":"8410569005651"},{"full_name":"AMSTEL cerveza rubia nacional clásica lata 33 cl","name":"cerveza rubia nacional clásica lata 33 cl","brand":"AMSTEL ","img":"https://sgfm.elcorteingles.es/SGFM/dctm/MEDIA02/CONTENIDOS/201511/16/00118600301354____1__600x600.jpg","price":"0,32 €","price_unit":"(0,97 € / Litro)","categories":["Supermercado","Bebidas","Cervezas","Cervezas","Cerveza rubia nacional en lata","AMSTEL cerveza rubia nacional clásica lata 33 cl"],"general_information":["Denominación del alimento: Cerveza","Nombre del operador: Heineken España S.A.","Dirección del operador: Av. De Andalucia 1 - 41007 Sevilla","Cantidad Neta: 33 Centilitros","Porcentaje de alcohol: 4.7%"],"ingredients":[" Agua, malta de cebada, maíz, lúpulo, estabilizante E-405 y antioxidante E-224. Este producto se elabora con malta de cebada. Contiene gluten"],"conservation":" Conservar el producto en un lugar limpio, seco y bien ventilado, protegido de la lluvia y alejado de otros productos, alimenticios o no, que puedan impartirle olores o sabores extraños. Almacenar preferiblemente entre 5° y 15°C, evitando temperaturas superiores a 25°C. Evitar exposiciones directas a la luz del sol o fuentes de calor. No congelar el producto.","ean":"8410569015650"},{"full_name":"AMSTEL Extra cerveza rubia Lager lata 33 cl","name":"Extra cerveza rubia Lager lata 33 cl","brand":"AMSTEL ","img":"https://sgfm.elcorteingles.es/SGFM/dctm/MEDIA02/CONTENIDOS/201509/17/00118600301263____1__600x600.jpg","price":"0,64 €","price_unit":"(1,94 € / Litro)","categories":["Supermercado","Bebidas","Cervezas","Cervezas","Cerveza rubia nacional en lata","AMSTEL Extra cerveza rubia Lager lata 33 cl"],"general_information":["Denominación del alimento: Cerveza Extra","Nombre del operador: Heineken España S.A.","Dirección del operador: Av. De Andalucia 1 - 41007 Sevilla","Cantidad Neta: 33 Centilitros","Porcentaje de alcohol: 7.5%"],"ingredients":[" Agua, malta de cebada, azúcar y lúpulo. Este producto se elabora con malta de cebada. Contiene gluten"],"conservation":" Conservar el producto en un lugar limpio, seco y bien ventilado, protegido de la lluvia y alejado de otros productos, alimenticios o no, que puedan impartirle olores o sabores extraños. Almacenar preferiblemente entre 5° y 15°C, evitando temperaturas superiores a 25°C. Evitar exposiciones directas a la luz del sol o fuentes de calor. No congelar el producto.","ean":"8410569210642"},{"full_name":"AMSTEL Radler cerveza rubia con zumo natural de limón pack 12 latas 33 cl","name":"Radler cerveza rubia con zumo natural de limón pack 12 latas 33 cl","brand":"AMSTEL ","img":"https://sgfm.elcorteingles.es/SGFM/dctm/MEDIA03/201704/04/00118600301693____1__600x600.jpg","price":"6,22 €","categories":["Supermercado","Bebidas","Cervezas","Cervezas","Cerveza rubia nacional en lata","AMSTEL Radler cerveza rubia con zumo natural de limón pack 12 latas 33 cl"],"general_information":["Denominación del alimento: Clara","Nombre del operador: Heineken España S.A.","Dirección del operador: Av. De Andalucia 1 - 41007 Sevilla","Cantidad Neta: 3.96 Litros","Porcentaje de alcohol: 2%"],"ingredients":[" Agua, azúcar, malta de cebada, lúpulo, zumos de limón (2,7%),naranja, lima y acerola a partir de   concentrados, extracto de limón concentrado, aroma cítrico natural,   estabilizante E-410. Para barril, además, Conservador E-202. Este producto se elabora con malta de cebada. Contiene gluten"],"conservation":" Conservar el producto en un lugar limpio, seco y bien ventilado, protegido de la lluvia y alejado de otros productos, alimenticios o no, que puedan impartirle olores o sabores extraños. Almacenar preferiblemente entre 5° y 15°C, evitando temperaturas superiores a 25°C. Evitar exposiciones directas a la luz del sol o fuentes de calor. No congelar el producto.","ean":"8410569615232"},{"full_name":"AMSTEL Radler cerveza rubia con zumo natural de limón lata 33 cl","name":"Radler cerveza rubia con zumo natural de limón lata 33 cl","brand":"AMSTEL ","img":"https://sgfm.elcorteingles.es/SGFM/dctm/MEDIA02/CONTENIDOS/201506/22/00118600301370____1__600x600.jpg","price":"0,63 €","price_unit":"(1,91 € / Litro)","categories":["Supermercado","Bebidas","Cervezas","Cervezas","Cerveza rubia nacional en lata","AMSTEL Radler cerveza rubia con zumo natural de limón lata 33 cl"],"general_information":["Denominación del alimento: Clara","Nombre del operador: Heineken España S.A.","Dirección del operador: Av. De Andalucia 1 - 41007 Sevilla","Cantidad Neta: 33 Centilitros","Porcentaje de alcohol: 2%"],"ingredients":[" Agua, azúcar, malta de cebada, lúpulo, zumos de limón (2,7%),naranja, lima y acerola a partir de concentrados, extracto de limón concentrado, aroma cítrico natural, estabilizante E-410. Para barril, además, Conservador E-202. Este producto se elabora con malta de cebada. Contiene gluten"],"conservation":" Conservar el producto en un lugar limpio, seco y bien ventilado, protegido de la lluvia y alejado de otros productos, alimenticios o no, que puedan impartirle olores o sabores extraños. Almacenar preferiblemente entre 5° y 15°C, evitando temperaturas superiores a 25°C. Evitar exposiciones directas a la luz del sol o fuentes de calor. No congelar el producto.","ean":"8410569615614"},{"full_name":"ALHAMBRA Especial cerveza rubia pack 12 latas 33 cl","name":"Especial cerveza rubia pack 12 latas 33 cl","brand":"ALHAMBRA ","img":"https://sgfm.elcorteingles.es/SGFM/dctm/MEDIA02/CONTENIDOS/201602/03/00118600301107____1__600x600.jpg","price":"6,85 €","price_unit":"(1,73 € / Litro)","categories":["Supermercado","Bebidas","Cervezas","Cervezas","Cerveza rubia nacional en lata","ALHAMBRA Especial cerveza rubia pack 12 latas 33 cl"],"general_information":["Denominación del alimento: CERVEZA ESPECIAL","Nombre del operador: MAHOU, S.A.","Dirección del operador: Calle Titán, 15  28045  Madrid","Cantidad Neta: 3.96 Litros","Porcentaje de alcohol: 5.4%"],"ingredients":[" Agua, Malta de Cebada, Maíz, Lúpulo"],"ean":"8413681303650"},{"full_name":"ALHAMBRA Especial cerveza rubia lata 33 cl","name":"Especial cerveza rubia lata 33 cl","brand":"ALHAMBRA ","img":"https://sgfm.elcorteingles.es/SGFM/dctm/MEDIA03/201606/22/00118600300604____2__600x600.jpg","price":"0,63 €","price_unit":"(1,91 € / Litro)","categories":["Supermercado","Bebidas","Cervezas","Cervezas","Cerveza rubia nacional en lata","ALHAMBRA Especial cerveza rubia lata 33 cl"],"general_information":["Denominación del alimento: CERVEZA ESPECIAL","Nombre del operador: MAHOU, S.A.","Dirección del operador: Calle Titán, 15  28045  Madrid","Cantidad Neta: 0.33 Litros","Porcentaje de alcohol: 5.4%"],"ingredients":[" Agua, Malta de Cebada, Maíz, Lúpulo"],"ean":"8413681301236"},{"full_name":"ALHAMBRA cerveza rubia tradicional lata 50 cl","name":"cerveza rubia tradicional lata 50 cl","brand":"ALHAMBRA ","img":"https://sgfm.elcorteingles.es/SGFM/dctm/MEDIA03/201606/22/00118600300398____2__600x600.jpg","price":"0,77 €","price_unit":"(1,54 € / Litro)","categories":["Supermercado","Bebidas","Cervezas","Cervezas","Cerveza rubia nacional en lata","ALHAMBRA cerveza rubia tradicional lata 50 cl"],"general_information":["Denominación del alimento: CERVEZA","Nombre del operador: MAHOU, S.A.","Dirección del operador: Calle Titán, 15  28045  Madrid","Cantidad Neta: 0.5 Litros","Porcentaje de alcohol: 4.6%"],"ingredients":[" Agua, Malta de Cebada, Maíz, Lúpulo"],"ean":"8413681241112"},{"full_name":"ALHAMBRA cerveza rubia tradicional lata 33 cl","name":"cerveza rubia tradicional lata 33 cl","brand":"ALHAMBRA ","img":"https://sgfm.elcorteingles.es/SGFM/dctm/MEDIA03/201606/22/00118600300349____3__600x600.jpg","price":"0,54 €","price_unit":"(1,64 € / Litro)","categories":["Supermercado","Bebidas","Cervezas","Cervezas","Cerveza rubia nacional en lata","ALHAMBRA cerveza rubia tradicional lata 33 cl"],"general_information":["Denominación del alimento: CERVEZA","Nombre del operador: MAHOU, S.A.","Dirección del operador: Calle Titán, 15  28045  Madrid","Cantidad Neta: 0.33 Litros","Porcentaje de alcohol: 4.6%"],"ingredients":[" Agua, Malta de Cebada, Maíz, Lúpulo"],"ean":"8413681000344"},{"full_name":"VOLL DAMM cerveza rubia nacional doble malta pack 12 latas 33 cl","name":"cerveza rubia nacional doble malta pack 12 latas 33 cl","brand":"VOLL DAMM ","img":"https://sgfm.elcorteingles.es/SGFM/00/10/8/0118602700108/0118602700108000g01011.jpg","price":"8,90 €            ","price_unit":"(21,97 € / Litro)","categories":["Supermercado","Bebidas","Cervezas","Cervezas","Cerveza rubia nacional en lata","VOLL DAMM cerveza rubia nacional doble malta pack 12 latas 33 cl"],"general_information":["Denominación del alimento: Cerveza","Nombre del operador: DAMM S.A.","Dirección del operador: C/ ROSELLO , 515  BARCELONA,   BARCELONA","Cantidad Neta: 396 Centilitros","Porcentaje de alcohol: 7.20%"],"ingredients":[" Contiene malta de cebada"],"ean":"8410793036438"},{"full_name":"VOLL DAMM cerveza rubia nacional doble malta lata 33 cl","name":"cerveza rubia nacional doble malta lata 33 cl","brand":"VOLL DAMM ","img":"https://sgfm.elcorteingles.es/SGFM/00/08/1/0200502700081/0200502700081000g01011.jpg","price":"0,77 €","price_unit":"(2,33 € / Litro)","categories":["Supermercado","Bebidas","Cervezas","Cervezas","Cerveza rubia nacional en lata","VOLL DAMM cerveza rubia nacional doble malta lata 33 cl"],"general_information":["Denominación del alimento: Cerveza","Nombre del operador: DAMM S.A.","Dirección del operador: C/ ROSELLO , 515  BARCELONA,   BARCELONA","Cantidad Neta: 0.33 Litros","Porcentaje de alcohol: 7.2%"],"ingredients":[" Contiene malta de cebada"],"conservation":" Mantener en lugar fresco, oscuro y seco","ean":"8410793036131"},{"full_name":"SAN MIGUEL cerveza rubia premium especial pack 24 latas 33 cl","name":"cerveza rubia premium especial pack 24 latas 33 cl","brand":"SAN MIGUEL ","img":"https://sgfm.elcorteingles.es/SGFM/dctm/MEDIA02/CONTENIDOS/201508/18/00200500300066____2__600x600.jpg","price":"13,07 €","price_unit":"(1,65 € / Litro)","categories":["Supermercado","Bebidas","Cervezas","Cervezas","Cerveza rubia nacional en lata","SAN MIGUEL cerveza rubia premium especial pack 24 latas 33 cl"],"general_information":["Denominación del alimento: CERVEZA ESPECIAL","Nombre del operador: MAHOU, S.A.","Dirección del operador: Calle Titan, 15  28045  Madrid","Cantidad Neta: 7.92 Litros","Porcentaje de alcohol: 5.4%"],"ingredients":[" Agua, Malta de Cebada, Maíz, Lúpulo"],"ean":"8410655000867"},{"full_name":"SAN MIGUEL cerveza rubia premium especial pack 12 latas 33 cl","name":"cerveza rubia premium especial pack 12 latas 33 cl","brand":"SAN MIGUEL ","img":"https://sgfm.elcorteingles.es/SGFM/dctm/MEDIA02/CONTENIDOS/201508/18/00118600300109____1__600x600.jpg","price":"5,59 €","price_unit":"(1,41 € / Litro)","categories":["Supermercado","Bebidas","Cervezas","Cervezas","Cerveza rubia nacional en lata","SAN MIGUEL cerveza rubia premium especial pack 12 latas 33 cl"],"general_information":["Denominación del alimento: CERVEZA ESPECIAL","Nombre del operador: MAHOU, S.A.","Dirección del operador: Calle Titan, 15  28045  Madrid","Cantidad Neta: 3.96 Litros","Porcentaje de alcohol: 5.4%"],"ingredients":[" Agua, Malta de Cebada, Maíz, Lúpulo"],"ean":"8410655000874"},{"full_name":"SAN MIGUEL cerveza rubia premium especial lata 50 cl","name":"cerveza rubia premium especial lata 50 cl","brand":"SAN MIGUEL ","img":"https://sgfm.elcorteingles.es/SGFM/dctm/MEDIA02/CONTENIDOS/201508/06/00118600300075____1__600x600.jpg","price":"0,82 €","price_unit":"(1,64 € / Litro)","categories":["Supermercado","Bebidas","Cervezas","Cervezas","Cerveza rubia nacional en lata","SAN MIGUEL cerveza rubia premium especial lata 50 cl"],"general_information":["Denominación del alimento: CERVEZA ESPECIAL","Nombre del operador: MAHOU, S.A.","Dirección del operador: Calle Titan, 15  28045  Madrid","Cantidad Neta: 0.50 Litros","Porcentaje de alcohol: 5.4%"],"ingredients":[" Agua, Malta de Cebada, Maíz, Lúpulo"],"ean":"8410655000430"},{"full_name":"SAN MIGUEL cerveza rubia premium especial lata 33 cl","name":"cerveza rubia premium especial lata 33 cl","brand":"SAN MIGUEL ","img":"https://sgfm.elcorteingles.es/SGFM/dctm/MEDIA02/CONTENIDOS/201508/06/00118600300083____2__600x600.jpg","price":"0,54 €","price_unit":"(1,64 € / Litro)","categories":["Supermercado","Bebidas","Cervezas","Cervezas","Cerveza rubia nacional en lata","SAN MIGUEL cerveza rubia premium especial lata 33 cl"],"general_information":["Denominación del alimento: CERVEZA ESPECIAL","Nombre del operador: MAHOU, S.A.","Dirección del operador: Calle Titan, 15  28045  Madrid","Cantidad Neta: 0.33 Litros","Porcentaje de alcohol: 5.4%"],"ingredients":[" Agua, Malta de Cebada, Maíz, Lúpulo"],"ean":"8410655000010"},{"full_name":"SAN MIGUEL cerveza rubia premium especial Athletic de Bilbao lata 33 cl","name":"cerveza rubia premium especial Athletic de Bilbao lata 33 cl","brand":"SAN MIGUEL ","img":"https://sgfm.elcorteingles.es/SGFM/dctm/MEDIA03/201609/08/00118600301669____1__600x600.jpg","price":"0,58 €","price_unit":"(1,76 € / Litro)","categories":["Supermercado","Bebidas","Cervezas","Cervezas","Cerveza rubia nacional en lata","SAN MIGUEL cerveza rubia premium especial Athletic de Bilbao lata 33 cl"],"general_information":[],"ingredients":[],"ean":"8410655002694"},{"full_name":"SAN MIGUEL 1516 cerveza rubia 100% Malta lata 33 cl","name":"1516 cerveza rubia 100% Malta lata 33 cl","brand":"SAN MIGUEL ","img":"https://sgfm.elcorteingles.es/SGFM/dctm/MEDIA03/201607/08/00118602700074____1__600x600.jpg","price":"0,75 €","price_unit":"(2,27 € / Litro)","categories":["Supermercado","Bebidas","Cervezas","Cervezas","Cerveza rubia nacional en lata","SAN MIGUEL 1516 cerveza rubia 100% Malta lata 33 cl"],"general_information":["Denominación del alimento: CERVEZA","Nombre del operador: MAHOU, S.A.","Dirección del operador: Calle Titan, 15  28045  Madrid","Cantidad Neta: 0.33 Litros","Porcentaje de alcohol: 4.2%"],"ingredients":[" Agua, Malta de Cebada, Lúpulo"],"ean":"8410655010101"},{"full_name":"SAN MIGUEL Clara cerveza rubia con refresco de limón lata 33 cl","name":"Clara cerveza rubia con refresco de limón lata 33 cl","brand":"SAN MIGUEL ","img":"https://sgfm.elcorteingles.es/SGFM/dctm/MEDIA03/201607/08/00118600301461____2__600x600.jpg","price":"0,55 €","price_unit":"(1,67 € / Litro)","categories":["Supermercado","Bebidas","Cervezas","Cervezas","Cerveza rubia nacional en lata","SAN MIGUEL Clara cerveza rubia con refresco de limón lata 33 cl"],"general_information":["Denominación del alimento: CLARA SABOR LIMON","Nombre del operador: MAHOU, S.A.","Dirección del operador: Calle Titan, 15  28045  Madrid","Cantidad Neta: 0.33 Litros","Porcentaje de alcohol: 3.2%"],"ingredients":[" 60% Cerveza Especial - 40% Bebida refrescante. Contiene Malta de Cebada"],"ean":"8410655002069"},{"full_name":"AMBAR cerveza rubia especial pack 9 latas 33 cl","name":"cerveza rubia especial pack 9 latas 33 cl","brand":"AMBAR ","img":"https://sgfm.elcorteingles.es/SGFM/dctm/MEDIA03/201704/05/00118600300133____3__600x600.jpg","price":"5,55 €","price_unit":"(1,87 € / Litro)","categories":["Supermercado","Bebidas","Cervezas","Cervezas","Cerveza rubia nacional en lata","AMBAR cerveza rubia especial pack 9 latas 33 cl"],"general_information":["Denominación del alimento: Cerveza Especial","Nombre del operador: La Zaragozana, S.A.","Dirección del operador: Ramón Berenguer IV, 1 - 50007 Zaragoza","Cantidad Neta: 297 Centilitros","Porcentaje de alcohol: 5.2%"],"ingredients":[" Contiene malta de cebada"],"ean":"8410700001535"},{"full_name":"AMBAR cerveza rubia especial lata 50 cl","name":"cerveza rubia especial lata 50 cl","brand":"AMBAR ","img":"https://sgfm.elcorteingles.es/SGFM/dctm/MEDIA02/CONTENIDOS/201512/14/00118600300067____1__600x600.jpg","price":"0,85 €","price_unit":"(1,70 € / Litro)","categories":["Supermercado","Bebidas","Cervezas","Cervezas","Cerveza rubia nacional en lata","AMBAR cerveza rubia especial lata 50 cl"],"general_information":["Denominación del alimento: Cerveza Especial","Nombre del operador: La Zaragozana, S.A.","Dirección del operador: Ramón Berenguer IV, 1 - 50007 Zaragoza","Cantidad Neta: 50 Centilitros","Porcentaje de alcohol: 5.2%"],"ingredients":[" Contiene malta de cebada"],"ean":"8410700001412"},{"full_name":"AMBAR cerveza rubia especial lata 33 cl","name":"cerveza rubia especial lata 33 cl","brand":"AMBAR ","img":"https://sgfm.elcorteingles.es/SGFM/dctm/MEDIA02/CONTENIDOS/201512/14/00118600300091____1__600x600.jpg","price":"0,60 €","price_unit":"(1,82 € / Litro)","categories":["Supermercado","Bebidas","Cervezas","Cervezas","Cerveza rubia nacional en lata","AMBAR cerveza rubia especial lata 33 cl"],"general_information":["Denominación del alimento: Cerveza Especial","Nombre del operador: La Zaragozana, S.A.","Dirección del operador: Ramón Berenguer IV, 1 - 50007 Zaragoza","Cantidad Neta: 33 Centilitros","Porcentaje de alcohol: 5.2%"],"ingredients":[" Contiene malta de cebada"],"ean":"0000084107015"},{"full_name":"AMBAR cerveza rubia especial sin gluten lata 33 cl","name":"cerveza rubia especial sin gluten lata 33 cl","brand":"AMBAR ","img":"https://sgfm.elcorteingles.es/SGFM/dctm/MEDIA03/201702/08/00118651000053____2__600x600.jpg","price":"0,65 €","price_unit":"(1,97 € / Litro)","categories":["Supermercado","Bebidas","Cervezas","Cervezas","Cerveza rubia nacional en lata","AMBAR cerveza rubia especial sin gluten lata 33 cl"],"general_information":["Denominación del alimento: Ambar sin gluten","Nombre del operador: La Zaragozana, S.A.","Dirección del operador: Ramón Berenguer IV, 1 - 50007 Zaragoza","Cantidad Neta: 7.92 Litros","Porcentaje de alcohol: 5.2%"],"ingredients":[],"ean":"8410700003737"},{"full_name":"AMBAR Export cerveza rubia nacional extrafuerte tres maltas de doble fermentación lata 33 cl","name":"Export cerveza rubia nacional extrafuerte tres maltas de doble fermentación lata 33 cl","brand":"AMBAR ","img":"https://sgfm.elcorteingles.es/SGFM/dctm/MEDIA03/201701/24/00118600300836____1__600x600.jpg","price":"0,77 €","price_unit":"(2,33 € / Litro)","categories":["Supermercado","Bebidas","Cervezas","Cervezas","Cerveza rubia nacional en lata","AMBAR Export cerveza rubia nacional extrafuerte tres maltas de doble fermentación lata 33 cl"],"general_information":["Denominación del alimento: Cerveza Extra","Nombre del operador: La Zaragozana, S.A.","Dirección del operador: Ramón Berenguer IV, 1 - 50007 Zaragoza","Cantidad Neta: 33 Centilitros","Porcentaje de alcohol: 7.0%"],"ingredients":[" Contiene malta de cebada"],"ean":"8410700002242"},{"full_name":"AMBAR Radler cerveza rubia y limón lata 33 cl","name":"Radler cerveza rubia y limón lata 33 cl","brand":"AMBAR ","img":"https://sgfm.elcorteingles.es/SGFM/dctm/MEDIA03/201607/08/00118600301636____1__600x600.jpg","price":"0,61 €","price_unit":"(1,85 € / Litro)","categories":["Supermercado","Bebidas","Cervezas","Cervezas","Cerveza rubia nacional en lata","AMBAR Radler cerveza rubia y limón lata 33 cl"],"general_information":["Denominación del alimento: Ambar Radler","Nombre del operador: La Zaragozana, S.A.","Dirección del operador: Ramón Berenguer IV, 1 - 50007 Zaragoza","Cantidad Neta: 7.92 Litros","Porcentaje de alcohol: 2.5%"],"ingredients":[],"ean":"8410700003829"},{"full_name":"ESTRELLA GALICIA 1906 cerveza rubia nacional extra lata 33 cl","name":"cerveza rubia nacional extra lata 33 cl","brand":"ESTRELLA GALICIA 1906 ","img":"https://sgfm.elcorteingles.es/SGFM/dctm/MEDIA02/CONTENIDOS/201407/21/00118602700090____1__600x600.jpg","price":"0,80 €","price_unit":"(2,42 € / Litro)","categories":["Supermercado","Bebidas","Cervezas","Cervezas","Cerveza rubia nacional en lata","ESTRELLA GALICIA 1906 cerveza rubia nacional extra lata 33 cl"],"general_information":["Denominación del alimento: Cerveza","Nombre del operador: HIJOS DE RIVERA S.A.U.","Dirección del operador: C/Jose María Rivera Corral nº6 15008 A Coruña","Cantidad Neta: 33 Centilitros","Porcentaje de alcohol: 6.5%"],"ingredients":[" Agua, malta de cebada, maíz y lúpulo."],"conservation":" Mantener en lugar fresco y seco","ean":"8412598033117"},{"full_name":"MORITZ cerveza rubia pack 8 latas 33 cl + 1 lata gratis","name":"cerveza rubia pack 8 latas 33 cl","brand":"MORITZ ","img":"https://sgfm.elcorteingles.es/SGFM/dctm/MEDIA03/201704/20/00118600301685____1__600x600.jpg","price":"5,45 €","price_unit":"(1,84 € / Litro)","categories":["Supermercado","Bebidas","Cervezas","Cervezas","Cerveza rubia nacional en lata","MORITZ cerveza rubia pack 8 latas 33 cl + 1 lata gratis"],"general_information":["Denominación del alimento: Cerveza","Nombre del operador: Cervezas Moriz, S.A.","Dirección del operador: Ronda San Antoni,39 - 08011 Barcelona","Cantidad Neta: 297 Centilitros","Porcentaje de alcohol: 5.4%"],"ingredients":[" Contiene malta de cebada"],"ean":"8410700002495"},{"full_name":"MORITZ cerveza rubia nacional lata 33 cl","name":"cerveza rubia nacional lata 33 cl","brand":"MORITZ ","img":"https://sgfm.elcorteingles.es/SGFM/dctm/MEDIA02/CONTENIDOS/201410/06/00118600301172____1__600x600.jpg","price":"0,77 €","price_unit":"(2,33 € / Litro)","categories":["Supermercado","Bebidas","Cervezas","Cervezas","Cerveza rubia nacional en lata","MORITZ cerveza rubia nacional lata 33 cl"],"general_information":["Denominación del alimento: Cerveza","Nombre del operador: Cervezas Moriz, S.A.","Dirección del operador: Ronda San Antoni,39 - 08011 Barcelona","Cantidad Neta: 33,0 Centilitros","Porcentaje de alcohol: 5,4%"],"ingredients":[" Contiene malta de cebada"],"ean":"8410700002136"},{"full_name":"MORITZ EPIDOR cerveza rubia nacional lata 33 cl","name":"EPIDOR cerveza rubia nacional lata 33 cl","brand":"MORITZ ","img":"https://sgfm.elcorteingles.es/SGFM/dctm/MEDIA02/CONTENIDOS/201502/25/00118602700157____1__600x600.jpg","price":"0,94 €","price_unit":"(2,85 € / Litro)","categories":["Supermercado","Bebidas","Cervezas","Cervezas","Cerveza rubia nacional en lata","MORITZ EPIDOR cerveza rubia nacional lata 33 cl"],"general_information":[],"ingredients":[],"ean":"8410700003577"},{"full_name":"XIBECA DAMM cerveza rubia nacional pack 12 latas 33 cl","name":"DAMM cerveza rubia nacional pack 12 latas 33 cl","brand":"XIBECA ","img":"https://sgfm.elcorteingles.es/SGFM/dctm/MEDIA02/CONTENIDOS/201507/03/00118600301560____1__600x600.jpg","price":"5,22 €","price_unit":"(1,32 € / Litro)","categories":["Supermercado","Bebidas","Cervezas","Cervezas","Cerveza rubia nacional en lata","XIBECA DAMM cerveza rubia nacional pack 12 latas 33 cl"],"general_information":["Denominación del alimento: Cerveza","Nombre del operador: DAMM S.A.","Dirección del operador: C/ ROSELLO , 515  BARCELONA,   BARCELONA","Cantidad Neta: 3.96 Litros","Porcentaje de alcohol: 4.60%"],"ingredients":[" Contiene malta de cebada"],"conservation":" Mantener en lugar fresco, oscuro y seco","ean":"8410793016430"},{"full_name":"XIBECA DAMM cerveza rubia nacional lata 33 cl","name":"DAMM cerveza rubia nacional lata 33 cl","brand":"XIBECA ","img":"https://sgfm.elcorteingles.es/SGFM/00/19/0/0118600300190/0118600300190000g01011.jpg","price":"0,52 €","price_unit":"(1,58 € / Litro)","categories":["Supermercado","Bebidas","Cervezas","Cervezas","Cerveza rubia nacional en lata","XIBECA DAMM cerveza rubia nacional lata 33 cl"],"general_information":["Denominación del alimento: Cerveza","Nombre del operador: DAMM S.A.","Dirección del operador: C/ ROSELLO , 515  BARCELONA,   BARCELONA","Cantidad Neta: 0.33 Litros","Porcentaje de alcohol: 4.60%"],"ingredients":[" Contiene malta de cebada"],"conservation":" Mantener en lugar fresco, oscuro y seco","ean":"8410793016133"},{"full_name":"DAMM LEMON cerveza rubia con limón Clara Mediterránea lata 33 cl (6 Partes de Cerveza y 4 Partes de Limón)","name":"cerveza rubia con limón Clara Mediterránea lata 33 cl","brand":"DAMM LEMON ","img":"https://sgfm.elcorteingles.es/SGFM/dctm/MEDIA03/201706/30/00118600300166____2__600x600.jpg","price":"0,59 €","price_unit":"(1,79 € / Litro)","categories":["Supermercado","Bebidas","Cervezas","Cervezas","Cerveza rubia nacional en lata","DAMM LEMON cerveza rubia con limón Clara Mediterránea lata 33 cl (6 Partes de Cerveza y 4 Partes de Limón)"],"general_information":["Denominación del alimento: DAMM LEMON","Nombre del operador: DAMM S.A.","Dirección del operador: C/ ROSELLO , 515  BARCELONA, BARCELONA","Cantidad Neta: 33 Centilitros","Porcentaje de alcohol: 3.2%","Otras menciones obligatorias en la etiqueta: Cerveza Limón"],"ingredients":[" Cerveza 60%: Agua, malta de cebada, arroz, lúpulo. Bebida refrescante de extratos 40%: Agua carbonatada, jarabe de glucosa y fructosa, zumo de limón a partir de concentrado, acidulante: ácido cítrico, aroma natural a cítricos, estabilizantes E 414 y E 445, antioxidante: ácido ascórbico"],"conservation":" Mantener en lugar fresco, oscuro y seco","ean":"8410793156136"},{"full_name":"VICTORIA cerveza rubia especial malagueña Pack 12 latas 33 cl","name":"cerveza rubia especial malagueña Pack 12 latas 33 cl","brand":"VICTORIA ","img":"https://sgfm.elcorteingles.es/SGFM/dctm/MEDIA02/CONTENIDOS/201410/02/00118600301453____2__600x600.jpg","price":"6,07 €            ","price_unit":"(13,61 € / Litro)","categories":["Supermercado","Bebidas","Cervezas","Cervezas","Cerveza rubia nacional en lata","VICTORIA cerveza rubia especial malagueña Pack 12 latas 33 cl"],"general_information":["Denominación del alimento: Cerveza","Nombre del operador: DAMM S.A.","Dirección del operador: C/ ROSELLO , 515  BARCELONA,   BARCELONA","Cantidad Neta: 3.96 Litros","Porcentaje de alcohol: 5.40%"],"ingredients":[" Contiene malta de cebada"],"conservation":" Mantener en lugar fresco, oscuro y seco","ean":"8410793226433"},{"full_name":"VICTORIA cerveza rubia especial malagueña lata 33 cl","name":"cerveza rubia especial malagueña lata 33 cl","brand":"VICTORIA ","img":"https://sgfm.elcorteingles.es/SGFM/dctm/MEDIA02/CONTENIDOS/201411/28/00118600301123____1__600x600.jpg","price":"0,51 €","price_unit":"(1,55 € / Litro)","categories":["Supermercado","Bebidas","Cervezas","Cervezas","Cerveza rubia nacional en lata","VICTORIA cerveza rubia especial malagueña lata 33 cl"],"general_information":["Denominación del alimento: Cerveza","Nombre del operador: DAMM S.A.","Dirección del operador: C/ ROSELLO , 515  BARCELONA,   BARCELONA","Cantidad Neta: 0.33 Litros","Porcentaje de alcohol: 5.40%"],"ingredients":[" Contiene malta de cebada"],"conservation":" Mantener en lugar fresco, oscuro y seco","ean":"8410793226136"},{"full_name":"DAURA DAMM cerveza rubia sin gluten lata lata 33 cl","name":"cerveza rubia sin gluten lata lata 33 cl","brand":"DAURA DAMM ","img":"https://sgfm.elcorteingles.es/SGFM/dctm/MEDIA03/201705/23/00118651000095____1__600x600.jpg","price":"0,69 €","price_unit":"(2,09 € / Litro)","categories":["Supermercado","Bebidas","Cervezas","Cervezas","Cerveza rubia nacional en lata","DAURA DAMM cerveza rubia sin gluten lata lata 33 cl"],"general_information":["Denominación del alimento: DAURA DAMM 1/3 LATA","Nombre del operador: DAMM S.A.","Dirección del operador: C/ ROSELLO , 515  BARCELONA, BARCELONA","Cantidad Neta: 0.330 Litros","Porcentaje de alcohol: 5.4%","Otras menciones obligatorias en la etiqueta: Cerveza"],"ingredients":[],"conservation":" Mantener en lugar fresco, oscuro y seco","ean":"8410793266132"},{"full_name":"TURIA cerveza tostada de Valencia lata 33 cl","name":"cerveza tostada de Valencia lata 33 cl","brand":"TURIA ","img":"https://sgfm.elcorteingles.es/SGFM/dctm/MEDIA02/CONTENIDOS/201507/02/00118600301552____1__600x600.jpg","price":"0,66 €            ","price_unit":"(1,52 € / Litro)","categories":["Supermercado","Bebidas","Cervezas","Cervezas","Cerveza rubia nacional en lata","TURIA cerveza tostada de Valencia lata 33 cl"],"general_information":["Denominación del alimento: TURIA 1/3 LATA","Nombre del operador: DAMM S.A.","Dirección del operador: C/ ROSELLO , 515  BARCELONA, BARCELONA","Cantidad Neta: 0.330 Litros","Porcentaje de alcohol: 5.4%","Otras menciones obligatorias en la etiqueta: Cerveza"],"ingredients":[],"conservation":" Mantener en lugar fresco, oscuro y seco","ean":"8413194096131"},{"full_name":"KELER 18 cerveza nacional pack 12 latas 33 cl","name":"cerveza nacional pack 12 latas 33 cl","brand":"KELER 18 ","img":"https://sgfm.elcorteingles.es/SGFM/dctm/MEDIA02/CONTENIDOS/201507/03/00118600301545____1__600x600.jpg","price":"6,40 €            ","price_unit":"(17,42 € / Litro)","categories":["Supermercado","Bebidas","Cervezas","Cervezas","Cerveza rubia nacional en lata","KELER 18 cerveza nacional pack 12 latas 33 cl"],"general_information":["Denominación del alimento: Cerveza","Nombre del operador: DAMM S.A.","Dirección del operador: C/ ROSELLO , 515  BARCELONA,   BARCELONA","Cantidad Neta: 396 Centilitros"],"ingredients":[],"conservation":" Mantener en lugar fresco, oscuro y seco","ean":"8410793186430"},{"full_name":"KELER 18 cerveza rubia nacional lata 50 cl","name":"cerveza rubia nacional lata 50 cl","brand":"KELER 18 ","img":"https://sgfm.elcorteingles.es/SGFM/dctm/MEDIA02/CONTENIDOS/201507/02/00118600301537____1__600x600.jpg","price":"1,38 €","price_unit":"(2,76 € / Litro)","categories":["Supermercado","Bebidas","Cervezas","Cervezas","Cerveza rubia nacional en lata","KELER 18 cerveza rubia nacional lata 50 cl"],"general_information":["Denominación del alimento: KELER 18 1/2 SR LATA","Nombre del operador: DAMM S.A.","Dirección del operador: C/ ROSELLO , 515  BARCELONA, BARCELONA","Cantidad Neta: 0.500 Litros","Porcentaje de alcohol: 6%","Otras menciones obligatorias en la etiqueta: Cerveza"],"ingredients":[],"conservation":" Mantener en lugar fresco, oscuro y seco","ean":"8410793186126"},{"full_name":"KELER 18 cerveza rubia nacional lata 33 cl","name":"cerveza rubia nacional lata 33 cl","brand":"KELER 18 ","img":"https://sgfm.elcorteingles.es/SGFM/00/21/6/0118600300216/0118600300216000g01011.jpg","price":"0,58 €","price_unit":"(1,76 € / Litro)","categories":["Supermercado","Bebidas","Cervezas","Cervezas","Cerveza rubia nacional en lata","KELER 18 cerveza rubia nacional lata 33 cl"],"general_information":["Denominación del alimento: Cerveza","Nombre del operador: DAMM S.A.","Dirección del operador: C/ ROSELLO , 515  BARCELONA,   BARCELONA","Cantidad Neta: 33 Centilitros","Porcentaje de alcohol: 6.5%"],"ingredients":[],"conservation":" Mantener en lugar fresco, oscuro y seco","ean":"8410793186133"},{"full_name":"REINA cerveza rubia nacional lata 33 cl","name":"cerveza rubia nacional lata 33 cl","brand":"REINA ","img":"https://sgfm.elcorteingles.es/SGFM/dctm/MEDIA03/201607/08/00118600300729____1__600x600.jpg","price":"0,61 €","price_unit":"(1,85 € / Litro)","categories":["Supermercado","Bebidas","Cervezas","Cervezas","Cerveza rubia nacional en lata","REINA cerveza rubia nacional lata 33 cl"],"general_information":["Denominación del alimento: CERVEZA","Nombre del operador: MAHOU, S.A.","Dirección del operador: Calle Titan, 15  28045  Madrid","Cantidad Neta: 0.33 Litros","Porcentaje de alcohol: 5.0%"],"ingredients":[" Agua, Malta de cebada, Maíz, Lúpulo"],"ean":"8437001883301"},{"full_name":"ALIADA cerveza rubia nacional botella 1 l","name":"cerveza rubia nacional botella 1 l","brand":"ALIADA ","img":"https://sgfm.elcorteingles.es/SGFM/01/56/0/0118602201560/0118602201560000g01011.jpg","price":"0,68 €","price_unit":"(0,68 € / Litro)","categories":["Supermercado","Bebidas","Cervezas","Cervezas","Cerveza rubia nacional botella","ALIADA cerveza rubia nacional botella 1 l"],"general_information":["Denominación del alimento: CERVEZA\n\nIngredientes:\nAgua, malta de $cebada$, maíz, $cebada$, lúpulo, colorante E 150c, estabilizante E 405.","Nombre del operador: Elaborado para\nEl  Grupo El Corte Inglés\nHermosilla, 112  - 28009 Madrid ? España\n por B-46984290."],"ingredients":[" Ingredientes: Agua, malta de cebada, maíz, cebada, lúpulo, colorante E 150c, estabilizante E 405."],"conservation":" Consérvese en un lugar fresco, sin olores agresivos y fuera del alcance de la luz solar.","ean":"8433329041867"},{"full_name":"ALIADA cerveza rubia nacional pack 6 botellas 25 cl","name":"cerveza rubia nacional pack 6 botellas 25 cl","brand":"ALIADA ","img":"https://sgfm.elcorteingles.es/SGFM/02/08/9/0118602202089/0118602202089000g01011.jpg","price":"1,46 €","price_unit":"(5,84 € / Litro)","categories":["Supermercado","Bebidas","Cervezas","Cervezas","Cerveza rubia nacional botella","ALIADA cerveza rubia nacional pack 6 botellas 25 cl"],"general_information":["Denominación del alimento: CERVEZA\n\nIngredientes:\nAgua, malta de $cebada$, maíz, $cebada$, lúpulo, colorante E 150c, estabilizante E 405.","Nombre del operador: Elaborado para\nEl  Grupo El Corte Inglés\nHermosilla, 112  - 28009 Madrid ? España\n por B-46984290."],"ingredients":[" Ingredientes: Agua, malta de cebada, maíz, cebada, lúpulo, colorante E 150c, estabilizante E 405."],"conservation":" Consérvese en un lugar fresco, sin olores agresivos y fuera del alcance de la luz solar.","ean":"8433329045285"},{"full_name":"MAHOU 5 ESTRELLAS cerveza rubia pack 24 botellas 25 cl","name":"cerveza rubia pack 24 botellas 25 cl","brand":"MAHOU 5 ESTRELLAS ","img":"https://sgfm.elcorteingles.es/SGFM/dctm/MEDIA03/201706/22/00118602202766____10__600x600.jpg","price":"11,50 €            ","price_unit":"(1,81 € / Litro)","categories":["Supermercado","Bebidas","Cervezas","Cervezas","Cerveza rubia nacional botella","MAHOU 5 ESTRELLAS cerveza rubia pack 24 botellas 25 cl"],"general_information":["Denominación del alimento: CERVEZA ESPECIAL","Nombre del operador: MAHOU, S.A.","Dirección del operador: Calle Titan, 15  28045  Madrid","Cantidad Neta: 6 Litros","Porcentaje de alcohol: 5.5%"],"ingredients":[" Agua, Malta de Cebada, Maíz, Lúpulo"],"ean":"8411327000017"},{"full_name":"MAHOU 5 ESTRELLAS cerveza rubia pack 12 botellas 25 cl","name":"cerveza rubia pack 12 botellas 25 cl","brand":"MAHOU 5 ESTRELLAS ","img":"https://sgfm.elcorteingles.es/SGFM/dctm/MEDIA03/201706/22/00118602200992____6__600x600.jpg","price":"5,40 €","price_unit":"(1,80 € / Litro)","categories":["Supermercado","Bebidas","Cervezas","Cervezas","Cerveza rubia nacional botella","MAHOU 5 ESTRELLAS cerveza rubia pack 12 botellas 25 cl"],"general_information":["Denominación del alimento: CERVEZA ESPECIAL","Nombre del operador: MAHOU, S.A.","Dirección del operador: Calle Titan, 15  28045  Madrid","Cantidad Neta: 3 Litros","Porcentaje de alcohol: 5.5%"],"ingredients":[" Agua, Malta de Cebada, Maíz, Lúpulo"],"ean":"8411327131124"},{"full_name":"MAHOU 5 ESTRELLAS cerveza rubia nacional pack 6 botellas 25 cl","name":"cerveza rubia nacional pack 6 botellas 25 cl","brand":"MAHOU 5 ESTRELLAS ","img":"https://sgfm.elcorteingles.es/SGFM/dctm/MEDIA03/201706/22/00118602200596____6__600x600.jpg","price":"3,09 €","price_unit":"(12,36 € / Litro)","categories":["Supermercado","Bebidas","Cervezas","Cervezas","Cerveza rubia nacional botella","MAHOU 5 ESTRELLAS cerveza rubia nacional pack 6 botellas 25 cl"],"general_information":["Denominación del alimento: CERVEZA ESPECIAL","Nombre del operador: MAHOU, S.A.","Dirección del operador: Calle Titan, 15  28045  Madrid","Cantidad Neta: 1.5 Litros","Porcentaje de alcohol: 5.5%"],"ingredients":[" Agua, Malta de Cebada, Maíz, Lúpulo"],"ean":"8411327131063"},{"full_name":"MAHOU 5 ESTRELLAS cerveza rubia sin gluten botella 33 cl","name":"cerveza rubia sin gluten botella 33 cl","brand":"MAHOU 5 ESTRELLAS ","img":"https://sgfm.elcorteingles.es/SGFM/dctm/MEDIA03/201604/01/00118651000020____1__600x600.jpg","price":"0,89 €","categories":["Supermercado","Bebidas","Cervezas","Cervezas","Cerveza rubia nacional botella","MAHOU 5 ESTRELLAS cerveza rubia sin gluten botella 33 cl"],"general_information":["Denominación del alimento: CERVEZA ESPECIAL (SIN GLUTEN)","Nombre del operador: MAHOU, S.A.","Dirección del operador: Calle Titan, 15  28045  Madrid","Cantidad Neta: 0.33 Litros","Porcentaje de alcohol: 5.5%"],"ingredients":[" Agua, Malta de Cebada, Maíz, Lúpulo"],"ean":"8411327001908"},{"full_name":"MAHOU CLASICA cerveza rubia nacional pack 6 botellas 25 cl","name":"cerveza rubia nacional pack 6 botellas 25 cl","brand":"MAHOU CLASICA ","img":"https://sgfm.elcorteingles.es/SGFM/dctm/MEDIA03/201706/22/00118602200588____5__600x600.jpg","price":"2,54 €","price_unit":"(1,69 € / Litro)","categories":["Supermercado","Bebidas","Cervezas","Cervezas","Cerveza rubia nacional botella","MAHOU CLASICA cerveza rubia nacional pack 6 botellas 25 cl"],"general_information":["Denominación del alimento: CERVEZA","Nombre del operador: MAHOU, S.A.","Dirección del operador: Calle Titan, 15  28045  Madrid","Cantidad Neta: 1.5 Litros","Porcentaje de alcohol: 4.8%"],"ingredients":[" Agua, Malta de Cebada, maíz, Lúpulo"],"ean":"8411327031066"},{"full_name":"MAHOU CLASICA cerveza rubia nacional pack 12 botellas 25 cl","name":"cerveza rubia nacional pack 12 botellas 25 cl","brand":"MAHOU CLASICA ","img":"https://sgfm.elcorteingles.es/SGFM/dctm/MEDIA03/201706/22/00118602200653____5__600x600.jpg","price":"4,51 €","price_unit":"(18,04 € / Litro)","categories":["Supermercado","Bebidas","Cervezas","Cervezas","Cerveza rubia nacional botella","MAHOU CLASICA cerveza rubia nacional pack 12 botellas 25 cl"],"general_information":["Denominación del alimento: CERVEZA","Nombre del operador: MAHOU, S.A.","Dirección del operador: Calle Titan, 15  28045  Madrid","Cantidad Neta: 3 Litros","Porcentaje de alcohol: 4.8%"],"ingredients":[" Agua, Malta de Cebada, maíz, Lúpulo"],"ean":"8411327031127"},{"full_name":"MAHOU CLASICA cerveza rubia nacional botella 1 l","name":"cerveza rubia nacional botella 1 l","brand":"MAHOU CLASICA ","img":"https://sgfm.elcorteingles.es/SGFM/dctm/MEDIA03/201706/22/00118602200562____3__600x600.jpg","price":"1,32 €","price_unit":"(1,32 € / Litro)","categories":["Supermercado","Bebidas","Cervezas","Cervezas","Cerveza rubia nacional botella","MAHOU CLASICA cerveza rubia nacional botella 1 l"],"general_information":["Denominación del alimento: CERVEZA","Nombre del operador: MAHOU, S.A.","Dirección del operador: Calle Titan, 15  28045  Madrid","Cantidad Neta: 1 Litros","Porcentaje de alcohol: 4.8%"],"ingredients":[" Agua, Malta de Cebada, maíz, Lúpulo"],"ean":"8411327011013"},{"full_name":"MAHOU PREMIUM Light cerveza rubia nacional botella 33 cl","name":"Light cerveza rubia nacional botella 33 cl","brand":"MAHOU PREMIUM ","img":"https://sgfm.elcorteingles.es/SGFM/dctm/MEDIA03/201607/08/00118602600068____1__600x600.jpg","price":"0,61 €","price_unit":"(1,85 € / Litro)","categories":["Supermercado","Bebidas","Cervezas","Cervezas","Cerveza rubia nacional botella","MAHOU PREMIUM Light cerveza rubia nacional botella 33 cl"],"general_information":["Denominación del alimento: CERVEZA","Nombre del operador: MAHOU, S.A.","Dirección del operador: Calle Titan, 15  28045  Madrid","Cantidad Neta: 0.33 Litros","Porcentaje de alcohol: 3.5%"],"ingredients":[" Agua, Malta de Cebada, Maiz, Lúpulo"],"ean":"8411327000222"},{"full_name":"MAHOU Kit Experiencia Cervezera estuche 8 botellas 33 cl + Guia + Juego 4 vasos de catas","name":"Kit Experiencia Cervezera estuche 8 botellas 33 cl","brand":"MAHOU ","img":"https://sgfm.elcorteingles.es/SGFM/dctm/MEDIA03/201711/13/00118602202980____1__600x600.jpg","price":"12,99 €","categories":["Supermercado","Bebidas","Cervezas","Cervezas","Cerveza rubia nacional botella","MAHOU Kit Experiencia Cervezera estuche 8 botellas 33 cl + Guia + Juego 4 vasos de catas"],"general_information":["Denominación del alimento: CERVEZA","Nombre del operador: MAHOU, S.A.","Dirección del operador: Calle Titan, 15  28045  Madrid","Cantidad Neta: 2.64 Litros"],"ingredients":[" ALH.RSV.:Agua, Malta de Cebada, Maíz, LúpuloALH.MZQ.:Agua, Malta de Cebada, Maíz, LúpuloGRIMB.DB:Agua, Malta de Cebada, Jarabe de Glucosa, Caramelo Aromatico, Colorante: caramelo, Extracto de LupuloAlh.Roja.:Agua, Malta de Cebada,Grits de maíz y Lúpulo"],"ean":"8411327003032"},{"full_name":"MAHOU BARRICA cerveza rubia envejecida en barrica pack 3 botellas 33 cl","name":"cerveza rubia envejecida en barrica pack 3 botellas 33 cl","brand":"MAHOU BARRICA ","img":"https://sgfm.elcorteingles.es/SGFM/dctm/MEDIA03/201611/08/00118602800759____1__600x600.jpg","price":"4,80 €","price_unit":"(4,85 € / Litro)","categories":["Supermercado","Bebidas","Cervezas","Cervezas","Cerveza rubia nacional botella","MAHOU BARRICA cerveza rubia envejecida en barrica pack 3 botellas 33 cl"],"general_information":["Denominación del alimento: CERVEZA ESPECIAL","Nombre del operador: MAHOU, S.A.","Dirección del operador: Calle Titan, 15  28045  Madrid","Cantidad Neta: 0.99 Litros","Porcentaje de alcohol: 6.1%"],"ingredients":[" Agua, Malta de Cebada, Maíz, Jarabe de glucosa, Lúpulo"],"ean":"8411327003087"},{"full_name":"MAHOU BARRICA Original cerveza rubia envejecida en madera de roble botella 33 cl","name":"Original cerveza rubia envejecida en madera de roble botella 33 cl","brand":"MAHOU BARRICA ","img":"https://sgfm.elcorteingles.es/SGFM/dctm/MEDIA03/201612/15/00118602800775____1__600x600.jpg","price":"1,60 €","price_unit":"(4,85 € / Litro)","categories":["Supermercado","Bebidas","Cervezas","Cervezas","Cerveza rubia nacional botella","MAHOU BARRICA Original cerveza rubia envejecida en madera de roble botella 33 cl"],"general_information":["Denominación del alimento: CERVEZA ESPECIAL","Nombre del operador: MAHOU, S.A.","Dirección del operador: Calle Titan, 15  28045  Madrid","Cantidad Neta: 0.33 Litros","Porcentaje de alcohol: 6.1%"],"ingredients":[" Agua, Malta de Cebada, Maíz, Jarabe de glucosa, Lúpulo"],"ean":"8411327002523"},{"full_name":"MAHOU BARRICA cerveza rubia Edición Especial especial 12 meses envejecida en roble francés botella 33 cl","name":"cerveza rubia Edición Especial especial 12 meses envejecida en roble francés botella 33 cl","brand":"MAHOU BARRICA ","img":"https://sgfm.elcorteingles.es/SGFM/dctm/MEDIA03/201612/15/00118602800783____1__600x600.jpg","price":"2,30 €","price_unit":"(6,97 € / Litro)","categories":["Supermercado","Bebidas","Cervezas","Cervezas","Cerveza rubia nacional botella","MAHOU BARRICA cerveza rubia Edición Especial especial 12 meses envejecida en roble francés botella 33 cl"],"general_information":["Denominación del alimento: CERVEZA EXTRA","Nombre del operador: MAHOU, S.A.","Dirección del operador: Calle Titan, 15  28045  Madrid","Cantidad Neta: 0.33 Litros","Porcentaje de alcohol: 7%"],"ingredients":[" Agua, Malta de Cebada, Maíz, Jarabe de glucosa, Lúpulo"],"ean":"8411327002561"},{"full_name":"ESTRELLA GALICIA cerveza rubia Edición Dia de la Madre botella 75 cl","name":"cerveza rubia Edición Dia de la Madre botella 75 cl","brand":"ESTRELLA GALICIA ","img":"https://sgfm.elcorteingles.es/SGFM/dctm/MEDIA03/201704/26/00118602202741____1__600x600.jpg","price":"4,50 €","price_unit":"(6 € / Litro)","categories":["Supermercado","Bebidas","Cervezas","Cervezas","Cerveza rubia nacional botella","ESTRELLA GALICIA cerveza rubia Edición Dia de la Madre botella 75 cl"],"general_information":[],"ingredients":[],"ean":"8412598003424"},{"full_name":"ESTRELLA GALICIA Estrella de Navidad cerveza rubia nacional botella 75 cl","name":"Estrella de Navidad cerveza rubia nacional botella 75 cl","brand":"ESTRELLA GALICIA ","img":"https://sgfm.elcorteingles.es/SGFM/dctm/MEDIA03/201711/17/00118602202543____2__600x600.jpg","price":"3,49 €","price_unit":"(4,65 € / Litro)","categories":["Supermercado","Bebidas","Cervezas","Cervezas","Cerveza rubia nacional botella","ESTRELLA GALICIA Estrella de Navidad cerveza rubia nacional botella 75 cl"],"general_information":[],"ingredients":[],"ean":"8412598002526"},{"full_name":"ESTRELLA GALICIA cerveza rubia especial pack 11 botellas 25 cl","name":"cerveza rubia especial pack 11 botellas 25 cl","brand":"ESTRELLA GALICIA ","img":"https://sgfm.elcorteingles.es/SGFM/dctm/MEDIA03/201703/29/00118602202733____1__600x600.jpg","price":"5,57 €","price_unit":"(22,28 € / Litro)","categories":["Supermercado","Bebidas","Cervezas","Cervezas","Cerveza rubia nacional botella","ESTRELLA GALICIA cerveza rubia especial pack 11 botellas 25 cl"],"general_information":[],"ingredients":[],"ean":"8412598800146"},{"full_name":"ESTRELLA GALICIA cerveza rubia especial pack 12 botellas 25 cl","name":"cerveza rubia especial pack 12 botellas 25 cl","brand":"ESTRELLA GALICIA ","img":"https://sgfm.elcorteingles.es/SGFM/dctm/MEDIA02/CONTENIDOS/201407/21/00118602201552____1__600x600.jpg","price":"6,08 €","price_unit":"(2,03 € / Litro)","categories":["Supermercado","Bebidas","Cervezas","Cervezas","Cerveza rubia nacional botella","ESTRELLA GALICIA cerveza rubia especial pack 12 botellas 25 cl"],"general_information":[],"ingredients":[],"ean":"8412598001819"},{"full_name":"ESTRELLA GALICIA cerveza rubia nacional especial pack 6 botellas 25 cl","name":"cerveza rubia nacional especial pack 6 botellas 25 cl","brand":"ESTRELLA GALICIA ","img":"https://sgfm.elcorteingles.es/SGFM/dctm/MEDIA02/CONTENIDOS/201407/21/00118602200042____1__600x600.jpg","price":"3,15 €","price_unit":"(12,60 € / Litro)","categories":["Supermercado","Bebidas","Cervezas","Cervezas","Cerveza rubia nacional botella","ESTRELLA GALICIA cerveza rubia nacional especial pack 6 botellas 25 cl"],"general_information":["Denominación del alimento: Cerveza","Nombre del operador: HIJOS DE RIVERA S.A.U.","Dirección del operador: C/Jose María Rivera Corral nº6 15008 A Coruña","Cantidad Neta: 150 Centilitros","Porcentaje de alcohol: 5.5%"],"ingredients":[" Agua, malta de cebada, maíz y lúpulo."],"conservation":" Mantener en lugar fresco y seco","ean":"8412598020667"},{"full_name":"ESTRELLA GALICIA Mini cerveza rubia especial pack 12 botellas 20 cl","name":"Mini cerveza rubia especial pack 12 botellas 20 cl","brand":"ESTRELLA GALICIA ","img":"https://sgfm.elcorteingles.es/SGFM/dctm/MEDIA03/201709/29/00118602202865____1__600x600.jpg","price":"5,48 €","price_unit":"(2,28 € / Litro)","categories":["Supermercado","Bebidas","Cervezas","Cervezas","Cerveza rubia nacional botella","ESTRELLA GALICIA Mini cerveza rubia especial pack 12 botellas 20 cl"],"general_information":["Denominación del alimento: Cerveza","Nombre del operador: HIJOS DE RIVERA S.A.U.","Dirección del operador: C/Jose María Rivera Corral nº6 15008 A Coruña","Cantidad Neta: 240 Centilitros","Porcentaje de alcohol: 5.5%"],"ingredients":[" Agua, malta de cebada, maíz y lúpulo."],"conservation":" Mantener en lugar fresco y seco","ean":"8412598001383"},{"full_name":"ESTRELLA GALICIA cerveza rubia sin gluten pack 4 botellas 33 cl","name":"cerveza rubia sin gluten pack 4 botellas 33 cl","brand":"ESTRELLA GALICIA ","img":"https://sgfm.elcorteingles.es/SGFM/dctm/MEDIA02/CONTENIDOS/201601/26/00118602202576____1__600x600.jpg","price":"2,96 €","price_unit":"(2,24 € / Litro)","categories":["Supermercado","Bebidas","Cervezas","Cervezas","Cerveza rubia nacional botella","ESTRELLA GALICIA cerveza rubia sin gluten pack 4 botellas 33 cl"],"general_information":[],"ingredients":[],"ean":"8412598002397"},{"full_name":"ESTRELLA DAMM cerveza rubia botella 66 cl","name":"cerveza rubia botella 66 cl","brand":"ESTRELLA DAMM ","img":"https://sgfm.elcorteingles.es/SGFM/dctm/MEDIA03/201604/26/00200502202708____1__600x600.jpg","price":"1,32 €            ","price_unit":"(1,52 € / Litro)","categories":["Supermercado","Bebidas","Cervezas","Cervezas","Cerveza rubia nacional botella","ESTRELLA DAMM cerveza rubia botella 66 cl"],"general_information":["Denominación del alimento: Cerveza","Nombre del operador: DAMM S.A.","Dirección del operador: C/ ROSELLO , 515  BARCELONA,   BARCELONA","Cantidad Neta: 0.66 Litros","Porcentaje de alcohol: 5.40%"],"ingredients":[" Contiene malta de cebada"],"conservation":" Mantener en lugar fresco, oscuro y seco","ean":"8410793022967"},{"full_name":"ESTRELLA DAMM cerveza rubia pack 12 botellas 25 cl","name":"cerveza rubia pack 12 botellas 25 cl","brand":"ESTRELLA DAMM ","img":"https://sgfm.elcorteingles.es/SGFM/dctm/MEDIA03/201706/30/00118602200380____1__600x600.jpg","price":"6,00 €","price_unit":"(24 € / Litro)","categories":["Supermercado","Bebidas","Cervezas","Cervezas","Cerveza rubia nacional botella","ESTRELLA DAMM cerveza rubia pack 12 botellas 25 cl"],"general_information":["Denominación del alimento: ESTRELLA DAMM","Nombre del operador: DAMM S.A.","Dirección del operador: C/ ROSELLO , 515  BARCELONA, BARCELONA","Cantidad Neta: 25 Centilitros","Porcentaje de alcohol: 5.4%","Otras menciones obligatorias en la etiqueta: Cerveza"],"ingredients":[" Contiene malta de cebada"],"conservation":" Mantener en lugar fresco, oscuro y seco","ean":"8410793022943"},{"full_name":"ESTRELLA DAMM cerveza rubia pack 6 botellas 25 cl","name":"cerveza rubia pack 6 botellas 25 cl","brand":"ESTRELLA DAMM ","img":"https://sgfm.elcorteingles.es/SGFM/dctm/MEDIA03/201706/30/00118602200356____1__600x600.jpg","price":"3,16 €","price_unit":"(12,64 € / Litro)","categories":["Supermercado","Bebidas","Cervezas","Cervezas","Cerveza rubia nacional botella","ESTRELLA DAMM cerveza rubia pack 6 botellas 25 cl"],"general_information":["Denominación del alimento: Cerveza","Nombre del operador: DAMM S.A.","Dirección del operador: C/ ROSELLO , 515  BARCELONA,   BARCELONA","Cantidad Neta: 1.50 Litros","Porcentaje de alcohol: 5.40%"],"ingredients":[" Contiene malta de cebada"],"conservation":" Mantener en lugar fresco, oscuro y seco","ean":"8410793023841"},{"full_name":"ESTRELLA DAMM cerveza rubia botella 25 cl","name":"cerveza rubia botella 25 cl","brand":"ESTRELLA DAMM ","img":"https://sgfm.elcorteingles.es/SGFM/dctm/MEDIA03/201702/06/00118602202717____1__600x600.jpg","price":"0,50 €","price_unit":"(2 € / Litro)","categories":["Supermercado","Bebidas","Cervezas","Cervezas","Cerveza rubia nacional botella","ESTRELLA DAMM cerveza rubia botella 25 cl"],"general_information":["Denominación del alimento: ESTRELLA DAMM E.D.","Nombre del operador: DAMM S.A.","Dirección del operador: C/ ROSELLO , 515  BARCELONA, BARCELONA","Cantidad Neta: 25 Centilitros","Porcentaje de alcohol: 5.4%","Otras menciones obligatorias en la etiqueta: Cerveza"],"ingredients":[" Contiene malta de cebada"],"conservation":" Mantener en lugar fresco, oscuro y seco","ean":"8410793021946"},{"full_name":"ESTRELLA DAMM cerveza rubia original botella 33 cl","name":"cerveza rubia original botella 33 cl","brand":"ESTRELLA DAMM ","img":"https://sgfm.elcorteingles.es/SGFM/dctm/MEDIA03/201611/29/00118602202683____1__600x600.jpg","price":"1,09 €","price_unit":"(3,30 € / Litro)","categories":["Supermercado","Bebidas","Cervezas","Cervezas","Cerveza rubia nacional botella","ESTRELLA DAMM cerveza rubia original botella 33 cl"],"general_information":["Denominación del alimento: ESTRELLA DAMM 1/3 SIN RETORNO","Nombre del operador: DAMM S.A.","Dirección del operador: C/ ROSELLO , 515  BARCELONA, BARCELONA","Cantidad Neta: 0.330 Litros","Porcentaje de alcohol: 5.4%","Otras menciones obligatorias en la etiqueta: Cerveza"],"ingredients":[],"conservation":" Mantener en lugar fresco, oscuro y seco","ean":"8410793022936"},{"full_name":"ESTRELLA DAMM Inedit cerveza rubia extra botella 75 cl","name":"Inedit cerveza rubia extra botella 75 cl","brand":"ESTRELLA DAMM ","img":"https://sgfm.elcorteingles.es/SGFM/dctm/MEDIA03/201712/13/00118602800833____1__600x600.jpg","price":"3,25 €","price_unit":"(4,33 € / Litro)","categories":["Supermercado","Bebidas","Cervezas","Cervezas","Cerveza rubia nacional botella","ESTRELLA DAMM Inedit cerveza rubia extra botella 75 cl"],"general_information":[],"ingredients":[],"ean":"8410793333179"},{"full_name":"ESTRELLA LEVANTE cerveza rubia nacional especial pack 6 botellas 25 cl","name":"cerveza rubia nacional especial pack 6 botellas 25 cl","brand":"ESTRELLA LEVANTE ","img":"https://sgfm.elcorteingles.es/SGFM/dctm/MEDIA02/CONTENIDOS/201407/21/00118602200018____1__600x600.jpg","price":"2,85 €","price_unit":"(11,40 € / Litro)","categories":["Supermercado","Bebidas","Cervezas","Cervezas","Cerveza rubia nacional botella","ESTRELLA LEVANTE cerveza rubia nacional especial pack 6 botellas 25 cl"],"general_information":["Denominación del alimento: Cerveza","Nombre del operador: DAMM S.A.","Dirección del operador: C/ ROSELLO , 515  BARCELONA,   BARCELONA","Cantidad Neta: 1.50 Litros","Porcentaje de alcohol: 4.80%"],"ingredients":[" Contiene malta de cebada"],"conservation":" Mantener en lugar fresco, oscuro y seco","ean":"8413194000244"},{"full_name":"ESTRELLA LEVANTE cerveza rubia nacional Pilsen botella 1 l","name":"cerveza rubia nacional Pilsen botella 1 l","brand":"ESTRELLA LEVANTE ","img":"https://sgfm.elcorteingles.es/SGFM/00/05/9/0118602200059/0118602200059000g01011.jpg","price":"1,37 €","price_unit":"(1,37 € / Litro)","categories":["Supermercado","Bebidas","Cervezas","Cervezas","Cerveza rubia nacional botella","ESTRELLA LEVANTE cerveza rubia nacional Pilsen botella 1 l"],"general_information":["Denominación del alimento: Cerveza","Nombre del operador: DAMM S.A.","Dirección del operador: C/ ROSELLO , 515  BARCELONA,   BARCELONA","Cantidad Neta: 1 Litros","Porcentaje de alcohol: 4.8%"],"ingredients":[" Contiene malta de cebada"],"conservation":" Mantener en lugar fresco, oscuro y seco","ean":"8413194000305"},{"full_name":"ESTRELLA LEVANTE cerveza rubia nacional especial 50 Aniversario botella 33 cl","name":"cerveza rubia nacional especial 50 Aniversario botella 33 cl","brand":"ESTRELLA LEVANTE ","img":"https://sgfm.elcorteingles.es/SGFM//02/33/7/0118602202337/0118602202337000g01011.jpg","price":"0,99 €","price_unit":"(3 € / Litro)","categories":["Supermercado","Bebidas","Cervezas","Cervezas","Cerveza rubia nacional botella","ESTRELLA LEVANTE cerveza rubia nacional especial 50 Aniversario botella 33 cl"],"general_information":["Denominación del alimento: Cerveza","Nombre del operador: DAMM S.A.","Dirección del operador: C/ ROSELLO , 515  BARCELONA,   BARCELONA","Cantidad Neta: 0,33 Litros","Porcentaje de alcohol: 4,8%"],"ingredients":[" Contiene malta de cebada"],"conservation":" Mantener en lugar fresco, oscuro y seco","ean":"8413194121239"},{"full_name":"CRUZCAMPO cerveza rubia nacional pack 24 botellas 25 cl","name":"cerveza rubia nacional pack 24 botellas 25 cl","brand":"CRUZCAMPO ","img":"https://sgfm.elcorteingles.es/SGFM/dctm/MEDIA03/201611/08/00118602200232____3__600x600.jpg","price":"10,09 €","price_unit":"(1,68 € / Litro)","categories":["Supermercado","Bebidas","Cervezas","Cervezas","Cerveza rubia nacional botella","CRUZCAMPO cerveza rubia nacional pack 24 botellas 25 cl"],"general_information":["Denominación del alimento: Cerveza","Nombre del operador: Heineken España S.A.","Dirección del operador: Av. De Andalucia 1 - 41007 Sevilla","Cantidad Neta: 6 Litros","Porcentaje de alcohol: 4.8%"],"ingredients":[" Agua, malta de cebada, maíz, lúpulo, estabilizante E-405 y antioxidante E-224. Este producto se elabora con malta de cebada. Contiene gluten."],"conservation":" Conservar el producto en un lugar limpio, seco y bien ventilado, protegido de la lluvia y alejado de otros productos, alimenticios o no, que puedan impartirle olores o sabores extraños. Almacenar preferiblemente entre 5° y 15°C, evitando temperaturas superiores a 25°C. Evitar exposiciones directas a la luz del sol o fuentes de calor. No congelar el producto.","ean":"8411090024258"},{"full_name":"CRUZCAMPO cerveza rubia nacional pack 6 botellas 25 cl","name":"cerveza rubia nacional pack 6 botellas 25 cl","brand":"CRUZCAMPO ","img":"https://sgfm.elcorteingles.es/SGFM/dctm/MEDIA03/201611/08/00118602200349____4__600x600.jpg","price":"2,59 €","price_unit":"(1,73 € / Litro)","categories":["Supermercado","Bebidas","Cervezas","Cervezas","Cerveza rubia nacional botella","CRUZCAMPO cerveza rubia nacional pack 6 botellas 25 cl"],"general_information":["Denominación del alimento: Cerveza","Nombre del operador: Heineken España S.A.","Dirección del operador: Av. De Andalucia 1 - 41007 Sevilla","Cantidad Neta: 1.5 Litros","Porcentaje de alcohol: 4.8%"],"ingredients":[" Agua, malta de cebada, maíz, lúpulo, estabilizante E-405 y antioxidante E-224. Este producto se elabora con malta de cebada. Contiene gluten."],"conservation":" Conservar el producto en un lugar limpio, seco y bien ventilado, protegido de la lluvia y alejado de otros productos, alimenticios o no, que puedan impartirle olores o sabores extraños. Almacenar preferiblemente entre 5° y 15°C, evitando temperaturas superiores a 25°C. Evitar exposiciones directas a la luz del sol o fuentes de calor. No congelar el producto.","ean":"8411090106251"},{"full_name":"CRUZCAMPO cerveza rubia nacional botella 1,1 l","name":"cerveza rubia nacional botella 1,1 l","brand":"CRUZCAMPO ","img":"https://sgfm.elcorteingles.es/SGFM/02/35/2/0118602202352/0118602202352000g01011.jpg","price":"1,43 €","price_unit":"(1,30 € / Litro)","categories":["Supermercado","Bebidas","Cervezas","Cervezas","Cerveza rubia nacional botella","CRUZCAMPO cerveza rubia nacional botella 1,1 l"],"general_information":["Denominación del alimento: Cerveza","Nombre del operador: Heineken España S.A.","Dirección del operador: Av. De Andalucia 1 - 41007 Sevilla","Cantidad Neta: 1.1 Litros","Porcentaje de alcohol: 4.8%"],"ingredients":[" Agua, malta de cebada, maíz, lúpulo, estabilizante E-405 y antioxidante E-224. Este producto se elabora con malta de cebada. Contiene gluten."],"conservation":" Conservar el producto en un lugar limpio, seco y bien ventilado, protegido de la lluvia y alejado de otros productos, alimenticios o no, que puedan impartirle olores o sabores extraños. Almacenar preferiblemente entre 5° y 15°C, evitando temperaturas superiores a 25°C. Evitar exposiciones directas a la luz del sol o fuentes de calor. No congelar el producto.","ean":"8411090030105"},{"full_name":"CRUZCAMPO cerveza rubia nacional botella 75 cl","name":"cerveza rubia nacional botella 75 cl","brand":"CRUZCAMPO ","img":"https://sgfm.elcorteingles.es/SGFM/02/40/2/0118602202402/0118602202402000g01011.jpg","price":"0,99 €","price_unit":"(1,32 € / Litro)","categories":["Supermercado","Bebidas","Cervezas","Cervezas","Cerveza rubia nacional botella","CRUZCAMPO cerveza rubia nacional botella 75 cl"],"general_information":["Denominación del alimento: Cerveza","Nombre del operador: Heineken España S.A.","Dirección del operador: Av. De Andalucia 1 - 41007 Sevilla","Cantidad Neta: 75 Centilitros","Porcentaje de alcohol: 4.8%"],"ingredients":[" Agua, malta de cebada, maíz, lúpulo, estabilizanteE-405 y antioxidante E-224. Este producto se elabora con malta de cebada. Contiene gluten."],"conservation":" Conservar el producto en un lugar limpio, seco y bien ventilado, protegido de la lluvia y alejado de otros productos, alimenticios o no, que puedan impartirle olores o sabores extraños. Almacenar preferiblemente entre 5° y 15°C, evitando temperaturas superiores a 25°C. Evitar exposiciones directas a la luz del sol o fuentes de calor. No congelar el producto.","ean":"8411090050516"},{"full_name":"CRUZCAMPO GRAN RESERVA 1904 Premium Quality cerveza rubia 100% Malta botella 75 cl","name":"Premium Quality cerveza rubia 100% Malta botella 75 cl","brand":"CRUZCAMPO GRAN RESERVA 1904 ","img":"https://sgfm.elcorteingles.es/SGFM/02/16/2/0118602202162/0118602202162000g01011.jpg","price":"3,54 €","price_unit":"(4,72 € / Litro)","categories":["Supermercado","Bebidas","Cervezas","Cervezas","Cerveza rubia nacional botella","CRUZCAMPO GRAN RESERVA 1904 Premium Quality cerveza rubia 100% Malta botella 75 cl"],"general_information":["Denominación del alimento: Cerveza especial","Nombre del operador: Heineken España S.A.","Dirección del operador: Av. De Andalucia 1 - 41007 Sevilla","Cantidad Neta: 75 Centilitros","Porcentaje de alcohol: 6.4%"],"ingredients":[" Agua, malta de cebada, lúpulo y estabilizante E-405. Este producto se elabora con malta de cebada. Contiene gluten."],"conservation":" Conservar el producto en un lugar limpio, seco y bien ventilado, protegido de la lluvia y alejado de otros productos, alimenticios o no, que puedan impartirle olores o sabores extraños. Almacenar preferiblemente entre 5° y 15°C, evitando temperaturas superiores a 25°C. Evitar exposiciones directas a la luz del sol o fuentes de calor. No congelar el producto.","ean":"8411090150384"},{"full_name":"CRUZCAMPO GRAN RESERVA 1904 Premium Quality cerveza rubia 100% Malta botella 33 cl","name":"Premium Quality cerveza rubia 100% Malta botella 33 cl","brand":"CRUZCAMPO GRAN RESERVA 1904 ","img":"https://sgfm.elcorteingles.es/SGFM/00/42/9/0118602800429/0118602800429000g01011.jpg","price":"0,89 €            ","price_unit":"(2,42 € / Litro)","categories":["Supermercado","Bebidas","Cervezas","Cervezas","Cerveza rubia nacional botella","CRUZCAMPO GRAN RESERVA 1904 Premium Quality cerveza rubia 100% Malta botella 33 cl"],"general_information":["Denominación del alimento: Cerveza especial","Nombre del operador: Heineken España S.A.","Dirección del operador: Av. De Andalucia 1 - 41007 Sevilla","Cantidad Neta: 33 Centilitros","Porcentaje de alcohol: 6.4%"],"ingredients":[" Agua, malta de cebada, lúpulo y estabilizante E-405. Este producto se elabora con malta de cebada. Contiene gluten."],"conservation":" Conservar el producto en un lugar limpio, seco y bien ventilado, protegido de la lluvia y alejado de otros productos, alimenticios o no, que puedan impartirle olores o sabores extraños. Almacenar preferiblemente entre 5° y 15°C, evitando temperaturas superiores a 25°C. Evitar exposiciones directas a la luz del sol o fuentes de calor. No congelar el producto.","ean":"8411090110388"},{"full_name":"CRUZCAMPO CRUZIAL cerveza rubia especial 100% lúpulo seleccionado pack 6 botellas 25 cl","name":"cerveza rubia especial 100% lúpulo seleccionado pack 6 botellas 25 cl","brand":"CRUZCAMPO CRUZIAL ","img":"https://sgfm.elcorteingles.es/SGFM/dctm/MEDIA03/201608/24/00118602202709____1__600x600.jpg","price":"3,19 €","price_unit":"(2,13 € / Litro)","categories":["Supermercado","Bebidas","Cervezas","Cervezas","Cerveza rubia nacional botella","CRUZCAMPO CRUZIAL cerveza rubia especial 100% lúpulo seleccionado pack 6 botellas 25 cl"],"general_information":[],"ingredients":[],"ean":"8411090024517"},{"full_name":"CRUZCAMPO cerveza rubia especial Navidad pack 12 botellas 33 cl","name":"cerveza rubia especial Navidad pack 12 botellas 33 cl","brand":"CRUZCAMPO ","img":"https://sgfm.elcorteingles.es/SGFM/dctm/MEDIA03/201711/24/00118602201594____2__600x600.jpg","price":"8,75 €","price_unit":"(2,21 € / Litro)","categories":["Supermercado","Bebidas","Cervezas","Cervezas","Cerveza rubia nacional botella","CRUZCAMPO cerveza rubia especial Navidad pack 12 botellas 33 cl"],"general_information":[],"ingredients":[],"ean":"8412881110129"},{"full_name":"CRUZ DEL SUR cerveza rubia tipo Lager botella 1 l","name":"cerveza rubia tipo Lager botella 1 l","brand":"CRUZ DEL SUR ","img":"https://sgfm.elcorteingles.es/SGFM/dctm/MEDIA02/CONTENIDOS/201511/23/00118602202568____1__600x600.jpg","price":"1,09 €","price_unit":"(1,09 € / Litro)","categories":["Supermercado","Bebidas","Cervezas","Cervezas","Cerveza rubia nacional botella","CRUZ DEL SUR cerveza rubia tipo Lager botella 1 l"],"general_information":["Denominación del alimento: Cerveza","Nombre del operador: Heineken España S.A.","Dirección del operador: Av. De Andalucia 1 - 41007 Sevilla","Cantidad Neta: 100 Centilitros","Porcentaje de alcohol: 4.5%"],"ingredients":[" Agua, malta de cebada, maíz, lúpulo, estabilizante E-405 y antioxidante E-224. Este producto se elabora con malta de cebada. Contiene gluten."],"conservation":" Conservar el producto en un lugar limpio, seco y bien ventilado, protegido de la lluvia y alejado de otros productos, alimenticios o no, que puedan impartirle olores o sabores extraños. Almacenar preferiblemente entre 5° y 15°C, evitando temperaturas superiores a 25°C. Evitar exposiciones directas a la luz del sol o fuentes de calor. No congelar el producto.","ean":"8411090030006"},{"full_name":"ALHAMBRA RESERVA 1925 cerveza rubia extra Edición Limitada pack 2 botellas 75 cl + 2 Copas","name":"cerveza rubia extra Edición Limitada pack 2 botellas 75 cl","brand":"ALHAMBRA RESERVA 1925 ","img":"https://sgfm.elcorteingles.es/SGFM/dctm/MEDIA03/201711/24/00118602800601____4__600x600.jpg","price":"7,95 €","price_unit":"(10,60 € / Litro)","categories":["Supermercado","Bebidas","Cervezas","Cervezas","Cerveza rubia nacional botella","ALHAMBRA RESERVA 1925 cerveza rubia extra Edición Limitada pack 2 botellas 75 cl + 2 Copas"],"general_information":["Denominación del alimento: CERVEZA EXTRA","Nombre del operador: MAHOU, S.A.","Dirección del operador: Calle Titán, 15  28045  Madrid","Cantidad Neta: 1.5 Litros","Porcentaje de alcohol: 6.4%"],"ingredients":[" Agua, Malta de Cebada, Maíz, Lúpulo"],"ean":"8413681304978"},{"full_name":"ALHAMBRA RESERVA 1925 cerveza rubia extra botella 75 cl","name":"cerveza rubia extra botella 75 cl","brand":"ALHAMBRA RESERVA 1925 ","img":"https://sgfm.elcorteingles.es/SGFM/dctm/MEDIA03/201606/22/00200502800600____2__600x600.jpg","price":"3,69 €","price_unit":"(4,92 € / Litro)","categories":["Supermercado","Bebidas","Cervezas","Cervezas","Cerveza rubia nacional botella","ALHAMBRA RESERVA 1925 cerveza rubia extra botella 75 cl"],"general_information":["Denominación del alimento: CERVEZA EXTRA","Nombre del operador: MAHOU, S.A.","Dirección del operador: Calle Titán, 15  28045  Madrid","Cantidad Neta: 0.75 Litros","Porcentaje de alcohol: 6.4%"],"ingredients":[" Agua, Malta de Cebada, Maíz, Lúpulo"],"ean":"8413681305258"},{"full_name":"ALHAMBRA RESERVA 1925 cerveza rubia extra Edición Especial pack 6 botella 33 cl + Copa","name":"cerveza rubia extra Edición Especial pack 6 botella 33 cl","brand":"ALHAMBRA RESERVA 1925 ","img":"https://sgfm.elcorteingles.es/SGFM/dctm/MEDIA03/201709/26/00118602202725____1__600x600.jpg","price":"6,00 €","price_unit":"(18,18 € / Litro)","categories":["Supermercado","Bebidas","Cervezas","Cervezas","Cerveza rubia nacional botella","ALHAMBRA RESERVA 1925 cerveza rubia extra Edición Especial pack 6 botella 33 cl + Copa"],"general_information":["Denominación del alimento: CERVEZA EXTRA","Nombre del operador: MAHOU, S.A.","Dirección del operador: Calle Titán, 15  28045  Madrid","Cantidad Neta: 1.98 Litros","Porcentaje de alcohol: 6.4%"],"ingredients":[" Agua, Malta de Cebada, Maíz, Lúpulo"],"ean":"8413681305944"},{"full_name":"ALHAMBRA RESERVA 1925 cerveza rubia extra pack 6 botellas 33 cl","name":"cerveza rubia extra pack 6 botellas 33 cl","brand":"ALHAMBRA RESERVA 1925 ","img":"https://sgfm.elcorteingles.es/SGFM/dctm/MEDIA03/201606/22/00200502800378____1__600x600.jpg","price":"6,00 €","price_unit":"(18,18 € / Litro)","categories":["Supermercado","Bebidas","Cervezas","Cervezas","Cerveza rubia nacional botella","ALHAMBRA RESERVA 1925 cerveza rubia extra pack 6 botellas 33 cl"],"general_information":["Denominación del alimento: CERVEZA EXTRA","Nombre del operador: MAHOU, S.A.","Dirección del operador: Calle Titán, 15  28045  Madrid","Cantidad Neta: 1.98 Litros","Porcentaje de alcohol: 6.4%"],"ingredients":[" Agua, Malta de Cebada, Maíz, Lúpulo"],"ean":"8413681021820"},{"full_name":"ALHAMBRA RESERVA 1925 cerveza rubia extra pack 4 botellas 33 cl","name":"cerveza rubia extra pack 4 botellas 33 cl","brand":"ALHAMBRA RESERVA 1925 ","img":"https://sgfm.elcorteingles.es/SGFM/dctm/MEDIA03/201606/22/00118602800320____1__600x600.jpg","price":"4,69 €","price_unit":"(3,55 € / Litro)","categories":["Supermercado","Bebidas","Cervezas","Cervezas","Cerveza rubia nacional botella","ALHAMBRA RESERVA 1925 cerveza rubia extra pack 4 botellas 33 cl"],"general_information":["Denominación del alimento: CERVEZA EXTRA","Nombre del operador: MAHOU, S.A.","Dirección del operador: Calle Titán, 15  28045  Madrid","Cantidad Neta: 1.32 Litros","Porcentaje de alcohol: 6.4%"],"ingredients":[" Agua, Malta de Cebada, Maíz, Lúpulo"],"ean":"8413681300482"},{"full_name":"ALHAMBRA cerveza rubia tradicional botella 1 l","name":"cerveza rubia tradicional botella 1 l","brand":"ALHAMBRA ","img":"https://sgfm.elcorteingles.es/SGFM/dctm/MEDIA02/CONTENIDOS/201602/03/00118602200539____1__600x600.jpg","price":"1,32 €","price_unit":"(1,32 € / Litro)","categories":["Supermercado","Bebidas","Cervezas","Cervezas","Cerveza rubia nacional botella","ALHAMBRA cerveza rubia tradicional botella 1 l"],"general_information":["Denominación del alimento: CERVEZA","Nombre del operador: MAHOU, S.A.","Dirección del operador: Calle Titán, 15  28045  Madrid","Cantidad Neta: 1 Litros","Porcentaje de alcohol: 4.6%"],"ingredients":[" Agua, Malta de Cebada, Maíz, Lúpulo"],"ean":"8413681010152"},{"full_name":"ALHAMBRA cerveza rubia tradicional pack 24 botellas 25 cl","name":"cerveza rubia tradicional pack 24 botellas 25 cl","brand":"ALHAMBRA ","img":"https://sgfm.elcorteingles.es/SGFM/dctm/MEDIA03/201606/22/00118602201875____3__600x600.jpg","price":"9,95 €","price_unit":"(39,80 € / Litro)","categories":["Supermercado","Bebidas","Cervezas","Cervezas","Cerveza rubia nacional botella","ALHAMBRA cerveza rubia tradicional pack 24 botellas 25 cl"],"general_information":["Denominación del alimento: CERVEZA","Nombre del operador: MAHOU, S.A.","Dirección del operador: Calle Titán, 15  28045  Madrid","Cantidad Neta: 6 Litros","Porcentaje de alcohol: 4.6%"],"ingredients":[" Agua, Malta de Cebada, Maíz, Lúpulo"],"ean":"8413681010275"},{"full_name":"ALHAMBRA cerveza rubia tradicional pack 12 botellas 25 cl","name":"cerveza rubia tradicional pack 12 botellas 25 cl","brand":"ALHAMBRA ","img":"https://sgfm.elcorteingles.es/SGFM/dctm/MEDIA03/201606/22/00118602200679____3__600x600.jpg","price":"5,06 €","price_unit":"(1,69 € / Litro)","categories":["Supermercado","Bebidas","Cervezas","Cervezas","Cerveza rubia nacional botella","ALHAMBRA cerveza rubia tradicional pack 12 botellas 25 cl"],"general_information":["Denominación del alimento: CERVEZA","Nombre del operador: MAHOU, S.A.","Dirección del operador: Calle Titán, 15  28045  Madrid","Cantidad Neta: 3 Litros","Porcentaje de alcohol: 4.6%"],"ingredients":[" Agua, Malta de Cebada, Maíz, Lúpulo"],"ean":"8413681300239"},{"full_name":"ALHAMBRA cerveza rubia tradicional pack 6 botellas 25 cl","name":"cerveza rubia tradicional pack 6 botellas 25 cl","brand":"ALHAMBRA ","img":"https://sgfm.elcorteingles.es/SGFM/dctm/MEDIA02/CONTENIDOS/201602/03/00118602200521____1__600x600.jpg","price":"2,73 €","price_unit":"(10,92 € / Litro)","categories":["Supermercado","Bebidas","Cervezas","Cervezas","Cerveza rubia nacional botella","ALHAMBRA cerveza rubia tradicional pack 6 botellas 25 cl"],"general_information":["Denominación del alimento: CERVEZA","Nombre del operador: MAHOU, S.A.","Dirección del operador: Calle Titán, 15  28045  Madrid","Cantidad Neta: 1.50 Litros","Porcentaje de alcohol: 4.6%"],"ingredients":[" Agua, Malta de Cebada, Maíz, Lúpulo"],"ean":"8413681110296"},{"full_name":"ALHAMBRA Especial cerveza rubia pack 6 botellas 25 cl","name":"Especial cerveza rubia pack 6 botellas 25 cl","brand":"ALHAMBRA ","img":"https://sgfm.elcorteingles.es/SGFM/dctm/MEDIA03/201706/22/00118602202584____10__600x600.jpg","price":"3,09 €","price_unit":"(2,06 € / Litro)","categories":["Supermercado","Bebidas","Cervezas","Cervezas","Cerveza rubia nacional botella","ALHAMBRA Especial cerveza rubia pack 6 botellas 25 cl"],"general_information":[],"ingredients":[],"ean":"8413681305500"},{"full_name":"ALHAMBRA Especial cerveza rubia pack 4 botellas 33 cl","name":"Especial cerveza rubia pack 4 botellas 33 cl","brand":"ALHAMBRA ","img":"https://sgfm.elcorteingles.es/SGFM/dctm/MEDIA03/201606/22/00118602200711____2__600x600.jpg","price":"3,41 €","price_unit":"(2,58 € / Litro)","categories":["Supermercado","Bebidas","Cervezas","Cervezas","Cerveza rubia nacional botella","ALHAMBRA Especial cerveza rubia pack 4 botellas 33 cl"],"general_information":["Denominación del alimento: CERVEZA ESPECIAL","Nombre del operador: MAHOU, S.A.","Dirección del operador: Calle Titán, 15  28045  Madrid","Cantidad Neta: 1.32 Litros","Porcentaje de alcohol: 5.4%"],"ingredients":[" Agua, Malta de Cebada, Maíz, Lúpulo"],"ean":"8413681300758"},{"full_name":"SAN MIGUEL cerveza rubia tradicional botella 1 l","name":"cerveza rubia tradicional botella 1 l","brand":"SAN MIGUEL ","img":"https://sgfm.elcorteingles.es/SGFM/dctm/MEDIA03/201706/22/00118602200166____2__600x600.jpg","price":"1,31 €","price_unit":"(1,31 € / Litro)","categories":["Supermercado","Bebidas","Cervezas","Cervezas","Cerveza rubia nacional botella","SAN MIGUEL cerveza rubia tradicional botella 1 l"],"general_information":["Denominación del alimento: CERVEZA","Nombre del operador: MAHOU, S.A.","Dirección del operador: Calle Titan, 15  28045  Madrid","Cantidad Neta: 1 Litros","Porcentaje de alcohol: 5.0%"],"ingredients":[" Agua, Malta de Cebada, Maíz, Lúpulo"],"ean":"8410655000676"},{"full_name":"SAN MIGUEL cerveza rubia nacional pack 24 botellas 25 cl","name":"cerveza rubia nacional pack 24 botellas 25 cl","brand":"SAN MIGUEL ","img":"https://sgfm.elcorteingles.es/SGFM/dctm/MEDIA02/CONTENIDOS/201508/18/00200502200090____1__600x600.jpg","price":"8,74 €","price_unit":"(34,96 € / Litro)","categories":["Supermercado","Bebidas","Cervezas","Cervezas","Cerveza rubia nacional botella","SAN MIGUEL cerveza rubia nacional pack 24 botellas 25 cl"],"general_information":[],"ingredients":[],"ean":"8410655003219"},{"full_name":"SAN MIGUEL cerveza rubia premium especial pack 12 botellas 25 cl","name":"cerveza rubia premium especial pack 12 botellas 25 cl","brand":"SAN MIGUEL ","img":"https://sgfm.elcorteingles.es/SGFM/dctm/MEDIA02/CONTENIDOS/201508/18/00200502200116____1__600x600.jpg","price":"4,39 €","price_unit":"(1,46 € / Litro)","categories":["Supermercado","Bebidas","Cervezas","Cervezas","Cerveza rubia nacional botella","SAN MIGUEL cerveza rubia premium especial pack 12 botellas 25 cl"],"general_information":["Denominación del alimento: CERVEZA ESPECIAL","Nombre del operador: MAHOU, S.A.","Dirección del operador: Calle Titan, 15  28045  Madrid","Cantidad Neta: 3 Litros","Porcentaje de alcohol: 5.4%"],"ingredients":[" Agua, Malta de Cebada, Maíz, Lúpulo"],"ean":"8410655003202"},{"full_name":"SAN MIGUEL cerveza rubia premium especial pack 6 botellas 25 cl","name":"cerveza rubia premium especial pack 6 botellas 25 cl","brand":"SAN MIGUEL ","img":"https://sgfm.elcorteingles.es/SGFM/dctm/MEDIA02/CONTENIDOS/201508/18/00200502200066____1__600x600.jpg","price":"2,22 €","price_unit":"(1,48 € / Litro)","categories":["Supermercado","Bebidas","Cervezas","Cervezas","Cerveza rubia nacional botella","SAN MIGUEL cerveza rubia premium especial pack 6 botellas 25 cl"],"general_information":["Denominación del alimento: CERVEZA ESPECIAL","Nombre del operador: MAHOU, S.A.","Dirección del operador: Calle Titan, 15  28045  Madrid","Cantidad Neta: 1.5 Litros","Porcentaje de alcohol: 5.4%"],"ingredients":[" Agua, Malta de Cebada, Maíz, Lúpulo"],"ean":"8410655003189"},{"full_name":"SAN MIGUEL cerveza rubia nacional ecológica pack 6 botellas 25 cl","name":"cerveza rubia nacional ecológica pack 6 botellas 25 cl","brand":"SAN MIGUEL ","img":"https://sgfm.elcorteingles.es/SGFM/dctm/MEDIA03/201607/08/00118602400030____2__600x600.jpg","price":"3,99 €","price_unit":"(2,66 € / Litro)","categories":["Supermercado","Bebidas","Cervezas","Cervezas","Cerveza rubia nacional botella","SAN MIGUEL cerveza rubia nacional ecológica pack 6 botellas 25 cl"],"general_information":["Denominación del alimento: CERVEZA","Nombre del operador: MAHOU, S.A.","Dirección del operador: Calle Titan, 15  28045  Madrid","Cantidad Neta: 1.50 Litros","Porcentaje de alcohol: 4.2%"],"ingredients":[" Agua, Malta de Cebada, Lúpulo, Malta y Lúpulo procedentes de Agricultura ecológica"],"ean":"8410655627316"},{"full_name":"SAN MIGUEL cerveza rubia especial sin gluten botella 33 cl","name":"cerveza rubia especial sin gluten botella 33 cl","brand":"SAN MIGUEL ","img":"https://sgfm.elcorteingles.es/SGFM/dctm/MEDIA03/201607/08/00118651000038____2__600x600.jpg","price":"0,75 €","price_unit":"(2,27 € / Litro)","categories":["Supermercado","Bebidas","Cervezas","Cervezas","Cerveza rubia nacional botella","SAN MIGUEL cerveza rubia especial sin gluten botella 33 cl"],"general_information":["Denominación del alimento: CERVEZA ESPECIAL (SIN GLUTEN)","Nombre del operador: MAHOU, S.A.","Dirección del operador: Calle Titan, 15  28045  Madrid","Cantidad Neta: 0.33 Litros","Porcentaje de alcohol: 5.4%"],"ingredients":[" Agua, Malta de Cebada, Maíz, Lúpulo"],"ean":"8410655002410"},{"full_name":"SAN MIGUEL Fresca cerveza rubia nacional botella 33 cl","name":"Fresca cerveza rubia nacional botella 33 cl","brand":"SAN MIGUEL ","img":"https://sgfm.elcorteingles.es/SGFM/02/34/5/0118602202345/0118602202345000g01011.jpg","price":"1,04 €","price_unit":"(3,15 € / Litro)","categories":["Supermercado","Bebidas","Cervezas","Cervezas","Cerveza rubia nacional botella","SAN MIGUEL Fresca cerveza rubia nacional botella 33 cl"],"general_information":["Denominación del alimento: CERVEZA","Nombre del operador: MAHOU, S.A.","Dirección del operador: Calle Titan, 15  28045  Madrid","Cantidad Neta: 0.33 Litros","Porcentaje de alcohol: 4.4%"],"ingredients":[" Agua, Malta de Cebada, Maíz, Lúpulo"],"ean":"8410655006517"},{"full_name":"SAN MIGUEL 1516 cerveza rubia 100% Malta botella 33 cl","name":"1516 cerveza rubia 100% Malta botella 33 cl","brand":"SAN MIGUEL ","img":"https://sgfm.elcorteingles.es/SGFM/dctm/MEDIA03/201607/08/00118602800478____1__600x600.jpg","price":"0,86 €","price_unit":"(2,61 € / Litro)","categories":["Supermercado","Bebidas","Cervezas","Cervezas","Cerveza rubia nacional botella","SAN MIGUEL 1516 cerveza rubia 100% Malta botella 33 cl"],"general_information":["Denominación del alimento: CERVEZA","Nombre del operador: MAHOU, S.A.","Dirección del operador: Calle Titan, 15  28045  Madrid","Cantidad Neta: 0.33 Litros","Porcentaje de alcohol: 4.2%"],"ingredients":[" Agua, Malta de Cebada, Lúpulo"],"ean":"8410655010019"},{"full_name":"ESTRELLA GALICIA 1906 Pack 5 cerveza rubia Reserva Especial + 3 Red Vintage La Colorada estuche 8 botellas 33 cl + Copa Exclusiva","name":"Pack 5 cerveza rubia Reserva Especial + 3 Red Vintage La Colorada estuche 8 botellas 33 cl","brand":"ESTRELLA GALICIA 1906 ","img":"https://sgfm.elcorteingles.es/SGFM/dctm/MEDIA03/201707/20/00118602202790____1__600x600.jpg","price":"7,55 €","price_unit":"(2,86 € / Litro)","categories":["Supermercado","Bebidas","Cervezas","Cervezas","Cerveza rubia nacional botella","ESTRELLA GALICIA 1906 Pack 5 cerveza rubia Reserva Especial + 3 Red Vintage La Colorada estuche 8 botellas 33 cl + Copa Exclusiva"],"general_information":[],"ingredients":[],"ean":"8412598800658"},{"full_name":"ESTRELLA GALICIA 1906 cerveza rubia nacional reserva Estuche 6 botellas 33 cl","name":"cerveza rubia nacional reserva Estuche 6 botellas 33 cl","brand":"ESTRELLA GALICIA 1906 ","img":"https://sgfm.elcorteingles.es/SGFM/dctm/MEDIA03/201603/23/00118602800700____1__600x600.jpg","price":"9,10 €","price_unit":"(4,60 € / Litro)","categories":["Supermercado","Bebidas","Cervezas","Cervezas","Cerveza rubia nacional botella","ESTRELLA GALICIA 1906 cerveza rubia nacional reserva Estuche 6 botellas 33 cl"],"general_information":[],"ingredients":[],"ean":"8412598002618"},{"full_name":"ESTRELLA GALICIA 1906 cerveza rubia nacional reserva especial extra pack 6 botellas 33 cl","name":"cerveza rubia nacional reserva especial extra pack 6 botellas 33 cl","brand":"ESTRELLA GALICIA 1906 ","img":"https://sgfm.elcorteingles.es/SGFM/dctm/MEDIA02/CONTENIDOS/201407/21/00118602800254____1__600x600.jpg","price":"5,25 €","price_unit":"(15,91 € / Litro)","categories":["Supermercado","Bebidas","Cervezas","Cervezas","Cerveza rubia nacional botella","ESTRELLA GALICIA 1906 cerveza rubia nacional reserva especial extra pack 6 botellas 33 cl"],"general_information":["Denominación del alimento: Cerveza","Nombre del operador: HIJOS DE RIVERA S.A.U.","Dirección del operador: C/Jose María Rivera Corral nº6 15008 A Coruña","Cantidad Neta: 198 Centilitros","Porcentaje de alcohol: 6.5%"],"ingredients":[" Agua, malta de cebada, maíz y lúpulo."],"conservation":" Mantener en lugar fresco y seco","ean":"8412598033179"},{"full_name":"ESTRELLA GALICIA 1906 Red Vintage La Colorada cerveza rubia nacional reserva especial pack 6 botellas 33 cl","name":"Red Vintage La Colorada cerveza rubia nacional reserva especial pack 6 botellas 33 cl","brand":"ESTRELLA GALICIA 1906 ","img":"https://sgfm.elcorteingles.es/SGFM/dctm/MEDIA02/CONTENIDOS/201407/21/00118602202238____1__600x600.jpg","price":"5,55 €","price_unit":"(2,80 € / Litro)","categories":["Supermercado","Bebidas","Cervezas","Cervezas","Cerveza rubia nacional botella","ESTRELLA GALICIA 1906 Red Vintage La Colorada cerveza rubia nacional reserva especial pack 6 botellas 33 cl"],"general_information":["Denominación del alimento: Cerveza","Nombre del operador: HIJOS DE RIVERA S.A.U.","Dirección del operador: C/Jose María Rivera Corral nº6 15008 A Coruña","Cantidad Neta: 198 Centilitros","Porcentaje de alcohol: 8.0%"],"ingredients":[" Agua, malta de cebada, maíz y lúpulo."],"conservation":" Mantener en lugar fresco y seco","ean":"8412598001086"},{"full_name":"AMBAR cerveza rubia nacional especial pack 12 botellas 25 cl","name":"cerveza rubia nacional especial pack 12 botellas 25 cl","brand":"AMBAR ","img":"https://sgfm.elcorteingles.es/SGFM/dctm/MEDIA02/CONTENIDOS/201512/14/00118602200141____2__600x600.jpg","price":"5,78 €","price_unit":"(23,12 € / Litro)","categories":["Supermercado","Bebidas","Cervezas","Cervezas","Cerveza rubia nacional botella","AMBAR cerveza rubia nacional especial pack 12 botellas 25 cl"],"general_information":["Denominación del alimento: Cerveza Especial","Nombre del operador: La Zaragozana, S.A.","Dirección del operador: Ramón Berenguer IV, 1 - 50007 Zaragoza","Cantidad Neta: 300 Centilitros","Porcentaje de alcohol: 5.2%"],"ingredients":[" Contiene malta de cebada"],"ean":"8410700001269"},{"full_name":"AMBAR EXPORT cerveza rubia nacional extra fuerte pack 6 botellas 25 cl","name":"EXPORT cerveza rubia nacional extra fuerte pack 6 botellas 25 cl","brand":"AMBAR ","img":"https://sgfm.elcorteingles.es/SGFM/dctm/MEDIA02/CONTENIDOS/201512/14/00118602800270____2__600x600.jpg","price":"3,52 €","price_unit":"(14,08 € / Litro)","categories":["Supermercado","Bebidas","Cervezas","Cervezas","Cerveza rubia nacional botella","AMBAR EXPORT cerveza rubia nacional extra fuerte pack 6 botellas 25 cl"],"general_information":["Denominación del alimento: Cerveza Extra","Nombre del operador: La Zaragozana, S.A.","Dirección del operador: Ramón Berenguer IV, 1 - 50007 Zaragoza","Cantidad Neta: 150 Centilitros","Porcentaje de alcohol: 7.0%"],"ingredients":[" Contiene malta de cebada"],"ean":"8410700001115"},{"full_name":"AMBAR cerveza rubia nacional especial pack 6 botellas 25 cl","name":"cerveza rubia nacional especial pack 6 botellas 25 cl","brand":"AMBAR ","img":"https://sgfm.elcorteingles.es/SGFM/dctm/MEDIA02/CONTENIDOS/201512/14/00118602200133____2__600x600.jpg","price":"3,29 €","price_unit":"(13,16 € / Litro)","categories":["Supermercado","Bebidas","Cervezas","Cervezas","Cerveza rubia nacional botella","AMBAR cerveza rubia nacional especial pack 6 botellas 25 cl"],"general_information":["Denominación del alimento: Cerveza Especial","Nombre del operador: La Zaragozana, S.A.","Dirección del operador: Ramón Berenguer IV, 1 - 50007 Zaragoza","Cantidad Neta: 150 Centilitros","Porcentaje de alcohol: 5.2%"],"ingredients":[" Contiene malta de cebada"],"ean":"8410700001023"},{"full_name":"AMBAR cerveza rubia especial sin gluten botella 33 cl","name":"cerveza rubia especial sin gluten botella 33 cl","brand":"AMBAR ","img":"https://sgfm.elcorteingles.es/SGFM/dctm/MEDIA03/201608/24/00118651000079____1__600x600.jpg","price":"0,85 €","price_unit":"(2,58 € / Litro)","categories":["Supermercado","Bebidas","Cervezas","Cervezas","Cerveza rubia nacional botella","AMBAR cerveza rubia especial sin gluten botella 33 cl"],"general_information":["Denominación del alimento: Cerveza Especial","Nombre del operador: La Zaragozana, S.A.","Dirección del operador: Ramón Berenguer IV, 1 - 50007 Zaragoza","Cantidad Neta: 33 Centilitros","Porcentaje de alcohol: 5.2%"],"ingredients":[" Contiene malta de cebada. Apta para celíacos"],"ean":"8410700002426"},{"full_name":"AMBAR Clásica cerveza rubia nacional botella 1 l","name":"Clásica cerveza rubia nacional botella 1 l","brand":"AMBAR ","img":"https://sgfm.elcorteingles.es/SGFM/dctm/MEDIA02/CONTENIDOS/201512/14/00118602200109____2__600x600.jpg","price":"1,23 €","price_unit":"(1,23 € / Litro)","categories":["Supermercado","Bebidas","Cervezas","Cervezas","Cerveza rubia nacional botella","AMBAR Clásica cerveza rubia nacional botella 1 l"],"general_information":["Denominación del alimento: Cerveza","Nombre del operador: La Zaragozana, S.A.","Dirección del operador: Ramón Berenguer IV, 1 - 50007 Zaragoza","Cantidad Neta: 1 Litros","Porcentaje de alcohol: 4.5%"],"ingredients":[" Contiene malta de cebada"],"ean":"0000084107046"},{"full_name":"AMBAR 1900 cerveza rubia nacional de alta fermentación botella 33 cl","name":"1900 cerveza rubia nacional de alta fermentación botella 33 cl","brand":"AMBAR ","img":"https://sgfm.elcorteingles.es/SGFM/00/29/6/0118602800296/0118602800296000g01011.jpg","price":"0,79 €","price_unit":"(2,39 € / Litro)","categories":["Supermercado","Bebidas","Cervezas","Cervezas","Cerveza rubia nacional botella","AMBAR 1900 cerveza rubia nacional de alta fermentación botella 33 cl"],"general_information":["Denominación del alimento: Cerveza","Nombre del operador: La Zaragozana, S.A.","Dirección del operador: Ramón Berenguer IV, 1 - 50007 Zaragoza","Cantidad Neta: 33 Centilitros","Porcentaje de alcohol: 4.8%"],"ingredients":[" Contiene malta de cebada"],"ean":"0000084107107"},{"full_name":"AMBAR cerveza rubia nacional especial botella 33 cl","name":"cerveza rubia nacional especial botella 33 cl","brand":"AMBAR ","img":"https://sgfm.elcorteingles.es/SGFM/dctm/MEDIA02/CONTENIDOS/201512/17/00118602200091____1__600x600.jpg","price":"1,06 €","price_unit":"(3,21 € / Litro)","categories":["Supermercado","Bebidas","Cervezas","Cervezas","Cerveza rubia nacional botella","AMBAR cerveza rubia nacional especial botella 33 cl"],"general_information":[],"ingredients":[],"ean":"8410700001283"},{"full_name":"AMBAR Radler cerveza rubia y limón botella 33 cl","name":"Radler cerveza rubia y limón botella 33 cl","brand":"AMBAR ","img":"https://sgfm.elcorteingles.es/SGFM/dctm/MEDIA03/201607/08/00118602202667____1__600x600.jpg","price":"0,95 €","price_unit":"(2,88 € / Litro)","categories":["Supermercado","Bebidas","Cervezas","Cervezas","Cerveza rubia nacional botella","AMBAR Radler cerveza rubia y limón botella 33 cl"],"general_information":["Denominación del alimento: Cerveza","Nombre del operador: La Zaragozana, S.A","Dirección del operador: Ramón Berenguer IV, 1 - 50007 Zaragoza","Cantidad Neta: 33 Centilitros","Porcentaje de alcohol: 2.5%"],"ingredients":[" Contiene malta de cebada"],"ean":"8410700003799"},{"full_name":"VOLL DAMM extra doble malta cerveza rubia nacional botella 66 cl","name":"extra doble malta cerveza rubia nacional botella 66 cl","brand":"VOLL DAMM ","img":"https://sgfm.elcorteingles.es/SGFM/dctm/MEDIA03/201603/28/00118602800718____2__600x600.jpg","price":"1,53 €            ","price_unit":"(1,89 € / Litro)","categories":["Supermercado","Bebidas","Cervezas","Cervezas","Cerveza rubia nacional botella","VOLL DAMM extra doble malta cerveza rubia nacional botella 66 cl"],"general_information":[],"ingredients":[],"ean":"8410793031969"},{"full_name":"VOLL DAMM extra doble malta cerveza rubia nacional botella 33 cl","name":"extra doble malta cerveza rubia nacional botella 33 cl","brand":"VOLL DAMM ","img":"https://sgfm.elcorteingles.es/SGFM/dctm/MEDIA02/CONTENIDOS/201508/28/00118602800676____2__600x600.jpg","price":"1,21 €","price_unit":"(3,67 € / Litro)","categories":["Supermercado","Bebidas","Cervezas","Cervezas","Cerveza rubia nacional botella","VOLL DAMM extra doble malta cerveza rubia nacional botella 33 cl"],"general_information":["Denominación del alimento: VOLL DAMM 1/3 SR PACK CESTA ABIERTA 2X3","Nombre del operador: DAMM S.A.","Dirección del operador: C/ ROSELLO , 515  BARCELONA, BARCELONA","Cantidad Neta: 0.330 Litros","Porcentaje de alcohol: 7.2%","Otras menciones obligatorias en la etiqueta: Cerveza"],"ingredients":[],"conservation":" Mantener en lugar fresco, oscuro y seco","ean":"8410793032935"},{"full_name":"VOLL DAMM extra doble malta cerveza rubia nacional pack 12 botellas 25 cl","name":"extra doble malta cerveza rubia nacional pack 12 botellas 25 cl","brand":"VOLL DAMM ","img":"https://sgfm.elcorteingles.es/SGFM/dctm/MEDIA02/CONTENIDOS/201507/02/00200502800642____1__600x600.jpg","price":"7,79 €","price_unit":"(2,60 € / Litro)","categories":["Supermercado","Bebidas","Cervezas","Cervezas","Cerveza rubia nacional botella","VOLL DAMM extra doble malta cerveza rubia nacional pack 12 botellas 25 cl"],"general_information":["Denominación del alimento: Cerveza","Nombre del operador: DAMM S.A.","Dirección del operador: C/ ROSELLO , 515  BARCELONA,   BARCELONA","Cantidad Neta: 3 Litros","Porcentaje de alcohol: 7.2%"],"ingredients":[],"conservation":" Mantener en lugar fresco, oscuro y seco","ean":"8410793033949"},{"full_name":"VOLL-DAMM extra doble malta cerveza rubia nacional pack 6 botellas 25 cl","name":"extra doble malta cerveza rubia nacional pack 6 botellas 25 cl","brand":"VOLL-DAMM ","img":"https://sgfm.elcorteingles.es/SGFM/00/30/4/0118602800304/0118602800304000g01011.jpg","price":"3,85 €","price_unit":"(2,57 € / Litro)","categories":["Supermercado","Bebidas","Cervezas","Cervezas","Cerveza rubia nacional botella","VOLL-DAMM extra doble malta cerveza rubia nacional pack 6 botellas 25 cl"],"general_information":["Denominación del alimento: VOLL DAMM 1/4 CESTA ABIERTA 2X3","Nombre del operador: DAMM S.A.","Dirección del operador: C/ ROSELLO , 515  BARCELONA, BARCELONA","Cantidad Neta: 1.500 Litros","Porcentaje de alcohol: 7.2%","Otras menciones obligatorias en la etiqueta: Cerveza"],"ingredients":[],"conservation":" Mantener en lugar fresco, oscuro y seco","ean":"8410793033840"},{"full_name":"VOLL DAMM extra doble malta cerveza rubia nacional botella 25 cl","name":"extra doble malta cerveza rubia nacional botella 25 cl","brand":"VOLL DAMM ","img":"https://sgfm.elcorteingles.es/SGFM/dctm/MEDIA03/201706/30/00118602800791____1__600x600.jpg","price":"0,68 €","price_unit":"(2,72 € / Litro)","categories":["Supermercado","Bebidas","Cervezas","Cervezas","Cerveza rubia nacional botella","VOLL DAMM extra doble malta cerveza rubia nacional botella 25 cl"],"general_information":["Denominación del alimento: VOLL DAMM 1/4 CESTA ABIERTA 2X3","Nombre del operador: DAMM S.A.","Dirección del operador: C/ ROSELLO , 515  BARCELONA, BARCELONA","Cantidad Neta: 0.250 Litros","Porcentaje de alcohol: 7.2%","Otras menciones obligatorias en la etiqueta: Cerveza"],"ingredients":[],"conservation":" Mantener en lugar fresco, oscuro y seco","ean":"8410793031945"},{"full_name":"A.K. DAMM cerveza rubia nacional Lager botella 33 cl","name":"cerveza rubia nacional Lager botella 33 cl","brand":"A.K. DAMM ","img":"https://sgfm.elcorteingles.es/SGFM/00/25/7/0118602200257/0118602200257000g01011.jpg","price":"0,78 €","price_unit":"(2,36 € / Litro)","categories":["Supermercado","Bebidas","Cervezas","Cervezas","Cerveza rubia nacional botella","A.K. DAMM cerveza rubia nacional Lager botella 33 cl"],"general_information":["Denominación del alimento: Cerveza","Nombre del operador: DAMM S.A.","Dirección del operador: C/ ROSELLO , 515  BARCELONA,   BARCELONA","Cantidad Neta: 0.33 Litros","Porcentaje de alcohol: 4.80%"],"ingredients":[" Contiene malta de cebada"],"conservation":" Mantener en lugar fresco, oscuro y seco","ean":"8410793162939"},{"full_name":"AMSTEL cerveza rubia nacional pack 12 botellas 25 cl","name":"cerveza rubia nacional pack 12 botellas 25 cl","brand":"AMSTEL ","img":"https://sgfm.elcorteingles.es/SGFM/dctm/MEDIA03/201608/23/00118602200844____1__600x600.jpg","price":"4,75 €","price_unit":"(1,58 € / Litro)","categories":["Supermercado","Bebidas","Cervezas","Cervezas","Cerveza rubia nacional botella","AMSTEL cerveza rubia nacional pack 12 botellas 25 cl"],"general_information":["Denominación del alimento: Cerveza","Nombre del operador: Heineken España S.A.","Dirección del operador: Av. De Andalucia 1 - 41007 Sevilla","Cantidad Neta: 3 Litros","Porcentaje de alcohol: 5%"],"ingredients":[" Agua, malta de cebada y lúpulo. Barril y cellar: agua,malta de cebada, lúpulo, estabilizante E-405 y antioxidante E-224. Este producto se elabora con malta de cebada. Contiene gluten."],"conservation":" Conservar el producto en un lugar limpio, seco y bien ventilado, protegido de la lluvia y alejado de otros productos, alimenticios o no, que puedan impartirle olores o sabores extraños. Almacenar preferiblemente entre 5° y 15°C, evitando temperaturas superiores a 25°C. Evitar exposiciones directas a la luz del sol o fuentes de calor. No congelar el producto.","ean":"8410569020012"},{"full_name":"AMSTEL cerveza rubia nacional pack 6 botellas 25 cl","name":"cerveza rubia nacional pack 6 botellas 25 cl","brand":"AMSTEL ","img":"https://sgfm.elcorteingles.es/SGFM/dctm/MEDIA03/201605/06/00118602200299____1__600x600.jpg","price":"2,39 €","price_unit":"(1,40 € / Litro)","categories":["Supermercado","Bebidas","Cervezas","Cervezas","Cerveza rubia nacional botella","AMSTEL cerveza rubia nacional pack 6 botellas 25 cl"],"general_information":["Denominación del alimento: Cerveza","Nombre del operador: Heineken España S.A.","Dirección del operador: Av. De Andalucia 1 - 41007 Sevilla","Cantidad Neta: 1.71 Litros","Porcentaje de alcohol: 5%"],"ingredients":[" Agua, malta de cebada y lúpulo. Barril y cellar: agua,malta de cebada, lúpulo, estabilizante E-405 y antioxidante E-224. Este producto se elabora con malta de cebada. Contiene gluten"],"conservation":" Conservar el producto en un lugar limpio, seco y bien ventilado, protegido de la lluvia y alejado de otros productos, alimenticios o no, que puedan impartirle olores o sabores extraños. Almacenar preferiblemente entre 5° y 15°C, evitando temperaturas superiores a 25°C. Evitar exposiciones directas a la luz del sol o fuentes de calor. No congelar el producto.","ean":"8410569025635"},{"full_name":"AMSTEL Pilsener cerveza rubia nacional botella 1 l","name":"Pilsener cerveza rubia nacional botella 1 l","brand":"AMSTEL ","img":"https://sgfm.elcorteingles.es/SGFM/dctm/MEDIA03/201602/11/00118602201727____1__600x600.jpg","price":"1,49 €","price_unit":"(1,49 € / Litro)","categories":["Supermercado","Bebidas","Cervezas","Cervezas","Cerveza rubia nacional botella","AMSTEL Pilsener cerveza rubia nacional botella 1 l"],"general_information":["Denominación del alimento: Cerveza","Nombre del operador: Heineken España S.A.","Dirección del operador: Av. De Andalucia 1 - 41007 Sevilla","Cantidad Neta: 100 Centilitros","Porcentaje de alcohol: 5%"],"ingredients":[" Agua, malta de cebada y lúpulo. Barril y cellar: agua,malta de cebada, lúpulo, estabilizante E-405 y antioxidante E-224. Este producto se elabora con malta de cebada. Contiene gluten"],"conservation":" Conservar el producto en un lugar limpio, seco y bien ventilado, protegido de la lluvia y alejado de otros productos, alimenticios o no, que puedan impartirle olores o sabores extraños. Almacenar preferiblemente entre 5° y 15°C, evitando temperaturas superiores a 25°C. Evitar exposiciones directas a la luz del sol o fuentes de calor. No congelar el producto.","ean":"8410569005521"},{"full_name":"MORITZ cerveza rubia nacional botella Pack 6 botellas 20 cl","name":"cerveza rubia nacional botella Pack 6 botellas 20 cl","brand":"MORITZ ","img":"https://sgfm.elcorteingles.es/SGFM/02/19/6/0118602202196/0118602202196000g01011.jpg","price":"3,44 €            ","price_unit":"(16,75 € / Litro)","categories":["Supermercado","Bebidas","Cervezas","Cervezas","Cerveza rubia nacional botella","MORITZ cerveza rubia nacional botella Pack 6 botellas 20 cl"],"general_information":["Denominación del alimento: Cerveza","Nombre del operador: Cervezas Moriz, S.A.","Dirección del operador: Ronda San Antoni,39 - 08011 Barcelona","Cantidad Neta: 120,0 Centilitros","Porcentaje de alcohol: 5,4%"],"ingredients":[" Contiene malta de cebada"],"ean":"8410700002785"},{"full_name":"MORITZ cerveza rubia nacional botella 33 cl","name":"cerveza rubia nacional botella 33 cl","brand":"MORITZ ","img":"https://sgfm.elcorteingles.es/SGFM/00/95/0/0118602200950/0118602200950000g01011.jpg","price":"1,09 €            ","price_unit":"(3 € / Litro)","categories":["Supermercado","Bebidas","Cervezas","Cervezas","Cerveza rubia nacional botella","MORITZ cerveza rubia nacional botella 33 cl"],"general_information":["Denominación del alimento: Cerveza","Nombre del operador: Cervezas Moriz, S.A.","Dirección del operador: Ronda San Antoni,39 - 08011 Barcelona","Cantidad Neta: 33,0 Centilitros","Porcentaje de alcohol: 5,4%"],"ingredients":[" Contiene malta de cebada"],"ean":"0000084107268"},{"full_name":"MORITZ EPIDOR cerveza rubia extra pack 6 botellas 20 cl","name":"cerveza rubia extra pack 6 botellas 20 cl","brand":"MORITZ EPIDOR ","img":"https://sgfm.elcorteingles.es/SGFM/dctm/MEDIA03/201704/20/00118602800734____1__600x600.jpg","price":"4,46 €","price_unit":"(22,30 € / Litro)","categories":["Supermercado","Bebidas","Cervezas","Cervezas","Cerveza rubia nacional botella","MORITZ EPIDOR cerveza rubia extra pack 6 botellas 20 cl"],"general_information":[],"ingredients":[],"ean":"8410700003850"},{"full_name":"MORITZ EPIDOR cerveza rubia nacional extra botella 33 cl","name":"cerveza rubia nacional extra botella 33 cl","brand":"MORITZ EPIDOR ","img":"https://sgfm.elcorteingles.es/SGFM/dctm/MEDIA02/CONTENIDOS/201410/06/00118602800411____1__600x600.jpg","price":"1,29 €            ","price_unit":"(3,76 € / Litro)","categories":["Supermercado","Bebidas","Cervezas","Cervezas","Cerveza rubia nacional botella","MORITZ EPIDOR cerveza rubia nacional extra botella 33 cl"],"general_information":["Denominación del alimento: Cerveza Extra","Nombre del operador: Cervezas Moriz, S.A.","Dirección del operador: Ronda San Antoni,39 - 08011 Barcelona","Cantidad Neta: 33,0 Centilitros","Porcentaje de alcohol: 7,2%"],"ingredients":[" Contiene malta de cebada"],"ean":"0000084107282"},{"full_name":"INEDIT DAMM cerveza rubia extra pack 6 botellas 33 cl + Vaso","name":"cerveza rubia extra pack 6 botellas 33 cl","brand":"INEDIT DAMM ","img":"https://sgfm.elcorteingles.es/SGFM/dctm/MEDIA03/201711/24/00118602800825____5__600x600.jpg","price":"9,50 €","categories":["Supermercado","Bebidas","Cervezas","Cervezas","Cerveza rubia nacional botella","INEDIT DAMM cerveza rubia extra pack 6 botellas 33 cl + Vaso"],"general_information":["Denominación del alimento: INEDIT DAMM 2VASOS","Nombre del operador: DAMM S.A.","Dirección del operador: C/ ROSELLO , 515  BARCELONA, BARCELONA","Cantidad Neta: 1.98 Litros","Otras menciones obligatorias en la etiqueta: Cerveza"],"ingredients":[" Contiene malta de cebada"],"conservation":" Mantener en lugar fresco, oscuro y seco","ean":"8410793334930"},{"full_name":"INEDIT DAMM cerveza rubia extra botella 33 cl","name":"cerveza rubia extra botella 33 cl","brand":"INEDIT DAMM ","img":"https://sgfm.elcorteingles.es/SGFM/dctm/MEDIA03/201607/26/00118602800627____1__600x600.jpg","price":"1,25 €","price_unit":"(3,79 € / Litro)","categories":["Supermercado","Bebidas","Cervezas","Cervezas","Cerveza rubia nacional botella","INEDIT DAMM cerveza rubia extra botella 33 cl"],"general_information":["Denominación del alimento: INEDIT DAMM 2VASOS","Nombre del operador: DAMM S.A.","Dirección del operador: C/ ROSELLO , 515  BARCELONA, BARCELONA","Cantidad Neta: 0.33 Litros","Porcentaje de alcohol: 4.8%","Otras menciones obligatorias en la etiqueta: Cerveza"],"ingredients":[" Contiene malta de cebada"],"conservation":" Mantener en lugar fresco, oscuro y seco","ean":"8410793331939"},{"full_name":"XIBECA cerveza rubia nacional pack 12 botellas 25 cl","name":"cerveza rubia nacional pack 12 botellas 25 cl","brand":"XIBECA ","img":"https://sgfm.elcorteingles.es/SGFM/02/17/0/0118602202170/0118602202170000g01011.jpg","price":"4,42 €","price_unit":"(17,68 € / Litro)","categories":["Supermercado","Bebidas","Cervezas","Cervezas","Cerveza rubia nacional botella","XIBECA cerveza rubia nacional pack 12 botellas 25 cl"],"general_information":["Denominación del alimento: Cerveza","Nombre del operador: DAMM S.A.","Dirección del operador: C/ ROSELLO , 515  BARCELONA,   BARCELONA","Cantidad Neta: 300 Centilitros","Porcentaje de alcohol: 460%"],"ingredients":[" Contiene malta de cebada"],"ean":"8410793013941"},{"full_name":"XIBECA cerveza rubia nacional pack 6 botellas 25 cl","name":"cerveza rubia nacional pack 6 botellas 25 cl","brand":"XIBECA ","img":"https://sgfm.elcorteingles.es/SGFM/dctm/MEDIA02/CONTENIDOS/201407/21/00118602200265____1__600x600.jpg","price":"3,06 €","price_unit":"(12,24 € / Litro)","categories":["Supermercado","Bebidas","Cervezas","Cervezas","Cerveza rubia nacional botella","XIBECA cerveza rubia nacional pack 6 botellas 25 cl"],"general_information":["Denominación del alimento: Cerveza","Nombre del operador: DAMM S.A.","Dirección del operador: C/ ROSELLO , 515  BARCELONA,   BARCELONA","Cantidad Neta: 1.50 Litros","Porcentaje de alcohol: 4.60%"],"ingredients":[" Contiene malta de cebada"],"conservation":" Mantener en lugar fresco, oscuro y seco","ean":"8410793013842"},{"full_name":"XIBECA cerveza rubia nacional botella 1 l","name":"cerveza rubia nacional botella 1 l","brand":"XIBECA ","img":"https://sgfm.elcorteingles.es/SGFM/00/40/6/0118602200406/0118602200406000g01011.jpg","price":"1,35 €","price_unit":"(1,35 € / Litro)","categories":["Supermercado","Bebidas","Cervezas","Cervezas","Cerveza rubia nacional botella","XIBECA cerveza rubia nacional botella 1 l"],"general_information":["Denominación del alimento: XIBECA 1/1 SR BANDEJA 6U.","Nombre del operador: DAMM S.A.","Dirección del operador: C/ ROSELLO , 515  BARCELONA, BARCELONA","Cantidad Neta: 1 Litros","Porcentaje de alcohol: 4.6%","Otras menciones obligatorias en la etiqueta: Cerveza"],"ingredients":[],"conservation":" Mantener en lugar fresco, oscuro y seco","ean":"8410793013118"},{"full_name":"DAURA DAMM cerveza rubia Sin Gluten botella 33 cl","name":"cerveza rubia Sin Gluten botella 33 cl","brand":"DAURA DAMM ","img":"https://sgfm.elcorteingles.es/SGFM/dctm/MEDIA03/201705/23/00118651000087____1__600x600.jpg","price":"0,86 €","price_unit":"(2,61 € / Litro)","categories":["Supermercado","Bebidas","Cervezas","Cervezas","Cerveza rubia nacional botella","DAURA DAMM cerveza rubia Sin Gluten botella 33 cl"],"general_information":["Denominación del alimento: DAURA","Nombre del operador: DAMM S.A.","Dirección del operador: C/ ROSELLO , 515  BARCELONA, BARCELONA","Cantidad Neta: 33 Centilitros","Porcentaje de alcohol: 5.4%","Otras menciones obligatorias en la etiqueta: CERVEZA SIN GLUTEN APTA PARA CELÍACOS"],"ingredients":[" Contiene malta de cebada"],"conservation":" Mantener en lugar fresco, oscuro y seco","ean":"8410793262936"},{"full_name":"DAURA DAMM Märzen cerveza rubia Sin Gluten botella 33 cl","name":"Märzen cerveza rubia Sin Gluten botella 33 cl","brand":"DAURA DAMM ","img":"https://sgfm.elcorteingles.es/SGFM/dctm/MEDIA03/201705/23/00118651000103____6__600x600.jpg","price":"0,96 €","price_unit":"(2,91 € / Litro)","categories":["Supermercado","Bebidas","Cervezas","Cervezas","Cerveza rubia nacional botella","DAURA DAMM Märzen cerveza rubia Sin Gluten botella 33 cl"],"general_information":["Denominación del alimento: DAURA MARZEN 1/3SR CESTA ABIERTA 2X3","Nombre del operador: DAMM S.A.","Dirección del operador: C/ ROSELLO , 515  BARCELONA, BARCELONA","Cantidad Neta: 0.330 Litros","Porcentaje de alcohol: 7.2%","Otras menciones obligatorias en la etiqueta: Cerveza sin gluten apta para Celíacos"],"ingredients":[],"conservation":" Mantener en lugar fresco, oscuro y seco","ean":"8410793491930"},{"full_name":"DAURA DAMM Shandy cerveza rubia con limonada sin gluten botella 33 cl","name":"Shandy cerveza rubia con limonada sin gluten botella 33 cl","brand":"DAURA DAMM ","img":"https://sgfm.elcorteingles.es/SGFM/dctm/MEDIA03/201706/30/00118651000111____1__600x600.jpg","price":"0,95 €","categories":["Supermercado","Bebidas","Cervezas","Cervezas","Cerveza rubia nacional botella","DAURA DAMM Shandy cerveza rubia con limonada sin gluten botella 33 cl"],"general_information":["Denominación del alimento: DAURA SHANDY 1/3 SR PACK CESTA AB. 2X3","Nombre del operador: DAMM S.A.","Dirección del operador: C/ ROSELLO , 515  BARCELONA, BARCELONA","Cantidad Neta: 0.330 Litros","Porcentaje de alcohol: 3.2%","Otras menciones obligatorias en la etiqueta: Cerveza con Limón sin Glutén apta para Celíacos"],"ingredients":[],"conservation":" Mantener en lugar fresco, oscuro y seco","ean":"8410793481931"},{"full_name":"SAAZ cerveza rubia muy suave botella 33 cl","name":"cerveza rubia muy suave botella 33 cl","brand":"SAAZ ","img":"https://sgfm.elcorteingles.es/SGFM/00/34/4/0118602900344/0118602900344000g01011.jpg","price":"0,84 €","price_unit":"(2,55 € / Litro)","categories":["Supermercado","Bebidas","Cervezas","Cervezas","Cerveza rubia nacional botella","SAAZ cerveza rubia muy suave botella 33 cl"],"general_information":["Denominación del alimento: Cerveza","Nombre del operador: DAMM S.A.","Dirección del operador: C/ ROSELLO , 515  BARCELONA,   BARCELONA","Cantidad Neta: 0.33 Litros","Porcentaje de alcohol: 3.5%"],"ingredients":[" Contiene malta de cebada"],"conservation":" Mantener en lugar fresco, oscuro y seco","ean":"8410793132932"},{"full_name":"TURIA Märzen cerveza tostada de Valencia botella 25 cl","name":"Märzen cerveza tostada de Valencia botella 25 cl","brand":"TURIA ","img":"https://sgfm.elcorteingles.es/SGFM/dctm/MEDIA02/CONTENIDOS/201410/08/00118603100449____1__600x600.jpg","price":"0,53 €","price_unit":"(2,12 € / Litro)","categories":["Supermercado","Bebidas","Cervezas","Cervezas","Cerveza rubia nacional botella","TURIA Märzen cerveza tostada de Valencia botella 25 cl"],"general_information":["Denominación del alimento: TURIA MARZEN","Nombre del operador: DAMM S.A.","Dirección del operador: C/ ROSELLO , 515  BARCELONA, BARCELONA","Cantidad Neta: 25 Centilitros","Porcentaje de alcohol: 5.4%","Otras menciones obligatorias en la etiqueta: Cerveza"],"ingredients":[" Contiene malta de cebada"],"conservation":" Mantener en lugar fresco, oscuro y seco","ean":"8413194091945"},{"full_name":"DAMM LEMON cerveza rubia con limón Clara Mediterránea botella 25 cl (6 Partes de Cerveza y 4 Partes de Limón)","name":"cerveza rubia con limón Clara Mediterránea botella 25 cl","brand":"DAMM LEMON ","img":"https://sgfm.elcorteingles.es/SGFM/dctm/MEDIA03/201607/26/00118602202634____2__600x600.jpg","price":"0,41 €","price_unit":"(1,64 € / Litro)","categories":["Supermercado","Bebidas","Cervezas","Cervezas","Cerveza rubia nacional botella","DAMM LEMON cerveza rubia con limón Clara Mediterránea botella 25 cl (6 Partes de Cerveza y 4 Partes de Limón)"],"general_information":["Denominación del alimento: Cerveza Limón","Nombre del operador: DAMM S.A.","Dirección del operador: C/ ROSELLO , 515  BARCELONA, BARCELONA","Cantidad Neta: 25 Centilitros","Porcentaje de alcohol: 3.2%","Otras menciones obligatorias en la etiqueta: Cerveza 60%  y  Bebida refrescante de extractos 40%"],"ingredients":[" Cerveza 60% (Agua, malta de cebada, maíz, arroz, lúpulo)  Bebida refrescante de extractos 40% (Agua carbonatada, jarabe de glucosa, Acidulante: Acido cítrico, aroma natural de cítricos, estabilizantes E-414 y E-445, antioxidante: Acido ascórbico)"],"conservation":" Mantener en lugar fresco, oscuro y seco","ean":"8410793151940"},{"full_name":"DAMM cerveza de Navidad 2017 botella 66 cl","name":"cerveza de Navidad 2017 botella 66 cl","brand":"DAMM ","img":"https://sgfm.elcorteingles.es/SGFM/dctm/MEDIA03/201711/24/00118602800619____8__600x600.jpg","price":"1,50 €","price_unit":"(2,27 € / Litro)","categories":["Supermercado","Bebidas","Cervezas","Cervezas","Cerveza rubia nacional botella","DAMM cerveza de Navidad 2017 botella 66 cl"],"general_information":["Denominación del alimento: Cerveza","Nombre del operador: DAMM S.A.","Dirección del operador: C/ ROSELLO , 515  BARCELONA,   BARCELONA","Cantidad Neta: 0.66 Litros","Porcentaje de alcohol: 6.50%"],"ingredients":[" Contiene malta de cebada"],"conservation":" Mantener en lugar fresco, oscuro y seco","ean":"8410793432964"},{"full_name":"BRABANTE Pack especial cervezas estuche 6 botellas 33 cl + Copa","name":"Pack especial cervezas estuche 6 botellas 33 cl","brand":"BRABANTE ","img":"https://sgfm.elcorteingles.es/SGFM/dctm/MEDIA03/201711/24/00118603603418____1__600x600.jpg","price":"12,50 €","price_unit":"(6,31 € / Litro)","categories":["Supermercado","Bebidas","Cervezas","Cervezas","Cerveza rubia nacional botella","BRABANTE Pack especial cervezas estuche 6 botellas 33 cl + Copa"],"general_information":[],"ingredients":[],"ean":"8437011174222"},{"full_name":"BRABANTE Gran Triple cerveza rubia doble fermentación alargada botella 33 cl","name":"Gran Triple cerveza rubia doble fermentación alargada botella 33 cl","brand":"BRABANTE ","img":"https://sgfm.elcorteingles.es/SGFM/dctm/MEDIA02/CONTENIDOS/201509/24/00118603100480____1__600x600.jpg","price":"2,17 €","price_unit":"(6,58 € / Litro)","categories":["Supermercado","Bebidas","Cervezas","Cervezas","Cerveza rubia nacional botella","BRABANTE Gran Triple cerveza rubia doble fermentación alargada botella 33 cl"],"general_information":[],"ingredients":[],"ean":"8437011174093"},{"full_name":"BRABANTE Oro cerveza rubia de doble fermentación mezcla de maltas botella 33 cl","name":"Oro cerveza rubia de doble fermentación mezcla de maltas botella 33 cl","brand":"BRABANTE ","img":"https://sgfm.elcorteingles.es/SGFM/dctm/MEDIA02/CONTENIDOS/201509/24/00118603603020____1__600x600.jpg","price":"2,26 €","price_unit":"(6,85 € / Litro)","categories":["Supermercado","Bebidas","Cervezas","Cervezas","Cerveza rubia nacional botella","BRABANTE Oro cerveza rubia de doble fermentación mezcla de maltas botella 33 cl"],"general_information":[],"ingredients":[],"ean":"8437011174079"},{"full_name":"BRABANTE cerveza rubia tipo Lager botella 33 cl","name":"cerveza rubia tipo Lager botella 33 cl","brand":"BRABANTE ","img":"https://sgfm.elcorteingles.es/SGFM/dctm/MEDIA02/CONTENIDOS/201509/24/00118603603038____1__600x600.jpg","price":"1,53 €","price_unit":"(4,64 € / Litro)","categories":["Supermercado","Bebidas","Cervezas","Cervezas","Cerveza rubia nacional botella","BRABANTE cerveza rubia tipo Lager botella 33 cl"],"general_information":[],"ingredients":[],"ean":"8437011174055"},{"full_name":"VICTORIA cerveza rubia nacional especial malagueña botella 1 l","name":"cerveza rubia nacional especial malagueña botella 1 l","brand":"VICTORIA ","img":"https://sgfm.elcorteingles.es/SGFM//01/77/6/0118602201776/0118602201776000g01011.jpg","price":"1,32 €","price_unit":"(1,32 € / Litro)","categories":["Supermercado","Bebidas","Cervezas","Cervezas","Cerveza rubia nacional botella","VICTORIA cerveza rubia nacional especial malagueña botella 1 l"],"general_information":["Denominación del alimento: Cerveza","Nombre del operador: DAMM S.A.","Dirección del operador: C/ ROSELLO , 515  BARCELONA,   BARCELONA","Cantidad Neta: 1 Litros","Porcentaje de alcohol: 4.6%"],"ingredients":[],"conservation":" Mantener en lugar fresco, oscuro y seco","ean":"8410793223111"},{"full_name":"VICTORIA cerveza rubia especial de Malaga 1929 pack 6 botellas 25 cl","name":"cerveza rubia especial de Malaga 1929 pack 6 botellas 25 cl","brand":"VICTORIA ","img":"https://sgfm.elcorteingles.es/SGFM//02/18/8/0118602202188/0118602202188000g01011.jpg","price":"2,55 €","price_unit":"(10,20 € / Litro)","categories":["Supermercado","Bebidas","Cervezas","Cervezas","Cerveza rubia nacional botella","VICTORIA cerveza rubia especial de Malaga 1929 pack 6 botellas 25 cl"],"general_information":["Denominación del alimento: Cerveza","Nombre del operador: DAMM S.A.","Dirección del operador: C/ ROSELLO , 515  BARCELONA,   BARCELONA","Cantidad Neta: 1.50 Litros","Porcentaje de alcohol: 5.40%"],"ingredients":[" Contiene malta de cebada"],"conservation":" Mantener en lugar fresco, oscuro y seco","ean":"8410793223845"},{"full_name":"BRUTUS cerveza rubia botella 33 cl","name":"cerveza rubia botella 33 cl","brand":"BRUTUS ","img":"https://sgfm.elcorteingles.es/SGFM/dctm/MEDIA02/CONTENIDOS/201506/26/00118603602998____1__600x600.jpg","price":"1,90 €","price_unit":"(5,76 € / Litro)","categories":["Supermercado","Bebidas","Cervezas","Cervezas","Cerveza rubia nacional botella","BRUTUS cerveza rubia botella 33 cl"],"general_information":[],"ingredients":[],"ean":"4017719020324"},{"full_name":"MARLEN cerveza rubia botella 33 cl","name":"cerveza rubia botella 33 cl","brand":"MARLEN ","img":"https://sgfm.elcorteingles.es/SGFM/dctm/MEDIA02/CONTENIDOS/201507/03/00118602800668____1__600x600.jpg","price":"1,15 €","price_unit":"(3,48 € / Litro)","categories":["Supermercado","Bebidas","Cervezas","Cervezas","Cerveza rubia nacional botella","MARLEN cerveza rubia botella 33 cl"],"general_information":["Denominación del alimento: Cerveza","Nombre del operador: La Zaragozana, S.A.","Dirección del operador: Ramón Berenguer IV, 1 - 50007 Zaragoza","Cantidad Neta: 33 Centilitros","Porcentaje de alcohol: 5.8%"],"ingredients":[" Contiene malta de cebada"],"ean":"0000084107084"},{"full_name":"KELER 18 cerveza rubia botella 25 cl","name":"cerveza rubia botella 25 cl","brand":"KELER 18 ","img":"https://sgfm.elcorteingles.es/SGFM/dctm/MEDIA03/201706/30/00118602202782____1__600x600.jpg","price":"0,95 €","price_unit":"(3,80 € / Litro)","categories":["Supermercado","Bebidas","Cervezas","Cervezas","Cerveza rubia nacional botella","KELER 18 cerveza rubia botella 25 cl"],"general_information":["Denominación del alimento: Cerveza KELER","Nombre del operador: DAMM S.A.","Dirección del operador: C/ ROSELLO , 515  BARCELONA, BARCELONA","Cantidad Neta: 0.25 Litros","Porcentaje de alcohol: 6%","Otras menciones obligatorias en la etiqueta: Cerveza"],"ingredients":[" Contiene malta de cebada"],"conservation":" Mantener en lugar fresco, oscuro y seco","ean":"8410793181947"},{"full_name":"SPUTNIK cerveza rubia nacional con un toque de vodka botella 33 cl","name":"cerveza rubia nacional con un toque de vodka botella 33 cl","brand":"SPUTNIK ","img":"https://sgfm.elcorteingles.es/SGFM/00/36/9/0118602900369/0118602900369000g01011.jpg","price":"1,10 €","price_unit":"(3,33 € / Litro)","categories":["Supermercado","Bebidas","Cervezas","Cervezas","Cerveza rubia nacional botella","SPUTNIK cerveza rubia nacional con un toque de vodka botella 33 cl"],"general_information":["Denominación del alimento: Cerveza","Nombre del operador: La Zaragozana, S.A.","Dirección del operador: Ramón Berenguer IV, 1 - 50007 Zaragoza","Cantidad Neta: 33 Centilitros","Porcentaje de alcohol: 5.9%"],"ingredients":[" Contiene malta de cebada"],"ean":"8410700001504"},{"full_name":"ALCAZAR cerveza rubia nacional botella 1 l","name":"cerveza rubia nacional botella 1 l","brand":"ALCAZAR ","img":"https://sgfm.elcorteingles.es/SGFM/00/39/8/0118602200398/0118602200398000g01011.jpg","price":"1,21 €","price_unit":"(1,21 € / Litro)","categories":["Supermercado","Bebidas","Cervezas","Cervezas","Cerveza rubia nacional botella","ALCAZAR cerveza rubia nacional botella 1 l"],"general_information":[],"ingredients":[],"ean":"8437010749018"},{"full_name":"AMSTEL Radler cerveza rubia con zumo natural de limón pack 6 botellas 25 cl","name":"Radler cerveza rubia con zumo natural de limón pack 6 botellas 25 cl","brand":"AMSTEL ","img":"https://sgfm.elcorteingles.es/SGFM/dctm/MEDIA03/201706/22/00118602202774____5__600x600.jpg","price":"3,02 €","price_unit":"(2,01 € / Litro)","categories":["Supermercado","Bebidas","Cervezas","Cervezas","Cerveza rubia nacional botella","AMSTEL Radler cerveza rubia con zumo natural de limón pack 6 botellas 25 cl"],"general_information":["Denominación del alimento: Clara","Nombre del operador: Heineken España S.A.","Dirección del operador: Av. De Andalucia 1 - 41007 Sevilla","Cantidad Neta: 1.5 Litros","Porcentaje de alcohol: 2%"],"ingredients":[" Agua, azúcar, malta de cebada,   lúpulo, zumos de limón (2,7%), naranja, lima y acerola a partir de   concentrados, extracto de limón concentrado, aroma cítrico natural,   estabilizante E-410. Para barril, además, Conservador E-202. Este   producto se elabora con malta de cebada. Contiene gluten."],"conservation":" Conservar el producto en un lugar limpio, seco y bien ventilado, protegido de la lluvia y alejado de otros productos, alimenticios o no, que puedan impartirle olores o sabores extraños. Almacenar preferiblemente entre 5° y 15°C, evitando temperaturas superiores a 25°C. Evitar exposiciones directas a la luz del sol o fuentes de calor. No congelar el producto.","ean":"8410569620007"},{"full_name":"MAHOU BARRICA cerveza rubia Edición Especial Bourbon envejecida en barrica botella 33 cl","name":"cerveza rubia Edición Especial Bourbon envejecida en barrica botella 33 cl","brand":"MAHOU BARRICA ","img":"https://sgfm.elcorteingles.es/SGFM/dctm/MEDIA03/201706/22/00118603001860____1__600x600.jpg","price":"2,00 €","price_unit":"(6,06 € / Litro)","categories":["Supermercado","Bebidas","Cervezas","Cervezas","Cerveza rubia nacional botella","MAHOU BARRICA cerveza rubia Edición Especial Bourbon envejecida en barrica botella 33 cl"],"general_information":["Denominación del alimento: CERVEZA EXTRA","Nombre del operador: MAHOU, S.A.","Dirección del operador: Calle Titan, 15  28045  Madrid","Cantidad Neta: 0.33 Litros","Porcentaje de alcohol: 6.9%"],"ingredients":[" Agua, Malta de Cebada, Maíz, Jarabe de glucosa, Lúpulo"],"ean":"8411327002806"},{"full_name":"HEINEKEN cerveza rubia Holanda barril 5 l","name":"cerveza rubia Holanda barril 5 l","brand":"HEINEKEN ","img":"https://sgfm.elcorteingles.es/SGFM/dctm/MEDIA03/201611/08/00118601700364____2__600x600.jpg","price":"16,25 €","price_unit":"(3,25 € / Litro)","categories":["Supermercado","Bebidas","Cervezas","Cervezas","Cerveza rubia importación en lata","HEINEKEN cerveza rubia Holanda barril 5 l"],"general_information":["Denominación del alimento: Cerveza","Nombre del operador: Heineken España S.A.","Dirección del operador: Av. De Andalucia 1 - 41007 Sevilla","Cantidad Neta: 5 Litros","Porcentaje de alcohol: 5%"],"ingredients":[" Agua, malta de cebada y lúpulo. Este producto se elabora con malta de cebada. Contiene gluten"],"conservation":" Conservar el producto en un lugar limpio, seco y bien ventilado, protegido de la lluvia y alejado de otros productos, alimenticios o no, que puedan impartirle olores o sabores extraños. Almacenar preferiblemente entre 5° y 15°C, evitando temperaturas superiores a 25°C. Evitar exposiciones directas a la luz del sol o fuentes de calor. No congelar el producto.","ean":"8712000025649"},{"full_name":"HEINEKEN cerveza rubia Holanda pack 18 latas 33 cl","name":"cerveza rubia Holanda pack 18 latas 33 cl","brand":"HEINEKEN ","img":"https://sgfm.elcorteingles.es/SGFM/dctm/MEDIA03/201611/08/00118601700802____5__600x600.jpg","price":"11,99 €","price_unit":"(2,02 € / Litro)","categories":["Supermercado","Bebidas","Cervezas","Cervezas","Cerveza rubia importación en lata","HEINEKEN cerveza rubia Holanda pack 18 latas 33 cl"],"general_information":["Denominación del alimento: Cerveza","Nombre del operador: Heineken España S.A.","Dirección del operador: Av. De Andalucia 1 - 41007 Sevilla","Cantidad Neta: 5.94 Litros","Porcentaje de alcohol: 5%"],"ingredients":[" Agua, malta de cebada y lúpulo. Este producto se elabora con malta de cebada. Contiene gluten"],"conservation":" Conservar el producto en un lugar limpio, seco y bien ventilado, protegido de la lluvia y alejado de otros productos, alimenticios o no, que puedan impartirle olores o sabores extraños. Almacenar preferiblemente entre 5° y 15°C, evitando temperaturas superiores a 25°C. Evitar exposiciones directas a la luz del sol o fuentes de calor. No congelar el producto.","ean":"8712000910266"},{"full_name":"HEINEKEN THE SUB TORP cerveza rubia holandesa envase 2 l sólo compatible con máquina \"The SUB\"","name":"THE SUB TORP cerveza rubia holandesa envase 2 l","brand":"HEINEKEN ","img":"https://sgfm.elcorteingles.es/SGFM/dctm/MEDIA02/CONTENIDOS/201410/31/00118601700877____1__600x600.jpg","price":"5,99 €","price_unit":"(3 € / Litro)","categories":["Supermercado","Bebidas","Cervezas","Cervezas","Cerveza rubia importación en lata","HEINEKEN THE SUB TORP cerveza rubia holandesa envase 2 l sólo compatible con máquina \"The SUB\""],"general_information":["Denominación del alimento: Cerveza","Nombre del operador: Heineken España S.A.","Dirección del operador: Av. De Andalucia 1 - 41007 Sevilla","Cantidad Neta: 2 Litros","Porcentaje de alcohol: 5%"],"ingredients":[" Agua, malta de cebada y lúpulo. Este producto se elabora con malta de cebada. Contiene gluten"],"conservation":" Conservar el producto en un lugar limpio, seco y bien ventilado, protegido de la lluvia y alejado de otros productos, alimenticios o no, que puedan impartirle olores o sabores extraños. Almacenar preferiblemente entre 5° y 15°C, evitando temperaturas superiores a 25°C. Evitar exposiciones directas a la luz del sol o fuentes de calor. No congelar el producto.","ean":"8006890625981"},{"full_name":"HEINEKEN cerveza rubia Holanda pack 12 lata 33 cl","name":"cerveza rubia Holanda pack 12 lata 33 cl","brand":"HEINEKEN ","img":"https://sgfm.elcorteingles.es/SGFM/dctm/MEDIA03/201611/08/00118601700406____9__600x600.jpg","price":"7,55 €","price_unit":"(1,91 € / Litro)","categories":["Supermercado","Bebidas","Cervezas","Cervezas","Cerveza rubia importación en lata","HEINEKEN cerveza rubia Holanda pack 12 lata 33 cl"],"general_information":["Denominación del alimento: Cerveza","Nombre del operador: Heineken España S.A.","Dirección del operador: Av. De Andalucia 1 - 41007 Sevilla","Cantidad Neta: 3.96 Litros","Porcentaje de alcohol: 5%"],"ingredients":[" Agua, malta de cebada y lúpulo. Este producto se elabora con malta de cebada. Contiene gluten"],"conservation":" Conservar el producto en un lugar limpio, seco y bien ventilado, protegido de la lluvia y alejado de otros productos, alimenticios o no, que puedan impartirle olores o sabores extraños. Almacenar preferiblemente entre 5° y 15°C, evitando temperaturas superiores a 25°C. Evitar exposiciones directas a la luz del sol o fuentes de calor. No congelar el producto.","ean":"8712000011079"},{"full_name":"HEINEKEN cerveza rubia Holanda pack 12 latas 33 cl + 3 latas HEINEKEN 0,0% cerveza rubia sin alcohol 33 cl","name":"cerveza rubia Holanda pack 12 latas 33 cl","brand":"HEINEKEN ","img":"https://sgfm.elcorteingles.es/SGFM/dctm/MEDIA03/201710/19/00118601700976____1__600x600.jpg","price":"7,55 €","price_unit":"(1,91 € / Litro)","categories":["Supermercado","Bebidas","Cervezas","Cervezas","Cerveza rubia importación en lata","HEINEKEN cerveza rubia Holanda pack 12 latas 33 cl + 3 latas HEINEKEN 0,0% cerveza rubia sin alcohol 33 cl"],"general_information":[],"ingredients":[],"ean":"8712000010225"},{"full_name":"HEINEKEN cerveza rubia Holanda lata 50 cl","name":"cerveza rubia Holanda lata 50 cl","brand":"HEINEKEN ","img":"https://sgfm.elcorteingles.es/SGFM/dctm/MEDIA03/201611/08/00118601700133____6__600x600.jpg","price":"1,15 €","price_unit":"(2,30 € / Litro)","categories":["Supermercado","Bebidas","Cervezas","Cervezas","Cerveza rubia importación en lata","HEINEKEN cerveza rubia Holanda lata 50 cl"],"general_information":["Denominación del alimento: Cerveza","Nombre del operador: Heineken España S.A.","Dirección del operador: Av. De Andalucia 1 - 41007 Sevilla","Cantidad Neta: 50 Centilitros","Porcentaje de alcohol: 5%"],"ingredients":[" Agua, malta de cebada y lúpulo. Este producto se elabora con malta de cebada. Contiene gluten"],"conservation":" Conservar el producto en un lugar limpio, seco y bien ventilado, protegido de la lluvia y alejado de otros productos, alimenticios o no, que puedan impartirle olores o sabores extraños. Almacenar preferiblemente entre 5° y 15°C, evitando temperaturas superiores a 25°C. Evitar exposiciones directas a la luz del sol o fuentes de calor. No congelar el producto.","ean":"8712000900045"},{"full_name":"HEINEKEN cerveza rubia Holanda lata 33 cl","name":"cerveza rubia Holanda lata 33 cl","brand":"HEINEKEN ","img":"https://sgfm.elcorteingles.es/SGFM/dctm/MEDIA03/201701/16/00118601700125____6__600x600.jpg","price":"0,68 €","price_unit":"(2,06 € / Litro)","categories":["Supermercado","Bebidas","Cervezas","Cervezas","Cerveza rubia importación en lata","HEINEKEN cerveza rubia Holanda lata 33 cl"],"general_information":["Denominación del alimento: Cerveza","Nombre del operador: Heineken España S.A.","Dirección del operador: Av. De Andalucia 1 - 41007 Sevilla","Cantidad Neta: 33 Centilitros","Porcentaje de alcohol: 5%"],"ingredients":[" Agua, malta de cebada y lúpulo. Este producto se elabora con malta de cebada. Contiene gluten"],"conservation":" Conservar el producto en un lugar limpio, seco y bien ventilado, protegido de la lluvia y alejado de otros productos, alimenticios o no, que puedan impartirle olores o sabores extraños. Almacenar preferiblemente entre 5° y 15°C, evitando temperaturas superiores a 25°C. Evitar exposiciones directas a la luz del sol o fuentes de calor. No congelar el producto.","ean":"0000087120158"},{"full_name":"BUDWEISER cerveza rubia americana lata 33 cl","name":"cerveza rubia americana lata 33 cl","brand":"BUDWEISER ","img":"https://sgfm.elcorteingles.es/SGFM/dctm/MEDIA03/201604/25/00118601700158____2__600x600.jpg","price":"0,79 €            ","price_unit":"(2,33 € / Litro)","categories":["Supermercado","Bebidas","Cervezas","Cervezas","Cerveza rubia importación en lata","BUDWEISER cerveza rubia americana lata 33 cl"],"general_information":[],"ingredients":[],"ean":"5014379003161"},{"full_name":"CARLSBERG cerveza rubia danesa pack 12 latas 33 cl","name":"cerveza rubia danesa pack 12 latas 33 cl","brand":"CARLSBERG ","img":"https://sgfm.elcorteingles.es/SGFM/dctm/MEDIA03/201611/07/00118601700646____2__600x600.jpg","price":"8,05 €            ","price_unit":"(1,90 € / Litro)","categories":["Supermercado","Bebidas","Cervezas","Cervezas","Cerveza rubia importación en lata","CARLSBERG cerveza rubia danesa pack 12 latas 33 cl"],"general_information":["Denominación del alimento: CERVEZA","Nombre del operador: MAHOU, S.A.","Dirección del operador: Calle Titan, 15  28045  Madrid","Cantidad Neta: 3.96 Litros","Porcentaje de alcohol: 5.0%"],"ingredients":[" Agua, Malta de Cebada, Lúpulo"],"ean":"8411327000819"},{"full_name":"CARLSBERG cerveza rubia danesa lata 33 cl","name":"cerveza rubia danesa lata 33 cl","brand":"CARLSBERG ","img":"https://sgfm.elcorteingles.es/SGFM/dctm/MEDIA03/201611/08/00118601700232____2__600x600.jpg","price":"0,75 €","price_unit":"(2,27 € / Litro)","categories":["Supermercado","Bebidas","Cervezas","Cervezas","Cerveza rubia importación en lata","CARLSBERG cerveza rubia danesa lata 33 cl"],"general_information":["Denominación del alimento: CERVEZA","Nombre del operador: MAHOU, S.A.","Dirección del operador: Calle Titan, 15  28045  Madrid","Cantidad Neta: 0.33 Litros","Porcentaje de alcohol: 5.0%"],"ingredients":[" Agua, Malta de Cebada, Lúpulo"],"ean":"8411327222013"},{"full_name":"CARLING cerveza rubia inglesa Lager lata 50 cl","name":"cerveza rubia inglesa Lager lata 50 cl","brand":"CARLING ","img":"https://sgfm.elcorteingles.es/SGFM/dctm/MEDIA03/201607/08/00118601700752____2__600x600.jpg","price":"1,18 €            ","price_unit":"(2,30 € / Litro)","categories":["Supermercado","Bebidas","Cervezas","Cervezas","Cerveza rubia importación en lata","CARLING cerveza rubia inglesa Lager lata 50 cl"],"general_information":["Denominación del alimento: CARLING 1/2 LATA","Nombre del operador: DAMM S.A.","Dirección del operador: C/ ROSELLO , 515  BARCELONA, BARCELONA","Cantidad Neta: 0.500 Litros","Porcentaje de alcohol: 4%","Otras menciones obligatorias en la etiqueta: Cerveza"],"ingredients":[],"conservation":" Mantener en lugar fresco, oscuro y seco","ean":"5010038049440"},{"full_name":"PILSNER URQUELL cerveza rubia importación checa lata 50 cl","name":"cerveza rubia importación checa lata 50 cl","brand":"PILSNER URQUELL ","img":"https://sgfm.elcorteingles.es/SGFM/dctm/MEDIA03/201612/02/00118601700356____1__600x600.jpg","price":"1,49 €","price_unit":"(2,98 € / Litro)","categories":["Supermercado","Bebidas","Cervezas","Cervezas","Cerveza rubia importación en lata","PILSNER URQUELL cerveza rubia importación checa lata 50 cl"],"general_information":["Denominación del alimento: Cerveza","Nombre del operador: Sabmiller brands Europe, A.S.","Dirección del operador: Nuria, 59, Planta 2, Local C 28034 Madrid","Cantidad Neta: 500,0 Mililitros","Porcentaje de alcohol: 4,4%"],"ingredients":[" Agua, malta de cebada y lúpulo."],"ean":"8594404115115"},{"full_name":"DAB cerveza rubia alemana lata 50 cl","name":"cerveza rubia alemana lata 50 cl","brand":"DAB ","img":"https://sgfm.elcorteingles.es/SGFM/dctm/MEDIA03/201709/29/00118601700950____1__600x600.jpg","price":"1,52 €","price_unit":"(3,04 € / Litro)","categories":["Supermercado","Bebidas","Cervezas","Cervezas","Cerveza rubia importación en lata","DAB cerveza rubia alemana lata 50 cl"],"general_information":[],"ingredients":[],"ean":"4001982097763"},{"full_name":"WARSTEINER cerveza alemana Pilsen lata 50 cl","name":"cerveza alemana Pilsen lata 50 cl","brand":"WARSTEINER ","img":"https://sgfm.elcorteingles.es/SGFM/dctm/MEDIA03/201607/08/00118601700422____1__600x600.jpg","price":"1,35 €","price_unit":"(2,70 € / Litro)","categories":["Supermercado","Bebidas","Cervezas","Cervezas","Cerveza rubia importación en lata","WARSTEINER cerveza alemana Pilsen lata 50 cl"],"general_information":["Denominación del alimento: CERVEZA","Nombre del operador: MAHOU, S.A.","Dirección del operador: Calle Titan, 15  28045  Madrid","Cantidad Neta: 0.50 Litros","Porcentaje de alcohol: 4.8%"],"ingredients":[" Agua, Malta de Cebada, Extracto de Lúpulo"],"ean":"4000856003404"},{"full_name":"STAROPRAMEN Pils cerveza rubia checa lata 50 cl","name":"Pils cerveza rubia checa lata 50 cl","brand":"STAROPRAMEN ","img":"https://sgfm.elcorteingles.es/SGFM/00/70/3/0118601700703/0118601700703000g01011.jpg","price":"1,55 €","price_unit":"(3,10 € / Litro)","categories":["Supermercado","Bebidas","Cervezas","Cervezas","Cerveza rubia importación en lata","STAROPRAMEN Pils cerveza rubia checa lata 50 cl"],"general_information":["Denominación del alimento: Cerveza","Nombre del operador: Pivovary Staropramen s.r.o.","Dirección del operador: Nádrazní 84, 150 00 Praha 5, Czech Republic","Porcentaje de alcohol: 5,0%"],"ingredients":[" Contiene malta de cebada, cebada"],"conservation":" Proteger de la luz directa del sol y de las heladas","ean":"8593868000050"},{"full_name":"VELTINS Pilsener original alemana lata 50 cl","name":"Pilsener original alemana lata 50 cl","brand":"VELTINS ","img":"https://sgfm.elcorteingles.es/SGFM/dctm/MEDIA02/CONTENIDOS/201501/02/00118601700661____2__600x600.jpg","price":"0,99 €","price_unit":"(1,98 € / Litro)","categories":["Supermercado","Bebidas","Cervezas","Cervezas","Cerveza rubia importación en lata","VELTINS Pilsener original alemana lata 50 cl"],"general_information":[],"ingredients":[],"ean":"0000042025931"},{"full_name":"KROMBACHER cerveza rubia alemana lata 50 cl","name":"cerveza rubia alemana lata 50 cl","brand":"KROMBACHER ","img":"https://sgfm.elcorteingles.es/SGFM/00/68/7/0118601700687/0118601700687000g01011.jpg","price":"1,37 €","price_unit":"(2,74 € / Litro)","categories":["Supermercado","Bebidas","Cervezas","Cervezas","Cerveza rubia importación en lata","KROMBACHER cerveza rubia alemana lata 50 cl"],"general_information":["Denominación del alimento: Cerveza","Nombre del operador: Krombacher Brauerei","Dirección del operador: D-57215 Kreuztal, Germany / Alemania","Porcentaje de alcohol: 4,8%"],"ingredients":[" Agua, malta de cebada, lúpulo, extracto de lúpulo"],"ean":"4008287051032"},{"full_name":"LOWENBRÄU Oktoberfestbier cerveza alemana especial Pilsen lata 50 cl","name":"Oktoberfestbier cerveza alemana especial Pilsen lata 50 cl","brand":"LOWENBRÄU ","img":"https://sgfm.elcorteingles.es/SGFM/00/81/0/0118601700810/0118601700810000g01011.jpg","price":"1,29 €","price_unit":"(2,58 € / Litro)","categories":["Supermercado","Bebidas","Cervezas","Cervezas","Cerveza rubia importación en lata","LOWENBRÄU Oktoberfestbier cerveza alemana especial Pilsen lata 50 cl"],"general_information":["Denominación del alimento: CERVEZA","País de origen: Alemania","Nombre del operador: GMODELO EUROPA SAU","Dirección del operador: c/Aluminio nr 12-Poligono industrial Miralcampo - 19 200 Azuqueca de Henares","Lugar de procedencia del alimento: Alemania","Cantidad Neta: 50,0 Centilitros","Porcentaje de alcohol: 6,1%"],"ingredients":[" agua,malta de cebada,lupulo"],"ean":"0000040786377"},{"full_name":"BALTIKA 7 Original cerveza rubia Export Lager de Rusia lata 1 l lata 1 l","name":"7 Original cerveza rubia Export Lager de Rusia lata 1 l lata 1 l","brand":"BALTIKA ","img":"https://sgfm.elcorteingles.es/SGFM/dctm/MEDIA03/201604/21/00118601700919____1__600x600.jpg","price":"2,17 €","price_unit":"(2,17 € / Litro)","categories":["Supermercado","Bebidas","Cervezas","Cervezas","Cerveza rubia importación en lata","BALTIKA 7 Original cerveza rubia Export Lager de Rusia lata 1 l lata 1 l"],"general_information":[],"ingredients":[],"ean":"4600682001522"},{"full_name":"ABBOT cerveza rubia tipo Ale lata 50 cl","name":"cerveza rubia tipo Ale lata 50 cl","brand":"ABBOT ","img":"https://sgfm.elcorteingles.es/SGFM/dctm/MEDIA03/201710/20/00118603603319____6__600x600.jpg","price":"1,56 €","price_unit":"(3,12 € / Litro)","categories":["Supermercado","Bebidas","Cervezas","Cervezas","Cerveza rubia importación en lata","ABBOT cerveza rubia tipo Ale lata 50 cl"],"general_information":[],"ingredients":[],"ean":"5010549303673"},{"full_name":"BREWBARREL Kit de elaboración de cerveza tipo IPA barril 5 l","name":"Kit de elaboración de cerveza tipo IPA barril 5 l","brand":"BREWBARREL ","img":"https://sgfm.elcorteingles.es/SGFM/dctm/MEDIA03/201712/13/00118603603434____1__600x600.jpg","price":"29,00 €","categories":["Supermercado","Bebidas","Cervezas","Cervezas","Cerveza rubia importación en lata","BREWBARREL Kit de elaboración de cerveza tipo IPA barril 5 l"],"general_information":[],"ingredients":[],"ean":"4260386510142"},{"full_name":"CORONA cerveza rubia mejicana pack 10 botellas 35,50 cl","name":"cerveza rubia mejicana pack 10 botellas 35,50 cl","brand":"CORONA ","img":"https://sgfm.elcorteingles.es/SGFM/dctm/MEDIA03/201607/19/00200503603284____1__600x600.jpg","price":"12,43 €","categories":["Supermercado","Bebidas","Cervezas","Cervezas","Cerveza rubia importación botella","CORONA cerveza rubia mejicana pack 10 botellas 35,50 cl"],"general_information":[],"ingredients":[],"ean":"5410228229100"},{"full_name":"CORONA cerveza rubia mejicana pack 3 botellas 35,50 cl","name":"cerveza rubia mejicana pack 3 botellas 35,50 cl","brand":"CORONA ","img":"https://sgfm.elcorteingles.es/SGFM/dctm/MEDIA03/201608/24/00118603602980____3__600x600.jpg","price":"3,78 €","price_unit":"(3,55 € / Litro)","categories":["Supermercado","Bebidas","Cervezas","Cervezas","Cerveza rubia importación botella","CORONA cerveza rubia mejicana pack 3 botellas 35,50 cl"],"general_information":["Denominación del alimento: CERVEZA","País de origen: México","Nombre del operador: GMODELO EUROPA SAU","Dirección del operador: C/Aluminio nr 12-Poligono Industrial Miralcampo 19200 Azuqueca de Henares","Lugar de procedencia del alimento: Mexico","Cantidad Neta: 106.5 Centilitros","Porcentaje de alcohol: 4.5%"],"ingredients":[" agua, malta de cebada (60%), arroz y/o maíz (40%), lupulo (hasta 18 unidades de amargor), levadura, enzima proteolitica, ácido ascórbico (como antioxidante), alginato de propelin glicol (como estabilizador de espuma)"],"ean":"7501064196478"},{"full_name":"CORONA cerveza rubia mejicana botella 35,50 cl","name":"cerveza rubia mejicana botella 35,50 cl","brand":"CORONA ","img":"https://sgfm.elcorteingles.es/SGFM/dctm/MEDIA03/201607/19/00200503600090____2__600x600.jpg","price":"1,29 €","price_unit":"(3,63 € / Litro)","categories":["Supermercado","Bebidas","Cervezas","Cervezas","Cerveza rubia importación botella","CORONA cerveza rubia mejicana botella 35,50 cl"],"general_information":["Denominación del alimento: CERVEZA","País de origen: México","Nombre del operador: GMODELO EUROPA SAU","Dirección del operador: c/Aluminio nr 12-Poligono industrial Miralcampo - 19 200 Azuqueca de Henares","Lugar de procedencia del alimento: México","Cantidad Neta: 35.5 Centilitros","Porcentaje de alcohol: 4.5%"],"ingredients":[" agua, malta de cebada (60%), arroz y/o maíz (40%), lupulo (hasta 18 unidades de amargor), levadura, enzima proteolitica, ácido ascórbico (como antioxidante), alginato de propelin glicol (como estabilizador de espuma)"],"ean":"0000075032715"},{"full_name":"CORONITA cerveza rubia mejicana pack 10 botellas 21 cl","name":"cerveza rubia mejicana pack 10 botellas 21 cl","brand":"CORONITA ","img":"https://sgfm.elcorteingles.es/SGFM/dctm/MEDIA03/201706/29/00118603603277____1__600x600.jpg","price":"6,94 €","price_unit":"(3,30 € / Litro)","categories":["Supermercado","Bebidas","Cervezas","Cervezas","Cerveza rubia importación botella","CORONITA cerveza rubia mejicana pack 10 botellas 21 cl"],"general_information":[],"ingredients":[],"ean":"5410228237471"},{"full_name":"CORONITA cerveza rubia mejicana pack 6 botellas 21 cl","name":"cerveza rubia mejicana pack 6 botellas 21 cl","brand":"CORONITA ","img":"https://sgfm.elcorteingles.es/SGFM/dctm/MEDIA03/201609/19/00118603603111____2__600x600.jpg","price":"4,19 €","price_unit":"(3,33 € / Litro)","categories":["Supermercado","Bebidas","Cervezas","Cervezas","Cerveza rubia importación botella","CORONITA cerveza rubia mejicana pack 6 botellas 21 cl"],"general_information":["Denominación del alimento: CERVEZA","País de origen: México","Nombre del operador: GMODELO EUROPA SAU","Dirección del operador: c/Aluminio nr 12-Poligono industrial Miralcampo - 19 200 Azuqueca de Henares","Lugar de procedencia del alimento: México","Cantidad Neta: 126 Centilitros","Porcentaje de alcohol: 4.5%"],"ingredients":[" agua, malta de cebada (60%), arroz y/o maíz (40%), lupulo (hasta 18 unidades de amargor), levadura, enzima proteolitica, ácido ascórbico (como antioxidante), alginato de propelin glicol (como estabilizador de espuma)"],"ean":"7501064191183"},{"full_name":"HEINEKEN cerveza rubia holandesa botella 65 cl","name":"cerveza rubia holandesa botella 65 cl","brand":"HEINEKEN ","img":"https://sgfm.elcorteingles.es/SGFM/02/31/1/0118603602311/0118603602311000g01011.jpg","price":"1,88 €","price_unit":"(2,89 € / Litro)","categories":["Supermercado","Bebidas","Cervezas","Cervezas","Cerveza rubia importación botella","HEINEKEN cerveza rubia holandesa botella 65 cl"],"general_information":["Denominación del alimento: Cerveza","Nombre del operador: Heineken España S.A.","Dirección del operador: Av. De Andalucia 1 - 41007 Sevilla","Cantidad Neta: 65 Centilitros","Porcentaje de alcohol: 5%"],"ingredients":[" Agua, malta de cebada y lúpulo. Este producto se elabora con malta de cebada. Contiene gluten"],"conservation":" Conservar el producto en un lugar limpio, seco y bien ventilado, protegido de la lluvia y alejado de otros productos, alimenticios o no, que puedan impartirle olores o sabores extraños. Almacenar preferiblemente entre 5° y 15°C, evitando temperaturas superiores a 25°C. Evitar exposiciones directas a la luz del sol o fuentes de calor. No congelar el producto.","ean":"8712000030582"},{"full_name":"HEINEKEN cerveza rubia Lager holandesa botella 33 cl","name":"cerveza rubia Lager holandesa botella 33 cl","brand":"HEINEKEN ","img":"https://sgfm.elcorteingles.es/SGFM/dctm/MEDIA02/CONTENIDOS/201510/02/00118603600166____3__600x600.jpg","price":"1,09 €","price_unit":"(3,30 € / Litro)","categories":["Supermercado","Bebidas","Cervezas","Cervezas","Cerveza rubia importación botella","HEINEKEN cerveza rubia Lager holandesa botella 33 cl"],"general_information":[],"ingredients":[],"ean":"8712000000318"},{"full_name":"HEINEKEN cerveza rubia holandesa pack 6 botellas 25 cl","name":"cerveza rubia holandesa pack 6 botellas 25 cl","brand":"HEINEKEN ","img":"https://sgfm.elcorteingles.es/SGFM/dctm/MEDIA03/201611/08/00118603600257____7__600x600.jpg","price":"3,49 €","price_unit":"(2,33 € / Litro)","categories":["Supermercado","Bebidas","Cervezas","Cervezas","Cerveza rubia importación botella","HEINEKEN cerveza rubia holandesa pack 6 botellas 25 cl"],"general_information":["Denominación del alimento: Cerveza","Nombre del operador: Heineken España S.A.","Dirección del operador: Av. De Andalucia 1 - 41007 Sevilla","Cantidad Neta: 1.5 Litros","Porcentaje de alcohol: 5%"],"ingredients":[" Agua, malta de cebada y lúpulo. Este producto se elabora con malta de cebada. Contiene gluten"],"conservation":" Conservar el producto en un lugar limpio, seco y bien ventilado, protegido de la lluvia y alejado de otros productos, alimenticios o no, que puedan impartirle olores o sabores extraños. Almacenar preferiblemente entre 5° y 15°C, evitando temperaturas superiores a 25°C. Evitar exposiciones directas a la luz del sol o fuentes de calor. No congelar el producto.","ean":"8712000900298"},{"full_name":"HEINEKEN cerveza rubia holandesa botella 25 cl","name":"cerveza rubia holandesa botella 25 cl","brand":"HEINEKEN ","img":"https://sgfm.elcorteingles.es/SGFM/01/65/1/0118603601651/0118603601651000g01011.jpg","price":"0,59 €","price_unit":"(2,36 € / Litro)","categories":["Supermercado","Bebidas","Cervezas","Cervezas","Cerveza rubia importación botella","HEINEKEN cerveza rubia holandesa botella 25 cl"],"general_information":["Denominación del alimento: Cerveza","Nombre del operador: Heineken España S.A.","Dirección del operador: Av. De Andalucia 1 - 41007 Sevilla","Cantidad Neta: 25 Centilitros","Porcentaje de alcohol: 5%"],"ingredients":[" Agua, malta de cebada y lúpulo. Este producto se elabora con malta de cebada. Contiene gluten."],"conservation":" Conservar el producto en un lugar limpio, seco y bien ventilado, protegido de la lluvia y alejado de otros productos, alimenticios o no, que puedan impartirle olores o sabores extraños. Almacenar preferiblemente entre 5° y 15°C, evitando temperaturas superiores a 25°C. Evitar exposiciones directas a la luz del sol o fuentes de calor. No congelar el producto.","ean":"8712000018825"},{"full_name":"BUDWEISER cerveza rubia americana pack 6 botella 25 cl","name":"cerveza rubia americana pack 6 botella 25 cl","brand":"BUDWEISER ","img":"https://sgfm.elcorteingles.es/SGFM/00/99/2/0118603600992/0118603600992000g01011.jpg","price":"3,67 €","price_unit":"(2,45 € / Litro)","categories":["Supermercado","Bebidas","Cervezas","Cervezas","Cerveza rubia importación botella","BUDWEISER cerveza rubia americana pack 6 botella 25 cl"],"general_information":[],"ingredients":[],"ean":"5014379002980"},{"full_name":"BUDWEISER cerveza rubia americana botella 33 cl","name":"cerveza rubia americana botella 33 cl","brand":"BUDWEISER ","img":"https://sgfm.elcorteingles.es/SGFM/dctm/MEDIA03/201702/27/00118603600190____1__600x600.jpg","price":"1,09 €","price_unit":"(3,30 € / Litro)","categories":["Supermercado","Bebidas","Cervezas","Cervezas","Cerveza rubia importación botella","BUDWEISER cerveza rubia americana botella 33 cl"],"general_information":[],"ingredients":[],"ean":"5014379003130"},{"full_name":"LEFFE cerveza rubia Blonde belga botella 75 cl","name":"cerveza rubia Blonde belga botella 75 cl","brand":"LEFFE ","img":"https://sgfm.elcorteingles.es/SGFM/00/57/5/0118602900575/0118602900575000g01011.jpg","price":"2,89 €","price_unit":"(3,85 € / Litro)","categories":["Supermercado","Bebidas","Cervezas","Cervezas","Cerveza rubia importación botella","LEFFE cerveza rubia Blonde belga botella 75 cl"],"general_information":["Denominación del alimento: CERVEZA","País de origen: Bélgica","Nombre del operador: GMODELO EUROPA SAU","Dirección del operador: c/Aluminio nr 12-Poligono industrial Miralcampo - 19 200 Azuqueca de Henares","Lugar de procedencia del alimento: Bélgica","Cantidad Neta: 75,0 Centilitros","Porcentaje de alcohol: 6,65%"],"ingredients":[" agua ( 81%), malta de cebada (14%), maíz (4,5%), lupulo ("],"ean":"5410228102762"},{"full_name":"LEFFE cerveza rubia Blonde belga botella 33 cl","name":"cerveza rubia Blonde belga botella 33 cl","brand":"LEFFE ","img":"https://sgfm.elcorteingles.es/SGFM/00/44/3/0118602900443/0118602900443000g01011.jpg","price":"1,29 €","price_unit":"(3,91 € / Litro)","categories":["Supermercado","Bebidas","Cervezas","Cervezas","Cerveza rubia importación botella","LEFFE cerveza rubia Blonde belga botella 33 cl"],"general_information":[],"ingredients":[],"ean":"5410228142218"},{"full_name":"CARLSBERG cerveza rubia danesa botella 75 cl + Copa","name":"cerveza rubia danesa botella 75 cl","brand":"CARLSBERG ","img":"https://sgfm.elcorteingles.es/SGFM/dctm/MEDIA03/201711/24/00118603603459____1__600x600.jpg","price":"5,50 €","categories":["Supermercado","Bebidas","Cervezas","Cervezas","Cerveza rubia importación botella","CARLSBERG cerveza rubia danesa botella 75 cl + Copa"],"general_information":["Denominación del alimento: CERVEZA","Nombre del operador: MAHOU, S.A.","Dirección del operador: Calle Titan, 15  28045  Madrid","Cantidad Neta: 0.75 Litros","Porcentaje de alcohol: 5.8%"],"ingredients":[" Agua, Malta de Cebada, Lúpulo, Levadura"],"ean":"8411327003063"},{"full_name":"CARLSBERG cerveza rubia danesa pack 6 botellas 25 cl","name":"cerveza rubia danesa pack 6 botellas 25 cl","brand":"CARLSBERG ","img":"https://sgfm.elcorteingles.es/SGFM/dctm/MEDIA03/201607/08/00118603600604____1__600x600.jpg","price":"3,82 €","price_unit":"(15,28 € / Litro)","categories":["Supermercado","Bebidas","Cervezas","Cervezas","Cerveza rubia importación botella","CARLSBERG cerveza rubia danesa pack 6 botellas 25 cl"],"general_information":["Denominación del alimento: CERVEZA","Nombre del operador: MAHOU, S.A.","Dirección del operador: Calle Titan, 15  28045  Madrid","Cantidad Neta: 1.50 Litros","Porcentaje de alcohol: 5.0%"],"ingredients":[" Agua, Malta de Cebada, Lúpulo"],"ean":"8411327230063"},{"full_name":"CARLOS V TRABEL BOX cerveza rubia belga estuche 6 botellas 33 cl + 2 Copas","name":"TRABEL BOX cerveza rubia belga estuche 6 botellas 33 cl","brand":"CARLOS V ","img":"https://sgfm.elcorteingles.es/SGFM/dctm/MEDIA02/CONTENIDOS/201412/01/00118604101396____1__600x600.jpg","price":"11,95 €","price_unit":"(36,21 € / Litro)","categories":["Supermercado","Bebidas","Cervezas","Cervezas","Cerveza rubia importación botella","CARLOS V TRABEL BOX cerveza rubia belga estuche 6 botellas 33 cl + 2 Copas"],"general_information":[],"ingredients":[],"ean":"5410971145221"},{"full_name":"CARLOS V BLONDE cerveza rubia belga botella 33 cl","name":"BLONDE cerveza rubia belga botella 33 cl","brand":"CARLOS V ","img":"https://sgfm.elcorteingles.es/SGFM/dctm/MEDIA02/CONTENIDOS/201504/09/00118603602774____1__600x600.jpg","price":"1,16 €","price_unit":"(3,52 € / Litro)","categories":["Supermercado","Bebidas","Cervezas","Cervezas","Cerveza rubia importación botella","CARLOS V BLONDE cerveza rubia belga botella 33 cl"],"general_information":[],"ingredients":[],"ean":"0000054085176"},{"full_name":"GREVENSTEINER cerveza rubia alemana pack 5 botellas 50 cl + Jarra","name":"cerveza rubia alemana pack 5 botellas 50 cl","brand":"GREVENSTEINER ","img":"https://sgfm.elcorteingles.es/SGFM/dctm/MEDIA02/CONTENIDOS/201505/05/00118603602949____2__600x600.jpg","price":"9,63 €","price_unit":"(3,85 € / Litro)","categories":["Supermercado","Bebidas","Cervezas","Cervezas","Cerveza rubia importación botella","GREVENSTEINER cerveza rubia alemana pack 5 botellas 50 cl + Jarra"],"general_information":[],"ingredients":[],"ean":"4005249003290"},{"full_name":"GREVENSTEINER cerveza artesana alemana de bodega botella 50 cl","name":"cerveza artesana alemana de bodega botella 50 cl","brand":"GREVENSTEINER ","img":"https://sgfm.elcorteingles.es/SGFM/dctm/MEDIA02/CONTENIDOS/201411/14/00118603602824____1__600x600.jpg","price":"1,79 €","price_unit":"(3,58 € / Litro)","categories":["Supermercado","Bebidas","Cervezas","Cervezas","Cerveza rubia importación botella","GREVENSTEINER cerveza artesana alemana de bodega botella 50 cl"],"general_information":[],"ingredients":[],"ean":"4005249002088"},{"full_name":"PILSNER URQUELL 175 ANIVERSARIO cerveza rubia checa baul de madera 12 botellas 33 cl","name":"175 ANIVERSARIO cerveza rubia checa baul de madera 12 botellas 33 cl","brand":"PILSNER URQUELL ","img":"https://sgfm.elcorteingles.es/SGFM/dctm/MEDIA03/201710/19/00118603603343____5__600x600.jpg","price":"29,00 €            ","price_unit":"(5,04 € / Litro)","categories":["Supermercado","Bebidas","Cervezas","Cervezas","Cerveza rubia importación botella","PILSNER URQUELL 175 ANIVERSARIO cerveza rubia checa baul de madera 12 botellas 33 cl"],"general_information":[],"ingredients":[],"ean":"8594404013374"},{"full_name":"PILSNER URQUELL cerveza rubia checa Kit Degustación 4 botellas 33 cl + Jarra","name":"cerveza rubia checa Kit Degustación 4 botellas 33 cl","brand":"PILSNER URQUELL ","img":"https://sgfm.elcorteingles.es/SGFM/dctm/MEDIA03/201707/17/00118603603285____1__600x600.jpg","price":"7,45 €","price_unit":"(5,64 € / Litro)","categories":["Supermercado","Bebidas","Cervezas","Cervezas","Cerveza rubia importación botella","PILSNER URQUELL cerveza rubia checa Kit Degustación 4 botellas 33 cl + Jarra"],"general_information":[],"ingredients":[],"ean":"8594404012353"},{"full_name":"PILSNER URQUELL cerveza rubia importación checa botella 33 cl","name":"cerveza rubia importación checa botella 33 cl","brand":"PILSNER URQUELL ","img":"https://sgfm.elcorteingles.es/SGFM/dctm/MEDIA03/201602/11/00118603600125____1__600x600.jpg","price":"1,52 €            ","price_unit":"(4,39 € / Litro)","categories":["Supermercado","Bebidas","Cervezas","Cervezas","Cerveza rubia importación botella","PILSNER URQUELL cerveza rubia importación checa botella 33 cl"],"general_information":["Denominación del alimento: Cerveza","País de origen: República Checa","Nombre del operador: Plzenský Prazdroj, a.s.","Dirección del operador: U Prazdroje 7, 304 97 Pilsen, República Checa","Cantidad Neta: 330 Mililitros","Porcentaje de alcohol: 4.4%"],"ingredients":[" agua, malta de cebada, lúpulo"],"ean":"8594404110127"},{"full_name":"SAGRES cerveza rubia portuguesa botella 33 cl","name":"cerveza rubia portuguesa botella 33 cl","brand":"SAGRES ","img":"https://sgfm.elcorteingles.es/SGFM/dctm/MEDIA02/CONTENIDOS/201411/19/00118603602089____1__600x600.jpg","price":"1,10 €","price_unit":"(3,33 € / Litro)","categories":["Supermercado","Bebidas","Cervezas","Cervezas","Cerveza rubia importación botella","SAGRES cerveza rubia portuguesa botella 33 cl"],"general_information":[],"ingredients":[],"ean":"5601146003013"},{"full_name":"SAGRES Radler cerveza rubia con zumo de limón natural botella 33 cl","name":"Radler cerveza rubia con zumo de limón natural botella 33 cl","brand":"SAGRES ","img":"https://sgfm.elcorteingles.es/SGFM//02/73/3/0118603602733/0118603602733000g01011.jpg","price":"1,10 €","price_unit":"(3,33 € / Litro)","categories":["Supermercado","Bebidas","Cervezas","Cervezas","Cerveza rubia importación botella","SAGRES Radler cerveza rubia con zumo de limón natural botella 33 cl"],"general_information":[],"ingredients":[],"ean":"5601146011001"},{"full_name":"SAGRES cerveza rubia portuguesa botella 1 l","name":"cerveza rubia portuguesa botella 1 l","brand":"SAGRES ","img":"https://sgfm.elcorteingles.es/SGFM/02/68/3/0118603602683/0118603602683000g01011.jpg","price":"1,39 €","price_unit":"(1,39 € / Litro)","categories":["Supermercado","Bebidas","Cervezas","Cervezas","Cerveza rubia importación botella","SAGRES cerveza rubia portuguesa botella 1 l"],"general_information":[],"ingredients":[],"ean":"5601146000104"},{"full_name":"SAGRES cerbeza rubia portuguesa lata 33 cl","name":"cerbeza rubia portuguesa lata 33 cl","brand":"SAGRES ","img":"https://sgfm.elcorteingles.es/SGFM/dctm/MEDIA03/201611/21/00118601700836____1__600x600.jpg","price":"1,01 €","price_unit":"(3,06 € / Litro)","categories":["Supermercado","Bebidas","Cervezas","Cervezas","Cerveza rubia importación botella","SAGRES cerbeza rubia portuguesa lata 33 cl"],"general_information":[],"ingredients":[],"ean":"5601146000302"},{"full_name":"DELIRIUM TREMENS cerveza rubia especial belga estuche 4 botellas 33 cl + Copa","name":"cerveza rubia especial belga estuche 4 botellas 33 cl","brand":"DELIRIUM TREMENS ","img":"https://sgfm.elcorteingles.es/SGFM/dctm/MEDIA02/CONTENIDOS/201511/19/00118604101461____1__600x600.jpg","price":"16,95 €","price_unit":"(12,84 € / Litro)","categories":["Supermercado","Bebidas","Cervezas","Cervezas","Cerveza rubia importación botella","DELIRIUM TREMENS cerveza rubia especial belga estuche 4 botellas 33 cl + Copa"],"general_information":[],"ingredients":[],"ean":"5412186000661"},{"full_name":"DELIRIUM TREMENS cerveza rubia especial belga botella 33 cl","name":"cerveza rubia especial belga botella 33 cl","brand":"DELIRIUM TREMENS ","img":"https://sgfm.elcorteingles.es/SGFM/00/43/5/0118602900435/0118602900435000g01011.jpg","price":"2,79 €            ","price_unit":"(8,03 € / Litro)","categories":["Supermercado","Bebidas","Cervezas","Cervezas","Cerveza rubia importación botella","DELIRIUM TREMENS cerveza rubia especial belga botella 33 cl"],"general_information":[],"ingredients":[],"ean":"5412186000098"},{"full_name":"DELIRIUM TREMENS RED cerveza rubia belga botella 33 cl","name":"RED cerveza rubia belga botella 33 cl","brand":"DELIRIUM TREMENS ","img":"https://sgfm.elcorteingles.es/SGFM//00/62/5/0118602900625/0118602900625000g01011.jpg","price":"2,65 €","price_unit":"(8,03 € / Litro)","categories":["Supermercado","Bebidas","Cervezas","Cervezas","Cerveza rubia importación botella","DELIRIUM TREMENS RED cerveza rubia belga botella 33 cl"],"general_information":[],"ingredients":[],"ean":"5412186002436"},{"full_name":"STELLA ARTOIS cerveza rubia lager belga botella 33 cl","name":"cerveza rubia lager belga botella 33 cl","brand":"STELLA ARTOIS ","img":"https://sgfm.elcorteingles.es/SGFM/01/63/6/0118603601636/0118603601636000g01011.jpg","price":"1,09 €","price_unit":"(3,30 € / Litro)","categories":["Supermercado","Bebidas","Cervezas","Cervezas","Cerveza rubia importación botella","STELLA ARTOIS cerveza rubia lager belga botella 33 cl"],"general_information":["Denominación del alimento: CERVEZA","País de origen: Bélgica","Nombre del operador: GMODELO EUROPA SAU","Dirección del operador: c/Aluminio nr 12-Poligono industrial Miralcampo - 19 200 Azuqueca de Henares","Lugar de procedencia del alimento: Bélgica","Cantidad Neta: 33,0 Centilitros","Porcentaje de alcohol: 5,0%"],"ingredients":[" agua (87,3 g/100ml),malta (9,9g/100ml),maiz (2,8g/100ml),lupulo(2mg/100ml)"],"ean":"5410228141266"},{"full_name":"HOFBRÄU MÜNCHEN cerveza rubia alemana Oktoberfest Bier botella 50 cl","name":"cerveza rubia alemana Oktoberfest Bier botella 50 cl","brand":"HOFBRÄU MÜNCHEN ","img":"https://sgfm.elcorteingles.es/SGFM/02/29/5/0118603602295/0118603602295000g01011.jpg","price":"1,49 €","price_unit":"(2,98 € / Litro)","categories":["Supermercado","Bebidas","Cervezas","Cervezas","Cerveza rubia importación botella","HOFBRÄU MÜNCHEN cerveza rubia alemana Oktoberfest Bier botella 50 cl"],"general_information":[],"ingredients":[],"ean":"4005686014163"},{"full_name":"HOFBRÄU MÜNCHEN cerveza rubia original alemana botella 50 cl","name":"cerveza rubia original alemana botella 50 cl","brand":"HOFBRÄU MÜNCHEN ","img":"https://sgfm.elcorteingles.es/SGFM/dctm/MEDIA03/201603/23/00118603602543____1__600x600.jpg","price":"1,49 €","price_unit":"(2,98 € / Litro)","categories":["Supermercado","Bebidas","Cervezas","Cervezas","Cerveza rubia importación botella","HOFBRÄU MÜNCHEN cerveza rubia original alemana botella 50 cl"],"general_information":[],"ingredients":[],"ean":"4005686001095"},{"full_name":"BUDEJOVICKY cerveza rubia checa pack 5 botellas 33 cl + 1 botella gratis","name":"cerveza rubia checa pack 5 botellas 33 cl","brand":"BUDEJOVICKY ","img":"https://sgfm.elcorteingles.es/SGFM/dctm/MEDIA03/201709/15/00118603603293____1__600x600.jpg","price":"6,45 €","price_unit":"(19,55 € / Litro)","categories":["Supermercado","Bebidas","Cervezas","Cervezas","Cerveza rubia importación botella","BUDEJOVICKY cerveza rubia checa pack 5 botellas 33 cl + 1 botella gratis"],"general_information":[],"ingredients":[],"ean":"8594403705959"},{"full_name":"BUDEJOVICKY cerveza rubia checa pack 3 botella 33 cl + Abridor","name":"cerveza rubia checa pack 3 botella 33 cl","brand":"BUDEJOVICKY ","img":"https://sgfm.elcorteingles.es/SGFM/dctm/MEDIA03/201607/19/00118603600026____1__600x600.jpg","price":"3,87 €","price_unit":"(11,73 € / Litro)","categories":["Supermercado","Bebidas","Cervezas","Cervezas","Cerveza rubia importación botella","BUDEJOVICKY cerveza rubia checa pack 3 botella 33 cl + Abridor"],"general_information":[],"ingredients":[],"ean":"8414771854632"},{"full_name":"BUDEJOVICKY cerveza rubia checa Pilsener botella 33 cl","name":"cerveza rubia checa Pilsener botella 33 cl","brand":"BUDEJOVICKY ","img":"https://sgfm.elcorteingles.es/SGFM/00/04/2/0118603600042/0118603600042000g01011.jpg","price":"1,29 €","price_unit":"(3,91 € / Litro)","categories":["Supermercado","Bebidas","Cervezas","Cervezas","Cerveza rubia importación botella","BUDEJOVICKY cerveza rubia checa Pilsener botella 33 cl"],"general_information":["Denominación del alimento: Cerveza","Nombre del operador: Comercial Masoliver S.A.U.","Dirección del operador: Calle Puntia. 18 - 17857 Begudà (Girona) España","Lugar de procedencia del alimento: 203 - República Checa","Cantidad Neta: 330 Mililitros","Porcentaje de alcohol: 5%"],"ingredients":[],"ean":"8594403110128"},{"full_name":"DUVEL cerveza rubia especial belga botella 33 cl","name":"cerveza rubia especial belga botella 33 cl","brand":"DUVEL ","img":"https://sgfm.elcorteingles.es/SGFM/dctm/MEDIA02/CONTENIDOS/201407/21/00118602900427____1__600x600.jpg","price":"2,05 €","price_unit":"(6,21 € / Litro)","categories":["Supermercado","Bebidas","Cervezas","Cervezas","Cerveza rubia importación botella","DUVEL cerveza rubia especial belga botella 33 cl"],"general_information":["Denominación del alimento: Cerveza","Nombre del operador: HIJOS DE RIVERA S.A.U.","Dirección del operador: C/Jose María Rivera Corral nº6 15008 A Coruña","Cantidad Neta: 33,0 Centilitros","Porcentaje de alcohol: 8,5%"],"ingredients":[" Agua, malta de cebada, glucosa, levadura, lúpulo"],"conservation":" Mantener en lugar fresco y seco","ean":"5411681014005"},{"full_name":"SPATEN cerveza rubia alemana botella 50 cl","name":"cerveza rubia alemana botella 50 cl","brand":"SPATEN ","img":"https://sgfm.elcorteingles.es/SGFM/01/83/4/0118603601834/0118603601834000g01011.jpg","price":"1,39 €","price_unit":"(2,78 € / Litro)","categories":["Supermercado","Bebidas","Cervezas","Cervezas","Cerveza rubia importación botella","SPATEN cerveza rubia alemana botella 50 cl"],"general_information":["Denominación del alimento: CERVEZA","País de origen: Alemania","Nombre del operador: GMODELO EUROPA SAU","Dirección del operador: c/Aluminio nr 12-Poligono industrial Miralcampo - 19 200 Azuqueca de Henares","Lugar de procedencia del alimento: Alemania","Cantidad Neta: 0,5 Litros","Porcentaje de alcohol: 5,2%"],"ingredients":[" agua (85%), malta de cebada (15%), extracto de lupulo (0,02%)"],"ean":"4072700001171"},{"full_name":"SPATEN Oktoberfestbier cerveza rubia alemana botella 50 cl","name":"Oktoberfestbier cerveza rubia alemana botella 50 cl","brand":"SPATEN ","img":"https://sgfm.elcorteingles.es/SGFM/02/66/7/0118603602667/0118603602667000g01011.jpg","price":"1,69 €","price_unit":"(3,38 € / Litro)","categories":["Supermercado","Bebidas","Cervezas","Cervezas","Cerveza rubia importación botella","SPATEN Oktoberfestbier cerveza rubia alemana botella 50 cl"],"general_information":["Denominación del alimento: CERVEZA","País de origen: Alemania","Nombre del operador: GMODELO EUROPA SAU","Dirección del operador: c/Aluminio nr 12-Poligono industrial Miralcampo - 19 200 Azuqueca de Henares","Lugar de procedencia del alimento: Alemania","Cantidad Neta: 0.5 Litros","Porcentaje de alcohol: 5.85%"],"ingredients":[" agua (85%), malta de cebada (15%), extracto de lupulo (0,02%)"],"ean":"4072700001089"},{"full_name":"TONGERLO cerveza rubia belga WORLD BEER AWARDS botella 75 cl","name":"cerveza rubia belga WORLD BEER AWARDS botella 75 cl","brand":"TONGERLO ","img":"https://sgfm.elcorteingles.es/SGFM/dctm/MEDIA02/CONTENIDOS/201511/30/00118604101453____1__600x600.jpg","price":"4,99 €","price_unit":"(6,65 € / Litro)","categories":["Supermercado","Bebidas","Cervezas","Cervezas","Cerveza rubia importación botella","TONGERLO cerveza rubia belga WORLD BEER AWARDS botella 75 cl"],"general_information":[],"ingredients":[],"ean":"5410971730489"},{"full_name":"TONGERLO DISCOVERY BOX cerveza belga pack 3 botellas 33 cl + Copa","name":"DISCOVERY BOX cerveza belga pack 3 botellas 33 cl","brand":"TONGERLO ","img":"https://sgfm.elcorteingles.es/SGFM/dctm/MEDIA03/201711/24/00118604101388____8__600x600.jpg","price":"6,95 €","price_unit":"(21,06 € / Litro)","categories":["Supermercado","Bebidas","Cervezas","Cervezas","Cerveza rubia importación botella","TONGERLO DISCOVERY BOX cerveza belga pack 3 botellas 33 cl + Copa"],"general_information":[],"ingredients":[],"ean":"5410971025288"},{"full_name":"JUDAS exótica cerveza rubia belga botella 33 cl","name":"exótica cerveza rubia belga botella 33 cl","brand":"JUDAS ","img":"https://sgfm.elcorteingles.es/SGFM/00/49/2/0118602900492/0118602900492000g01011.jpg","price":"1,68 €            ","price_unit":"(5 € / Litro)","categories":["Supermercado","Bebidas","Cervezas","Cervezas","Cerveza rubia importación botella","JUDAS exótica cerveza rubia belga botella 33 cl"],"general_information":["Denominación del alimento: Cerveza Extra","País de origen: Bélgica","Nombre del operador: Heineken España S.A.","Dirección del operador: Av. De Andalucia 1 - 41007 Sevilla","Cantidad Neta: 33 Centilitros","Porcentaje de alcohol: 8.5%"],"ingredients":[" Agua, malta de cebada, lúpulo, jarabe de dextrosa. Este producto se elabora con malta de cebada. Contiene gluten"],"conservation":" Conservar el producto en un lugar limpio, seco y bien ventilado, protegido de la lluvia y alejado de otros productos, alimenticios o no, que puedan impartirle olores o sabores extraños. Almacenar preferiblemente entre 5° y 15°C, evitando temperaturas superiores a 25°C. Evitar exposiciones directas a la luz del sol o fuentes de calor. No congelar el producto.","ean":"0000054055049"},{"full_name":"TRIPEL KARMELIET cerveza rubia belga botella 33 cl","name":"cerveza rubia belga botella 33 cl","brand":"TRIPEL KARMELIET ","img":"https://sgfm.elcorteingles.es/SGFM//00/60/9/0118602900609/0118602900609000g01011.jpg","price":"2,25 €","price_unit":"(6,82 € / Litro)","categories":["Supermercado","Bebidas","Cervezas","Cervezas","Cerveza rubia importación botella","TRIPEL KARMELIET cerveza rubia belga botella 33 cl"],"general_information":[],"ingredients":[],"ean":"0000054050082"},{"full_name":"TRIPEL KARMELIT cerveza rubia belga pack 4 botellas 33 cl","name":"cerveza rubia belga pack 4 botellas 33 cl","brand":"TRIPEL KARMELIT ","img":"https://sgfm.elcorteingles.es/SGFM/01/16/4/0118604101164/0118604101164000g01011.jpg","price":"15,95 €","price_unit":"(48,33 € / Litro)","categories":["Supermercado","Bebidas","Cervezas","Cervezas","Cerveza rubia importación botella","TRIPEL KARMELIT cerveza rubia belga pack 4 botellas 33 cl"],"general_information":[],"ingredients":[],"ean":"5410693100492"},{"full_name":"KWAK cerveza belga Ale pack 4 botellas 33 cl","name":"cerveza belga Ale pack 4 botellas 33 cl","brand":"KWAK ","img":"https://sgfm.elcorteingles.es/SGFM/dctm/MEDIA03/201711/24/00118604101172____1__600x600.jpg","price":"21,95 €","price_unit":"(66,52 € / Litro)","categories":["Supermercado","Bebidas","Cervezas","Cervezas","Cerveza rubia importación botella","KWAK cerveza belga Ale pack 4 botellas 33 cl"],"general_information":[],"ingredients":[],"ean":"0240117493931"},{"full_name":"KWAK cerveza rubia belga botella 33 cl","name":"cerveza rubia belga botella 33 cl","brand":"KWAK ","img":"https://sgfm.elcorteingles.es/SGFM/00/48/3/0200502900483/0200502900483000g01011.jpg","price":"2,15 €","price_unit":"(6,52 € / Litro)","categories":["Supermercado","Bebidas","Cervezas","Cervezas","Cerveza rubia importación botella","KWAK cerveza rubia belga botella 33 cl"],"general_information":[],"ingredients":[],"ean":"0000054050051"},{"full_name":"GRIMBERGEN Double cerveza rubia belga botella 75 cl","name":"Double cerveza rubia belga botella 75 cl","brand":"GRIMBERGEN ","img":"https://sgfm.elcorteingles.es/SGFM/dctm/MEDIA03/201711/24/00118602900658____6__600x600.jpg","price":"3,95 €","price_unit":"(5,27 € / Litro)","categories":["Supermercado","Bebidas","Cervezas","Cervezas","Cerveza rubia importación botella","GRIMBERGEN Double cerveza rubia belga botella 75 cl"],"general_information":["Denominación del alimento: CERVEZA","Nombre del operador: MAHOU, S.A.","Dirección del operador: Calle Titan, 15  28045  Madrid","Cantidad Neta: 0.75 Litros","Porcentaje de alcohol: 6.5%"],"ingredients":[" Agua, Malta de Cebada, Jarabe de Glucosa, Caramelo Aromatico, Colorante: caramelo, Extracto de Lupulo"],"ean":"3080216043562"},{"full_name":"GRIMBERGEN Blonde cerveza rubia belga botella 33 cl","name":"Blonde cerveza rubia belga botella 33 cl","brand":"GRIMBERGEN ","img":"https://sgfm.elcorteingles.es/SGFM/dctm/MEDIA03/201607/08/00118602900484____1__600x600.jpg","price":"1,49 €","price_unit":"(4,52 € / Litro)","categories":["Supermercado","Bebidas","Cervezas","Cervezas","Cerveza rubia importación botella","GRIMBERGEN Blonde cerveza rubia belga botella 33 cl"],"general_information":["Denominación del alimento: CERVEZA","Nombre del operador: MAHOU, S.A.","Dirección del operador: Calle Titan, 15  28045  Madrid","Cantidad Neta: 0.33 Litros","Porcentaje de alcohol: 6.7%"],"ingredients":[" Agua, Malta de Cebada, Jarabe de Glucosa, Malta de Trigo, Caramelo aromatico, Colorante: caramelo, Extracto de Lupulo"],"ean":"3080216034508"},{"full_name":"SOL cerveza rubia mejicana botella 33 cl","name":"cerveza rubia mejicana botella 33 cl","brand":"SOL ","img":"https://sgfm.elcorteingles.es/SGFM/00/21/6/0118603600216/0118603600216000g01011.jpg","price":"1,20 €","price_unit":"(3,64 € / Litro)","categories":["Supermercado","Bebidas","Cervezas","Cervezas","Cerveza rubia importación botella","SOL cerveza rubia mejicana botella 33 cl"],"general_information":["Denominación del alimento: Cerveza","País de origen: Países Bajos","Nombre del operador: Heineken España S.A.","Dirección del operador: Av. De Andalucia 1 - 41007 Sevilla","Cantidad Neta: 33 Centilitros","Porcentaje de alcohol: 4.5%"],"ingredients":[" Agua, malta de cebada, jarabe con alto contenido en maltosa y lúpulo. Este producto se elabora con malta de cebada. Contiene gluten"],"conservation":" Conservar el producto en un lugar limpio, seco y bien ventilado, protegido de la lluvia y alejado de otros productos, alimenticios o no, que puedan impartirle olores o sabores extraños. Almacenar preferiblemente entre 5° y 15°C, evitando temperaturas superiores a 25°C. Evitar exposiciones directas a la luz del sol o fuentes de calor. No congelar el producto.","ean":"0000075001629"},{"full_name":"BECK'S cerveza rubia alemana botella 50 cl","name":"cerveza rubia alemana botella 50 cl","brand":"BECK'S ","img":"https://sgfm.elcorteingles.es/SGFM/dctm/MEDIA03/201602/15/00118603603103____2__600x600.jpg","price":"1,34 €","price_unit":"(2,68 € / Litro)","categories":["Supermercado","Bebidas","Cervezas","Cervezas","Cerveza rubia importación botella","BECK'S cerveza rubia alemana botella 50 cl"],"general_information":[],"ingredients":[],"ean":"0000042061939"},{"full_name":"WELTENBURGER Kloster Anno 1050 cerveza rubia alemana de monasterio botella 50 cl","name":"Kloster Anno 1050 cerveza rubia alemana de monasterio botella 50 cl","brand":"WELTENBURGER ","img":"https://sgfm.elcorteingles.es/SGFM/dctm/MEDIA03/201603/23/00118603601115____1__600x600.jpg","price":"1,60 €","price_unit":"(3,20 € / Litro)","categories":["Supermercado","Bebidas","Cervezas","Cervezas","Cerveza rubia importación botella","WELTENBURGER Kloster Anno 1050 cerveza rubia alemana de monasterio botella 50 cl"],"general_information":[],"ingredients":[],"ean":"4010223014315"},{"full_name":"WELTENBURGER Winter-Traum cerveza rubia alemana botella 50 cl","name":"Winter-Traum cerveza rubia alemana botella 50 cl","brand":"WELTENBURGER ","img":"https://sgfm.elcorteingles.es/SGFM/dctm/MEDIA03/201711/24/00118603602923____2__600x600.jpg","price":"1,49 €            ","price_unit":"(1,98 € / Litro)","categories":["Supermercado","Bebidas","Cervezas","Cervezas","Cerveza rubia importación botella","WELTENBURGER Winter-Traum cerveza rubia alemana botella 50 cl"],"general_information":[],"ingredients":[],"ean":"4010223012519"},{"full_name":"PRAGA 1784 Premium Pils autentica cerveza rubia checa botella 50 cl","name":"1784 Premium Pils autentica cerveza rubia checa botella 50 cl","brand":"PRAGA ","img":"https://sgfm.elcorteingles.es/SGFM/02/05/5/0118603602055/0118603602055000g01011.jpg","price":"1,28 €","price_unit":"(2,56 € / Litro)","categories":["Supermercado","Bebidas","Cervezas","Cervezas","Cerveza rubia importación botella","PRAGA 1784 Premium Pils autentica cerveza rubia checa botella 50 cl"],"general_information":[],"ingredients":[],"ean":"8593870001472"},{"full_name":"PACIFICO cerveza rubia mejicana botella 35,5 cl","name":"cerveza rubia mejicana botella 35,5 cl","brand":"PACIFICO ","img":"https://sgfm.elcorteingles.es/SGFM/00/73/7/0118603600737/0118603600737000g01011.jpg","price":"1,27 €","price_unit":"(3,58 € / Litro)","categories":["Supermercado","Bebidas","Cervezas","Cervezas","Cerveza rubia importación botella","PACIFICO cerveza rubia mejicana botella 35,5 cl"],"general_information":["Denominación del alimento: CERVEZA","País de origen: México","Nombre del operador: GMODELO EUROPA SAU","Dirección del operador: c/Aluminio nr 12-Poligono industrial Miralcampo - 19 200 Azuqueca de Henares","Lugar de procedencia del alimento: México","Cantidad Neta: 35.5 Centilitros","Porcentaje de alcohol: 4.5%"],"ingredients":[" agua, malta de cebada (60%), arroz y/o maíz (40%), lupulo (hasta 18 unidades de amargor), levadura, enzima proteolitica, ácido ascórbico (como antioxidante), alginato de propelin glicol (como estabilizador de espuma)"],"ean":"0000075031596"},{"full_name":"LOWENBRÄU cerveza rubia alemana botella 33 cl","name":"cerveza rubia alemana botella 33 cl","brand":"LOWENBRÄU ","img":"https://sgfm.elcorteingles.es/SGFM/dctm/MEDIA02/CONTENIDOS/201509/10/00118603603079____1__600x600.jpg","price":"1,35 €            ","price_unit":"(3,91 € / Litro)","categories":["Supermercado","Bebidas","Cervezas","Cervezas","Cerveza rubia importación botella","LOWENBRÄU cerveza rubia alemana botella 33 cl"],"general_information":["Denominación del alimento: CERVEZA","País de origen: Alemania","Nombre del operador: GMODELO EUROPA SAU","Dirección del operador: c/Aluminio nr 12-Poligono industrial Miralcampo - 19 200 Azuqueca de Henares","Lugar de procedencia del alimento: Alemania","Cantidad Neta: 33 Centilitros","Porcentaje de alcohol: 5.2%"],"ingredients":[" agua,malta de cebada,lupulo"],"ean":"0000040786186"},{"full_name":"STAROPRAMEN Premium cerveza rubia lager checa pack 4 botellas 33 cl + Vaso","name":"Premium cerveza rubia lager checa pack 4 botellas 33 cl","brand":"STAROPRAMEN ","img":"https://sgfm.elcorteingles.es/SGFM/02/49/3/0118603602493/0118603602493000g01011.jpg","price":"6,95 €","price_unit":"(5,27 € / Litro)","categories":["Supermercado","Bebidas","Cervezas","Cervezas","Cerveza rubia importación botella","STAROPRAMEN Premium cerveza rubia lager checa pack 4 botellas 33 cl + Vaso"],"general_information":["Denominación del alimento: Cerveza","Nombre del operador: Pivovary Staropramen s.r.o.","Dirección del operador: Nádrazní 84, 150 00 Praha 5, Czech Republic","Porcentaje de alcohol: 5,0%"],"ingredients":[" Agua, malta de cebada, cebada, jarabe de maltosa, lúpulo, extracto de lúpulo"],"conservation":" Proteger de la luz directa del sol y de las heladas","ean":"8593868002900"},{"full_name":"STAROPRAMEN Pils cerveza rubia checa botella 33 cl","name":"Pils cerveza rubia checa botella 33 cl","brand":"STAROPRAMEN ","img":"https://sgfm.elcorteingles.es/SGFM/02/17/0/0118603602170/0118603602170000g01011.jpg","price":"1,21 €","price_unit":"(3,67 € / Litro)","categories":["Supermercado","Bebidas","Cervezas","Cervezas","Cerveza rubia importación botella","STAROPRAMEN Pils cerveza rubia checa botella 33 cl"],"general_information":["Denominación del alimento: Cerveza","Nombre del operador: Pivovary Staropramen s.r.o.","Dirección del operador: Nádrazní 84, 150 00 Praha 5, Czech Republic","Porcentaje de alcohol: 5.0%"],"ingredients":[" Contiene malta de cebada, cebada"],"conservation":"Modo de empleo: Servir fría","ean":"8593868110193"},{"full_name":"WARSTEINER Premium Verum cerveza rubia alemana botella 33 cl","name":"Premium Verum cerveza rubia alemana botella 33 cl","brand":"WARSTEINER ","img":"https://sgfm.elcorteingles.es/SGFM/dctm/MEDIA03/201706/22/00118603602014____1__600x600.jpg","price":"1,30 €","price_unit":"(3,94 € / Litro)","categories":["Supermercado","Bebidas","Cervezas","Cervezas","Cerveza rubia importación botella","WARSTEINER Premium Verum cerveza rubia alemana botella 33 cl"],"general_information":["Denominación del alimento: CERVEZA","Nombre del operador: MAHOU, S.A.","Dirección del operador: Calle Titan, 15  28045  Madrid","Cantidad Neta: 0.33 Litros","Porcentaje de alcohol: 4.8%"],"ingredients":[" Agua, Malta de Cebada, Extracto de Lúpulo"],"ean":"4000856054529"},{"full_name":"QUILMES cerveza rubia Argentina botella 35,5 cl","name":"cerveza rubia Argentina botella 35,5 cl","brand":"QUILMES ","img":"https://sgfm.elcorteingles.es/SGFM/00/61/2/0118603600612/0118603600612000g01011.jpg","price":"0,99 €","price_unit":"(2,91 € / Litro)","categories":["Supermercado","Bebidas","Cervezas","Cervezas","Cerveza rubia importación botella","QUILMES cerveza rubia Argentina botella 35,5 cl"],"general_information":["Denominación del alimento: Cerveza","País de origen: Argentina","Nombre del operador: Frutapac, S.A.","Dirección del operador: Muntaner, 374, 5º, 08006 Barcelona","Porcentaje de alcohol: 4,9%"],"ingredients":[" Agua, malta de cebada, cereales adjuntos, lúpulo, antioxidante E224"],"ean":"7792798007547"},{"full_name":"BREWDOG Punk Ipa cerveza rubia escocesa pack 2 botellas 33 cl + Copa","name":"Punk Ipa cerveza rubia escocesa pack 2 botellas 33 cl","brand":"BREWDOG ","img":"https://sgfm.elcorteingles.es/SGFM/dctm/MEDIA03/201711/24/00118603002140____2__600x600.jpg","price":"8,25 €","price_unit":"(12,50 € / Litro)","categories":["Supermercado","Bebidas","Cervezas","Cervezas","Cerveza rubia importación botella","BREWDOG Punk Ipa cerveza rubia escocesa pack 2 botellas 33 cl + Copa"],"general_information":[],"ingredients":[],"ean":"5056025403604"},{"full_name":"BALTIKA 3 cerveza rubia de Rusia botella 50 cl","name":"3 cerveza rubia de Rusia botella 50 cl","brand":"BALTIKA ","img":"https://sgfm.elcorteingles.es/SGFM/dctm/MEDIA03/201703/24/00118603603236____1__600x600.jpg","price":"1,50 €","price_unit":"(3 € / Litro)","categories":["Supermercado","Bebidas","Cervezas","Cervezas","Cerveza rubia importación botella","BALTIKA 3 cerveza rubia de Rusia botella 50 cl"],"general_information":[],"ingredients":[],"ean":"4600682000037"},{"full_name":"BALTIKA 9 Extra cerveza rubia Lager de Rusia botella 45 cl","name":"9 Extra cerveza rubia Lager de Rusia botella 45 cl","brand":"BALTIKA ","img":"https://sgfm.elcorteingles.es/SGFM/00/09/4/0118650100094/0118650100094000g01011.jpg","price":"1,44 €","price_unit":"(3,20 € / Litro)","categories":["Supermercado","Bebidas","Cervezas","Cervezas","Cerveza rubia importación botella","BALTIKA 9 Extra cerveza rubia Lager de Rusia botella 45 cl"],"general_information":[],"ingredients":[],"ean":"4600682011903"},{"full_name":"BALTIKA 5 cerveza rubia clara de Rusia botella 50 cl","name":"5 cerveza rubia clara de Rusia botella 50 cl","brand":"BALTIKA ","img":"https://sgfm.elcorteingles.es/SGFM/02/59/2/0118603602592/0118603602592000g01011.jpg","price":"1,66 €","price_unit":"(3,32 € / Litro)","categories":["Supermercado","Bebidas","Cervezas","Cervezas","Cerveza rubia importación botella","BALTIKA 5 cerveza rubia clara de Rusia botella 50 cl"],"general_information":[],"ingredients":[],"ean":"4600682011507"},{"full_name":"BALTIKA 7 cerveza rubia Premium Lager rusa botella 50 cl","name":"7 cerveza rubia Premium Lager rusa botella 50 cl","brand":"BALTIKA ","img":"https://sgfm.elcorteingles.es/SGFM/dctm/MEDIA02/CONTENIDOS/201407/21/00118650100086____1__600x600.jpg","price":"1,19 €","price_unit":"(2,38 € / Litro)","categories":["Supermercado","Bebidas","Cervezas","Cervezas","Cerveza rubia importación botella","BALTIKA 7 cerveza rubia Premium Lager rusa botella 50 cl"],"general_information":["Denominación del alimento: Cerveza","País de origen: Rusia","Nombre del operador: Moscow Delicatessen","Dirección del operador: Polígono Com. Nueva Campana, s/n - 29660 Nueva Andalucía, Marbella (Málaga)","Lugar de procedencia del alimento: Rusia","Cantidad Neta: 0.2 Litros","Porcentaje de alcohol: 5.4%","Otras menciones obligatorias en la etiqueta: 5,4 % alc."],"ingredients":[" Agua, malta de cebada, extracto de malta, cebada, lúpulo."],"conservation":" Conservar en un lugar oscuro a temperatura de 0ºC a 30ºC.","ean":"4600682511014"},{"full_name":"KIRIN ICHIBAN Premium Press cerveza rubia lager japonesa botella 33 cl","name":"Premium Press cerveza rubia lager japonesa botella 33 cl","brand":"KIRIN ICHIBAN ","img":"https://sgfm.elcorteingles.es/SGFM/02/47/7/0118603602477/0118603602477000g01011.jpg","price":"1,32 €","price_unit":"(4 € / Litro)","categories":["Supermercado","Bebidas","Cervezas","Cervezas","Cerveza rubia importación botella","KIRIN ICHIBAN Premium Press cerveza rubia lager japonesa botella 33 cl"],"general_information":["Denominación del alimento: Cerveza","Nombre del operador: Bay. Staatsbrauerei Weihenstephan 85354 Freising, Germany for and under licence from Kirin Europe GmbH","Dirección del operador: Louise-Dumont-STR.31, 40211 Dusseldorf, Germany","Cantidad Neta: 33 Centilitros","Porcentaje de alcohol: 5%"],"ingredients":[" Agua, malta de cebada, lúpulo"],"ean":"4260134390019"},{"full_name":"MARTIN'S cerveza belga IPA y Pale Ale pack 2 botellas 33 cl","name":"cerveza belga IPA y Pale Ale pack 2 botellas 33 cl","brand":"MARTIN'S ","img":"https://sgfm.elcorteingles.es/SGFM/dctm/MEDIA03/201712/13/00118603603426____1__600x600.jpg","price":"9,55 €","categories":["Supermercado","Bebidas","Cervezas","Cervezas","Cerveza rubia importación botella","MARTIN'S cerveza belga IPA y Pale Ale pack 2 botellas 33 cl"],"general_information":[],"ingredients":[],"ean":"8437005342064"},{"full_name":"MARTIN'S IPA cerveza rubia belga botella 33 cl","name":"IPA cerveza rubia belga botella 33 cl","brand":"MARTIN'S ","img":"https://sgfm.elcorteingles.es/SGFM/02/53/5/0118603602535/0118603602535000g01011.jpg","price":"2,19 €","price_unit":"(6,64 € / Litro)","categories":["Supermercado","Bebidas","Cervezas","Cervezas","Cerveza rubia importación botella","MARTIN'S IPA cerveza rubia belga botella 33 cl"],"general_information":[],"ingredients":[],"ean":"5410218002515"},{"full_name":"KROMBACHER cerveza rubia alemana botella 33 cl","name":"cerveza rubia alemana botella 33 cl","brand":"KROMBACHER ","img":"https://sgfm.elcorteingles.es/SGFM/01/64/4/0118603601644/0118603601644000g01011.jpg","price":"0,82 €","price_unit":"(2,48 € / Litro)","categories":["Supermercado","Bebidas","Cervezas","Cervezas","Cerveza rubia importación botella","KROMBACHER cerveza rubia alemana botella 33 cl"],"general_information":["Denominación del alimento: Cerveza","Nombre del operador: Krombacher Brauerei","Dirección del operador: D-57215 Kreuztal, Germany / Alemania","Porcentaje de alcohol: 4.8%"],"ingredients":[" Agua, malta de cebada, lúpulo, extracto de lúpulo"],"ean":"4008287058222"},{"full_name":"INNIS & GUNN ORIGINAL cerveza rubia escocesa botella 33 cl","name":"ORIGINAL cerveza rubia escocesa botella 33 cl","brand":"INNIS & GUNN ","img":"https://sgfm.elcorteingles.es/SGFM/02/64/2/0118603602642/0118603602642000g01011.jpg","price":"1,80 €","price_unit":"(5,45 € / Litro)","categories":["Supermercado","Bebidas","Cervezas","Cervezas","Cerveza rubia importación botella","INNIS & GUNN ORIGINAL cerveza rubia escocesa botella 33 cl"],"general_information":["Denominación del alimento: Cerveza","Nombre del operador: Innis & Gunn","Dirección del operador: 6 Randolph Crescent, Edinburgh, EH3 7TH","Porcentaje de alcohol: 6,6%"],"ingredients":[" Contiene Cebada Malteada y Trigo"],"ean":"5010327658544"},{"full_name":"INNIS & GUNN RUM FINISH cerveza escocesa tipo Ale botella 33 cl","name":"RUM FINISH cerveza escocesa tipo Ale botella 33 cl","brand":"INNIS & GUNN ","img":"https://sgfm.elcorteingles.es/SGFM/02/65/9/0118603602659/0118603602659000g01011.jpg","price":"1,80 €","price_unit":"(5,45 € / Litro)","categories":["Supermercado","Bebidas","Cervezas","Cervezas","Cerveza rubia importación botella","INNIS & GUNN RUM FINISH cerveza escocesa tipo Ale botella 33 cl"],"general_information":["Denominación del alimento: Cerveza","Nombre del operador: Innis & Gunn","Dirección del operador: 6 Randolph Crescent, Edinburgh, EH3 7TH","Porcentaje de alcohol: 6,8%"],"ingredients":[" Contiene Cebada Malteada y Trigo"],"ean":"5060190560741"},{"full_name":"GORDON Finest Gold cerveza rubia belga botella 33 cl","name":"Finest Gold cerveza rubia belga botella 33 cl","brand":"GORDON ","img":"https://sgfm.elcorteingles.es/SGFM/00/55/9/0118602900559/0118602900559000g01011.jpg","price":"2,04 €","price_unit":"(6,18 € / Litro)","categories":["Supermercado","Bebidas","Cervezas","Cervezas","Cerveza rubia importación botella","GORDON Finest Gold cerveza rubia belga botella 33 cl"],"general_information":[],"ingredients":[],"ean":"5410218442045"},{"full_name":"GORDON Finest Scoth Highland cerveza rubia tipo Ale botella 33 cl","name":"Finest Scoth Highland cerveza rubia tipo Ale botella 33 cl","brand":"GORDON ","img":"https://sgfm.elcorteingles.es/SGFM/dctm/MEDIA03/201703/28/00118607900943____1__600x600.jpg","price":"2,75 €","price_unit":"(8,33 € / Litro)","categories":["Supermercado","Bebidas","Cervezas","Cervezas","Cerveza rubia importación botella","GORDON Finest Scoth Highland cerveza rubia tipo Ale botella 33 cl"],"general_information":[],"ingredients":[],"ean":"0000054004009"},{"full_name":"ZYWIEC cerveza rubia polaca Pilsen botella 50 cl","name":"cerveza rubia polaca Pilsen botella 50 cl","brand":"ZYWIEC ","img":"https://sgfm.elcorteingles.es/SGFM/02/21/2/0118603602212/0118603602212000g01011.jpg","price":"1,97 €","price_unit":"(3,94 € / Litro)","categories":["Supermercado","Bebidas","Cervezas","Cervezas","Cerveza rubia importación botella","ZYWIEC cerveza rubia polaca Pilsen botella 50 cl"],"general_information":["Denominación del alimento: Cerveza","Nombre del operador: Comercial Masoliver S.A.U.","Dirección del operador: Calle Puntia. 18 - 17857 Begudà (Girona) España","Lugar de procedencia del alimento: 616 - Polonia","Cantidad Neta: 500 Mililitros","Porcentaje de alcohol: 5.6%"],"ingredients":[],"ean":"5901559951841"},{"full_name":"TYSKIE Grand Prix cerveza rubia polaca botella 50 cl","name":"Grand Prix cerveza rubia polaca botella 50 cl","brand":"TYSKIE ","img":"https://sgfm.elcorteingles.es/SGFM/dctm/MEDIA03/201710/10/00118603603335____1__600x600.jpg","price":"1,59 €","categories":["Supermercado","Bebidas","Cervezas","Cervezas","Cerveza rubia importación botella","TYSKIE Grand Prix cerveza rubia polaca botella 50 cl"],"general_information":["Denominación del alimento: Cerveza","Nombre del operador: Sabmiller brands Europe, A.S.","Dirección del operador: Nuria, 59, Planta 2, Local C 28034 Madrid","Cantidad Neta: 500 Mililitros","Porcentaje de alcohol: 5.6%"],"ingredients":[" Agua, malta de cebada, lúpulo."],"conservation":" Conservar en frío","ean":"5901359062013"},{"full_name":"BIRRA MORETTI cerveza rubia importación italiana botella 33 cl","name":"cerveza rubia importación italiana botella 33 cl","brand":"BIRRA MORETTI ","img":"https://sgfm.elcorteingles.es/SGFM/01/12/3/0118604101123/0118604101123000g01011.jpg","price":"0,92 €","price_unit":"(2,79 € / Litro)","categories":["Supermercado","Bebidas","Cervezas","Cervezas","Cerveza rubia importación botella","BIRRA MORETTI cerveza rubia importación italiana botella 33 cl"],"general_information":["Denominación del alimento: Cerveza","País de origen: Italia","Nombre del operador: Heineken España S.A.","Dirección del operador: Av. De Andalucia 1 - 41007 Sevilla","Cantidad Neta: 33 Centilitros","Porcentaje de alcohol: 4.6%"],"ingredients":[" Agua, malta de cebada, maíz y lúpulo. Este producto se elabora con malta de cebada. Contiene gluten"],"conservation":" Conservar el producto en un lugar limpio, seco y bien ventilado, protegido de la lluvia y alejado de otros productos, alimenticios o no, que puedan impartirle olores o sabores extraños. Almacenar preferiblemente entre 5° y 15°C, evitando temperaturas superiores a 25°C. Evitar exposiciones directas a la luz del sol o fuentes de calor. No congelar el producto.","ean":"8001435310018"},{"full_name":"MOLINO VIEJO cerveza rubia rusa botella 50 cl","name":"cerveza rubia rusa botella 50 cl","brand":"MOLINO VIEJO ","img":"https://sgfm.elcorteingles.es/SGFM/dctm/MEDIA02/CONTENIDOS/201512/21/00118603603087____1__600x600.jpg","price":"1,72 €","price_unit":"(3,44 € / Litro)","categories":["Supermercado","Bebidas","Cervezas","Cervezas","Cerveza rubia importación botella","MOLINO VIEJO cerveza rubia rusa botella 50 cl"],"general_information":[],"ingredients":[],"ean":"4605622003314"},{"full_name":"SCHLAPPE-SEPPEL Special cerveza rubia alemana botella 33 cl","name":"Special cerveza rubia alemana botella 33 cl","brand":"SCHLAPPE-SEPPEL ","img":"https://sgfm.elcorteingles.es/SGFM/dctm/MEDIA03/201703/24/00118603602204____1__600x600.jpg","price":"1,97 €","price_unit":"(5,97 € / Litro)","categories":["Supermercado","Bebidas","Cervezas","Cervezas","Cerveza rubia importación botella","SCHLAPPE-SEPPEL Special cerveza rubia alemana botella 33 cl"],"general_information":["Denominación del alimento: CERVEZA SCHLAPPESEPPEL SPECIAL- Clara (5,6%)","Nombre del operador: Casa Westfalia, S.A.","Dirección del operador: C/ Dels Roures 4, Polígono Industrial V2 - 17111 Vulpellac (Girona)","Cantidad Neta: 330 Mililitros","Porcentaje de alcohol: 5.6%"],"ingredients":[" Agua, malta de cebada, lúpulo, extracto de lúpulo. Grau Plató: 12,24"],"conservation":" Mantener en lugar fresco y seco","ean":"4102250003728"},{"full_name":"LA TRAPPE ISID'OR cerveza rubia holandesa traprense botella 75 cl","name":"ISID'OR cerveza rubia holandesa traprense botella 75 cl","brand":"LA TRAPPE ","img":"https://sgfm.elcorteingles.es/SGFM/dctm/MEDIA02/CONTENIDOS/201412/11/00118604101446____1__600x600.jpg","price":"5,45 €","price_unit":"(7,27 € / Litro)","categories":["Supermercado","Bebidas","Cervezas","Cervezas","Cerveza rubia importación botella","LA TRAPPE ISID'OR cerveza rubia holandesa traprense botella 75 cl"],"general_information":[],"ingredients":[],"ean":"8711406136775"},{"full_name":"ADLER KONIG URTYP HELL cerveza rubia alemana jarra 2 l de cerámica","name":"URTYP HELL cerveza rubia alemana jarra 2 l","brand":"ADLER KONIG ","img":"https://sgfm.elcorteingles.es/SGFM/dctm/MEDIA03/201711/24/00118603701493____2__600x600.jpg","price":"24,95 €","price_unit":"(12,48 € / Litro)","categories":["Supermercado","Bebidas","Cervezas","Cervezas","Cerveza rubia importación botella","ADLER KONIG URTYP HELL cerveza rubia alemana jarra 2 l de cerámica"],"general_information":[],"ingredients":[],"ean":"4250693101614"},{"full_name":"COBRA cerveza rubia Premium India botella 33 cl","name":"cerveza rubia Premium India botella 33 cl","brand":"COBRA ","img":"https://sgfm.elcorteingles.es/SGFM/00/90/1/0118603600901/0118603600901000g01011.jpg","price":"1,45 €","price_unit":"(4,39 € / Litro)","categories":["Supermercado","Bebidas","Cervezas","Cervezas","Cerveza rubia importación botella","COBRA cerveza rubia Premium India botella 33 cl"],"general_information":[],"ingredients":[],"ean":"5010038100295"},{"full_name":"SCHWABEN BRÄU DAS Helle cerveza rubia alemana botella 50 cl","name":"Helle cerveza rubia alemana botella 50 cl","brand":"SCHWABEN BRÄU DAS ","img":"https://sgfm.elcorteingles.es/SGFM/01/97/4/0118603601974/0118603601974000g01011.jpg","price":"2,48 €","price_unit":"(4,96 € / Litro)","categories":["Supermercado","Bebidas","Cervezas","Cervezas","Cerveza rubia importación botella","SCHWABEN BRÄU DAS Helle cerveza rubia alemana botella 50 cl"],"general_information":["Denominación del alimento: Cerveza","Nombre del operador: Dinkelacker-Schwaben Bräu GmbH & Co. KG","Dirección del operador: D-70178 Stuttgart/Germany","Porcentaje de alcohol: 5.0%"],"ingredients":[" Agua, malta de cebada, lúpulo"],"conservation":" Mantener en lugar fresco y seco.","ean":"4007606103025"},{"full_name":"SUPERBOCK cerveza rubia portuguesa botella 33 cl","name":"cerveza rubia portuguesa botella 33 cl","brand":"SUPERBOCK ","img":"https://sgfm.elcorteingles.es/SGFM/dctm/MEDIA03/201602/08/00118603603004____1__600x600.jpg","price":"0,80 €","price_unit":"(2,42 € / Litro)","categories":["Supermercado","Bebidas","Cervezas","Cervezas","Cerveza rubia importación botella","SUPERBOCK cerveza rubia portuguesa botella 33 cl"],"general_information":[],"ingredients":[],"ean":"0000056090727"},{"full_name":"SUPERBOCK Abadía cerveza rubia portuguesa botella 33 cl","name":"Abadía cerveza rubia portuguesa botella 33 cl","brand":"SUPERBOCK ","img":"https://sgfm.elcorteingles.es/SGFM/dctm/MEDIA03/201602/08/00118603603012____1__600x600.jpg","price":"0,71 €","price_unit":"(2,15 € / Litro)","categories":["Supermercado","Bebidas","Cervezas","Cervezas","Cerveza rubia importación botella","SUPERBOCK Abadía cerveza rubia portuguesa botella 33 cl"],"general_information":[],"ingredients":[],"ean":"0000056004854"},{"full_name":"BISCHOFSHOF Hefe-Weissbier Hell cerveza rubia de trigo alemana botella 50 cl","name":"Hefe-Weissbier Hell cerveza rubia de trigo alemana botella 50 cl","brand":"BISCHOFSHOF ","img":"https://sgfm.elcorteingles.es/SGFM/dctm/MEDIA02/CONTENIDOS/201411/19/00118606000687____1__600x600.jpg","price":"1,25 €","price_unit":"(2,50 € / Litro)","categories":["Supermercado","Bebidas","Cervezas","Cervezas","Cerveza de trigo","BISCHOFSHOF Hefe-Weissbier Hell cerveza rubia de trigo alemana botella 50 cl"],"general_information":[],"ingredients":[],"ean":"4010223001711"},{"full_name":"BISCHOFSHOF Altvater cerveza rubia de trigo botella 50 cl","name":"Altvater cerveza rubia de trigo botella 50 cl","brand":"BISCHOFSHOF ","img":"https://sgfm.elcorteingles.es/SGFM/dctm/MEDIA03/201607/26/00118606001149____1__600x600.jpg","price":"1,60 €","price_unit":"(3,20 € / Litro)","categories":["Supermercado","Bebidas","Cervezas","Cervezas","Cerveza de trigo","BISCHOFSHOF Altvater cerveza rubia de trigo botella 50 cl"],"general_information":[],"ingredients":[],"ean":"4010223002190"},{"full_name":"BISCHOFSHOF Hefe-Weissbier Dunkel cerveza negra de trigo alemana botella 50 cl","name":"Hefe-Weissbier Dunkel cerveza negra de trigo alemana botella 50 cl","brand":"BISCHOFSHOF ","img":"https://sgfm.elcorteingles.es/SGFM/dctm/MEDIA02/CONTENIDOS/201411/19/00118606000695____1__600x600.jpg","price":"1,25 €","price_unit":"(2,50 € / Litro)","categories":["Supermercado","Bebidas","Cervezas","Cervezas","Cerveza de trigo","BISCHOFSHOF Hefe-Weissbier Dunkel cerveza negra de trigo alemana botella 50 cl"],"general_information":[],"ingredients":[],"ean":"4010223001810"},{"full_name":"FRANZISKANER cerveza rubia de trigo sin alcohol botella 50 cl","name":"cerveza rubia de trigo sin alcohol botella 50 cl","brand":"FRANZISKANER ","img":"https://sgfm.elcorteingles.es/SGFM/01/72/7/0118605501727/0118605501727000g01011.jpg","price":"1,39 €","price_unit":"(2,78 € / Litro)","categories":["Supermercado","Bebidas","Cervezas","Cervezas","Cerveza de trigo","FRANZISKANER cerveza rubia de trigo sin alcohol botella 50 cl"],"general_information":["Denominación del alimento: CERVEZA","País de origen: Alemania","Nombre del operador: GMODELO EUROPA SAU","Dirección del operador: c/Aluminio nr 12-Poligono industrial Miralcampo - 19 200 Azuqueca de Henares","Lugar de procedencia del alimento: Alemania","Cantidad Neta: 50,0 Centilitros","Porcentaje de alcohol: 0,0%"],"ingredients":[" agua, malta de trigo, malta de cebada, extracto de lupulo, levadura"],"ean":"4072700318675"},{"full_name":"FRANZISKANER cerveza rubia de trigo alemana barril 5 l","name":"cerveza rubia de trigo alemana barril 5 l","brand":"FRANZISKANER ","img":"https://sgfm.elcorteingles.es/SGFM/00/98/4/0118606000984/0118606000984000g01011.jpg","price":"15,69 €","price_unit":"(3,14 € / Litro)","categories":["Supermercado","Bebidas","Cervezas","Cervezas","Cerveza de trigo","FRANZISKANER cerveza rubia de trigo alemana barril 5 l"],"general_information":["Denominación del alimento: CERVEZA","País de origen: Alemania","Nombre del operador: GMODELO EUROPA SAU","Dirección del operador: c/Aluminio nr 12-Poligono industrial Miralcampo - 19 200 Azuqueca de Henares","Lugar de procedencia del alimento: Alemania","Cantidad Neta: 5,0 Litros","Porcentaje de alcohol: 5,0%"],"ingredients":[" agua ( 85%), malta de trigo (9%), malta de cebada (6%), extracto de lupulo ("],"ean":"4072700001737"},{"full_name":"FRANZISKANER cerveza rubia de trigo alemana botella 50 cl","name":"cerveza rubia de trigo alemana botella 50 cl","brand":"FRANZISKANER ","img":"https://sgfm.elcorteingles.es/SGFM/00/35/6/0118606000356/0118606000356000g01011.jpg","price":"1,39 €","price_unit":"(2,78 € / Litro)","categories":["Supermercado","Bebidas","Cervezas","Cervezas","Cerveza de trigo","FRANZISKANER cerveza rubia de trigo alemana botella 50 cl"],"general_information":["Denominación del alimento: CERVEZA","País de origen: Alemania","Nombre del operador: GMODELO EUROPA SAU","Dirección del operador: c/Aluminio nr 12-Poligono industrial Miralcampo - 19 200 Azuqueca de Henares","Lugar de procedencia del alimento: Alemania","Cantidad Neta: 0.5 Litros","Porcentaje de alcohol: 5.0%"],"ingredients":[" agua ( 85%), malta de trigo (9%), malta de cebada (6%), extracto de lupulo ("],"ean":"4072700003649"},{"full_name":"FRANZISKANER cerveza rubia de trigo alemana lata 50 cl","name":"cerveza rubia de trigo alemana lata 50 cl","brand":"FRANZISKANER ","img":"https://sgfm.elcorteingles.es/SGFM/00/97/6/0118606000976/0118606000976000g01011.jpg","price":"1,28 €            ","price_unit":"(2,50 € / Litro)","categories":["Supermercado","Bebidas","Cervezas","Cervezas","Cerveza de trigo","FRANZISKANER cerveza rubia de trigo alemana lata 50 cl"],"general_information":["Denominación del alimento: CERVEZA","País de origen: Alemania","Nombre del operador: GMODELO EUROPA SAU","Dirección del operador: c/Aluminio nr 12-Poligono industrial Miralcampo - 19 200 Azuqueca de Henares","Lugar de procedencia del alimento: Alemania","Cantidad Neta: 0.5 Litros","Porcentaje de alcohol: 5.0%"],"ingredients":[" agua ( 85%), malta de trigo (9%), malta de cebada (6%), extracto de lupulo ("],"ean":"4072700001775"},{"full_name":"FRANZISKANER cerveza de trigo Kristall alemana botella 50 cl","name":"cerveza de trigo Kristall alemana botella 50 cl","brand":"FRANZISKANER ","img":"https://sgfm.elcorteingles.es/SGFM/00/36/4/0118606000364/0118606000364000g01011.jpg","price":"1,39 €","price_unit":"(2,78 € / Litro)","categories":["Supermercado","Bebidas","Cervezas","Cervezas","Cerveza de trigo","FRANZISKANER cerveza de trigo Kristall alemana botella 50 cl"],"general_information":["Denominación del alimento: CERVEZA","País de origen: Alemania","Nombre del operador: GMODELO EUROPA SAU","Dirección del operador: c/Aluminio nr 12-Poligono industrial Miralcampo - 19 200 Azuqueca de Henares","Lugar de procedencia del alimento: Alemania","Cantidad Neta: 50 Centilitros","Porcentaje de alcohol: 5.0%"],"ingredients":[" agua ( 85%), malta de trigo (9%), malta de cebada (6%), extracto de lupulo ("],"ean":"4072700001072"},{"full_name":"FRANZISKANER cerveza de trigo Dunkel alemana botella 50 cl","name":"cerveza de trigo Dunkel alemana botella 50 cl","brand":"FRANZISKANER ","img":"https://sgfm.elcorteingles.es/SGFM/00/37/2/0118606000372/0118606000372000g01011.jpg","price":"1,39 €","price_unit":"(2,78 € / Litro)","categories":["Supermercado","Bebidas","Cervezas","Cervezas","Cerveza de trigo","FRANZISKANER cerveza de trigo Dunkel alemana botella 50 cl"],"general_information":["Denominación del alimento: CERVEZA","País de origen: Alemania","Nombre del operador: GMODELO EUROPA SAU","Dirección del operador: c/Aluminio nr 12-Poligono industrial Miralcampo - 19 200 Azuqueca de Henares","Lugar de procedencia del alimento: Alemania","Cantidad Neta: 5 Litros","Porcentaje de alcohol: 5.0%"],"ingredients":[" agua ( 85%), malta de trigo (9%), malta de cebada (6%), extracto de lupulo ("],"ean":"4072700001188"},{"full_name":"FRANZISKANER cerveza rubia de trigo alemana pack 5 botellas 50 cl","name":"cerveza rubia de trigo alemana pack 5 botellas 50 cl","brand":"FRANZISKANER ","img":"https://sgfm.elcorteingles.es/SGFM/dctm/MEDIA03/201711/10/00118606000679____3__600x600.jpg","price":"6,99 €","price_unit":"(13,98 € / Litro)","categories":["Supermercado","Bebidas","Cervezas","Cervezas","Cerveza de trigo","FRANZISKANER cerveza rubia de trigo alemana pack 5 botellas 50 cl"],"general_information":["Denominación del alimento: CERVEZA","País de origen: Alemania","Nombre del operador: GMODELO EUROPA SAU","Dirección del operador: C/Aluminio nr 12-Poligono Industrial Miralcampo 19200 Azuqueca de Henares","Lugar de procedencia del alimento: Alemania","Cantidad Neta: 2.5 Litros","Porcentaje de alcohol: 5%"],"ingredients":[" agua ( 85%), malta de trigo (9%), malta de cebada (6%), extracto de lupulo (<0,1%), levadura"],"ean":"4072700018124"},{"full_name":"PAULANER Hefe-Weissbier Naturtrüb cerveza rubia de trigo alemana pack 5 botellas 50 cl + Vaso Exclusivo","name":"Hefe-Weissbier Naturtrüb cerveza rubia de trigo alemana pack 5 botellas 50 cl","brand":"PAULANER ","img":"https://sgfm.elcorteingles.es/SGFM/00/79/3/0200506000793/0200506000793000g01011.jpg","price":"9,79 €","price_unit":"(3,92 € / Litro)","categories":["Supermercado","Bebidas","Cervezas","Cervezas","Cerveza de trigo","PAULANER Hefe-Weissbier Naturtrüb cerveza rubia de trigo alemana pack 5 botellas 50 cl + Vaso Exclusivo"],"general_information":["Denominación del alimento: Cerveza","País de origen: Alemania","Nombre del operador: Heineken España S.A.","Dirección del operador: Av. De Andalucia 1 - 41007 Sevilla","Cantidad Neta: 2.5 Litros","Porcentaje de alcohol: 5.5%"],"ingredients":[" Agua, malta de trigo (de alta calidad alemana y francesa mezcladas), malta de cebada, extracto de lúpulo, lúpulo pellet (sólo lúpulo de Baviera de la zona Hallertau) y levadura. Este producto se elabora con malta de cebada y de trigo. Contiene gluten."],"conservation":" Conservar el producto en un lugar limpio, seco y bien ventilado, protegido de la lluvia y alejado de otros productos, alimenticios o no, que puedan impartirle olores o sabores extraños. Almacenar preferiblemente entre 5° y 15°C, evitando temperaturas superiores a 25°C. Evitar exposiciones directas a la luz del sol o fuentes de calor. No congelar el producto.","ean":"4066600199892"},{"full_name":"PAULANER Hefe-Weissbier Naturtrüb cerveza de trigo alemana botella 50 cl","name":"Hefe-Weissbier Naturtrüb cerveza de trigo alemana botella 50 cl","brand":"PAULANER ","img":"https://sgfm.elcorteingles.es/SGFM/00/17/4/0118606000174/0118606000174000g01011.jpg","price":"1,39 €","price_unit":"(2,78 € / Litro)","categories":["Supermercado","Bebidas","Cervezas","Cervezas","Cerveza de trigo","PAULANER Hefe-Weissbier Naturtrüb cerveza de trigo alemana botella 50 cl"],"general_information":["Denominación del alimento: Cerveza","País de origen: Alemania","Nombre del operador: Heineken España S.A.","Dirección del operador: Av. De Andalucia 1 - 41007 Sevilla","Cantidad Neta: 50 Centilitros","Porcentaje de alcohol: 5.5%"],"ingredients":[" Agua, malta de trigo (de alta calidad alemana y francesa mezcladas), malta de cebada, extracto de lúpulo, lúpulo pellet (sólo lúpulo de Baviera de la zona Hallertau) y levadura. Este producto se elabora con malta de cebada y de trigo. Contiene gluten."],"conservation":" Conservar el producto en un lugar limpio, seco y bien ventilado, protegido de la lluvia y alejado de otros productos, alimenticios o no, que puedan impartirle olores o sabores extraños. Almacenar preferiblemente entre 5° y 15°C, evitando temperaturas superiores a 25°C. Evitar exposiciones directas a la luz del sol o fuentes de calor. No congelar el producto.","ean":"4066600611981"},{"full_name":"PAULANER Hefe-Weissbier Dunkel cerveza de trigo alemana botella 50 cl","name":"Hefe-Weissbier Dunkel cerveza de trigo alemana botella 50 cl","brand":"PAULANER ","img":"https://sgfm.elcorteingles.es/SGFM/01/01/6/0118606001016/0118606001016000g01011.jpg","price":"1,80 €","price_unit":"(3,60 € / Litro)","categories":["Supermercado","Bebidas","Cervezas","Cervezas","Cerveza de trigo","PAULANER Hefe-Weissbier Dunkel cerveza de trigo alemana botella 50 cl"],"general_information":["Denominación del alimento: Cerveza","País de origen: Alemania","Nombre del operador: Heineken España S.A.","Dirección del operador: Av. De Andalucia 1 - 41007 Sevilla","Cantidad Neta: 50 Centilitros","Porcentaje de alcohol: 5.3%"],"ingredients":[" Agua, malta de trigo (de alta calidad alemana y francesa mezcladas), malta de cebada,  extracto de lúpulo, lúpulo pellet (sólo lúpulo de Baviera de la zona Hallertau) y levadura. Este producto se elabora con malta de cebada y de trigo. Contiene gluten. "],"conservation":" Conservar el producto en un lugar limpio, seco y bien ventilado, protegido de la lluvia y alejado de otros productos, alimenticios o no, que puedan impartirle olores o sabores extraños. Almacenar preferiblemente entre 5° y 15°C, evitando temperaturas superiores a 25°C. Evitar exposiciones directas a la luz del sol o fuentes de calor. No congelar el producto.","ean":"4066600941972"},{"full_name":"ERDINGER cerveza rubia de trigo sin alcohol botella 33 cl","name":"cerveza rubia de trigo sin alcohol botella 33 cl","brand":"ERDINGER ","img":"https://sgfm.elcorteingles.es/SGFM/dctm/MEDIA02/CONTENIDOS/201407/21/00118605501198____1__600x600.jpg","price":"1,51 €","price_unit":"(4,58 € / Litro)","categories":["Supermercado","Bebidas","Cervezas","Cervezas","Cerveza de trigo","ERDINGER cerveza rubia de trigo sin alcohol botella 33 cl"],"general_information":["Denominación del alimento: Cerveza","Nombre del operador: HIJOS DE RIVERA S.A.U.","Dirección del operador: C/Jose María Rivera Corral nº6 15008 A Coruña","Cantidad Neta: 33 Centilitros","Porcentaje de alcohol: 0.4%"],"ingredients":[" Agua, malta de cebada, malta de trigo, lúpulo, levadura"],"conservation":" Mantener en lugar fresco y seco","ean":"4002103266327"},{"full_name":"ERDINGER cerveza de trigo turbia alemana botella 50 cl","name":"cerveza de trigo turbia alemana botella 50 cl","brand":"ERDINGER ","img":"https://sgfm.elcorteingles.es/SGFM/00/11/7/0118606000117/0118606000117000g01011.jpg","price":"1,65 €","price_unit":"(3,30 € / Litro)","categories":["Supermercado","Bebidas","Cervezas","Cervezas","Cerveza de trigo","ERDINGER cerveza de trigo turbia alemana botella 50 cl"],"general_information":["Denominación del alimento: Cerveza","Nombre del operador: HIJOS DE RIVERA S.A.U.","Dirección del operador: C/Jose María Rivera Corral nº6 15008 A Coruña","Cantidad Neta: 50,0 Centilitros","Porcentaje de alcohol: 5,3%"],"ingredients":[" Agua, malta de cebada, malta de trigo, lúpulo, levadura"],"conservation":" Mantener en lugar fresco y seco","ean":"4002103248248"},{"full_name":"ERDINGER Sommerweisse cerveza de trigo ligeramente afrutada botella 33 cl","name":"Sommerweisse cerveza de trigo ligeramente afrutada botella 33 cl","brand":"ERDINGER ","img":"https://sgfm.elcorteingles.es/SGFM/dctm/MEDIA03/201706/29/00200506001155____1__600x600.jpg","price":"2,20 €","price_unit":"(6,67 € / Litro)","categories":["Supermercado","Bebidas","Cervezas","Cervezas","Cerveza de trigo","ERDINGER Sommerweisse cerveza de trigo ligeramente afrutada botella 33 cl"],"general_information":[],"ingredients":[],"ean":"4002103295532"},{"full_name":"HOEGAARDEN cerveza de trigo blanca belga botella 33 cl","name":"cerveza de trigo blanca belga botella 33 cl","brand":"HOEGAARDEN ","img":"https://sgfm.elcorteingles.es/SGFM/00/06/7/0118606000067/0118606000067000g01011.jpg","price":"1,20 €            ","price_unit":"(3,55 € / Litro)","categories":["Supermercado","Bebidas","Cervezas","Cervezas","Cerveza de trigo","HOEGAARDEN cerveza de trigo blanca belga botella 33 cl"],"general_information":["Denominación del alimento: CERVEZA","País de origen: Alemania","Nombre del operador: GMODELO EUROPA SAU","Dirección del operador: c/Aluminio nr 12-Poligono industrial Miralcampo - 19 200 Azuqueca de Henares","Lugar de procedencia del alimento: Alemania","Cantidad Neta: 33,0 Centilitros","Porcentaje de alcohol: 4,9%"],"ingredients":[" agua (80,2%), malta (12,1%), trigo (6,8%), lupulo (0,05%), especias: cilantro, cáscara de naranja natural (0,8%), azúcar (0,05%), levadura (0,06%)"],"ean":"5410228141785"},{"full_name":"HOFBRÄU MÜNCHEN cerveza rubia de trigo alemana botella 50 cl","name":"cerveza rubia de trigo alemana botella 50 cl","brand":"HOFBRÄU MÜNCHEN ","img":"https://sgfm.elcorteingles.es/SGFM/dctm/MEDIA03/201603/23/00118606000323____1__600x600.jpg","price":"1,49 €","price_unit":"(2,98 € / Litro)","categories":["Supermercado","Bebidas","Cervezas","Cervezas","Cerveza de trigo","HOFBRÄU MÜNCHEN cerveza rubia de trigo alemana botella 50 cl"],"general_information":[],"ingredients":[],"ean":"4005686004157"},{"full_name":"HOFBRÄU MÜNCHEN cerveza negra de trigo alemana botella 50 cl","name":"cerveza negra de trigo alemana botella 50 cl","brand":"HOFBRÄU MÜNCHEN ","img":"https://sgfm.elcorteingles.es/SGFM/dctm/MEDIA03/201603/23/00118606000331____1__600x600.jpg","price":"1,49 €","price_unit":"(2,98 € / Litro)","categories":["Supermercado","Bebidas","Cervezas","Cervezas","Cerveza de trigo","HOFBRÄU MÜNCHEN cerveza negra de trigo alemana botella 50 cl"],"general_information":[],"ingredients":[],"ean":"4005686006076"},{"full_name":"GRIMBERGEN Blanche cerveza de trigo belga botella 33 cl","name":"Blanche cerveza de trigo belga botella 33 cl","brand":"GRIMBERGEN ","img":"https://sgfm.elcorteingles.es/SGFM/dctm/MEDIA03/201607/08/00118606001008____1__600x600.jpg","price":"1,49 €","price_unit":"(4,52 € / Litro)","categories":["Supermercado","Bebidas","Cervezas","Cervezas","Cerveza de trigo","GRIMBERGEN Blanche cerveza de trigo belga botella 33 cl"],"general_information":["Denominación del alimento: CERVEZA","Nombre del operador: MAHOU, S.A.","Dirección del operador: Calle Titan, 15  28045  Madrid","Cantidad Neta: 0.33 Litros","Porcentaje de alcohol: 6.0%"],"ingredients":[" Agua, Malta de Cebada, Jarabe de Glucosa, Malta de Trigo, Especias, Caramelo Aromatico, Extracto de Lupulo"],"ean":"3080216034676"},{"full_name":"AMBAR CAESARAVGVSTA cerveza de trigo nacional botella 33 cl","name":"cerveza de trigo nacional botella 33 cl","brand":"AMBAR CAESARAVGVSTA ","img":"https://sgfm.elcorteingles.es/SGFM/00/76/0/0118606000760/0118606000760000g01011.jpg","price":"1,11 €","price_unit":"(3,36 € / Litro)","categories":["Supermercado","Bebidas","Cervezas","Cervezas","Cerveza de trigo","AMBAR CAESARAVGVSTA cerveza de trigo nacional botella 33 cl"],"general_information":["Denominación del alimento: Cerveza de trigo","Nombre del operador: La Zaragozana, S.A.","Dirección del operador: Ramón Berenguer IV, 1 - 50007 Zaragoza","Cantidad Neta: 33 Centilitros","Porcentaje de alcohol: 5.2%"],"ingredients":[" Contiene malta de cebada y trigo"],"ean":"8410700002471"},{"full_name":"WELTENBURGER Hefe-Weissbier Hell cerveza rubia de trigo alemana botella 50 cl","name":"Hefe-Weissbier Hell cerveza rubia de trigo alemana botella 50 cl","brand":"WELTENBURGER ","img":"https://sgfm.elcorteingles.es/SGFM/dctm/MEDIA03/201603/23/00118606000448____1__600x600.jpg","price":"1,45 €","price_unit":"(2,90 € / Litro)","categories":["Supermercado","Bebidas","Cervezas","Cervezas","Cerveza de trigo","WELTENBURGER Hefe-Weissbier Hell cerveza rubia de trigo alemana botella 50 cl"],"general_information":[],"ingredients":[],"ean":"4010223013516"},{"full_name":"CHÉRIE cerveza de trigo con sabor a cereza. botella 33 cl","name":"cerveza de trigo con sabor a cereza. botella 33 cl","brand":"CHÉRIE ","img":"https://sgfm.elcorteingles.es/SGFM/dctm/MEDIA02/CONTENIDOS/201503/09/00118603602907____1__600x600.jpg","price":"2,35 €","price_unit":"(7,12 € / Litro)","categories":["Supermercado","Bebidas","Cervezas","Cervezas","Cerveza de trigo","CHÉRIE cerveza de trigo con sabor a cereza. botella 33 cl"],"general_information":["Denominación del alimento: Cerveza","Nombre del operador: Brasserie ADA","Dirección del operador: Rue Vandervelde , 273, B-6534 Gozée, Bélgica","Cantidad Neta: 33 Centilitros","Porcentaje de alcohol: 3.5%"],"ingredients":[" Con azúcar. Contiene malta de cebada y trigo"],"ean":"5412652001000"},{"full_name":"CHÉRIE cerveza de trigo con sabor a frambuesa botella 33 cl","name":"cerveza de trigo con sabor a frambuesa botella 33 cl","brand":"CHÉRIE ","img":"https://sgfm.elcorteingles.es/SGFM/dctm/MEDIA03/201702/23/00118603603178____1__600x600.jpg","price":"2,35 €","price_unit":"(7,12 € / Litro)","categories":["Supermercado","Bebidas","Cervezas","Cervezas","Cerveza de trigo","CHÉRIE cerveza de trigo con sabor a frambuesa botella 33 cl"],"general_information":[],"ingredients":[],"ean":"5412652001017"},{"full_name":"FLENSBURGER cerveza de trigo alemana botella 33 cl","name":"cerveza de trigo alemana botella 33 cl","brand":"FLENSBURGER ","img":"https://sgfm.elcorteingles.es/SGFM/dctm/MEDIA02/CONTENIDOS/201601/04/00118606001131____1__600x600.jpg","price":"2,02 €","price_unit":"(6,12 € / Litro)","categories":["Supermercado","Bebidas","Cervezas","Cervezas","Cerveza de trigo","FLENSBURGER cerveza de trigo alemana botella 33 cl"],"general_information":[],"ingredients":[],"ean":"0000041030806"},{"full_name":"SCHOFFERHOFER Hefeweizen cerveza rubia de trigo lata 50 cl","name":"Hefeweizen cerveza rubia de trigo lata 50 cl","brand":"SCHOFFERHOFER ","img":"https://www.elcorteingles.es/sgfm/statics/supermarket/assets/stylesheets/images/food/misc/no-photo_600x600.png","price":"1,58 €","price_unit":"(3,16 € / Litro)","categories":["Supermercado","Bebidas","Cervezas","Cervezas","Cerveza de trigo","SCHOFFERHOFER Hefeweizen cerveza rubia de trigo lata 50 cl"],"general_information":[],"ingredients":[],"ean":"4053400277691"},{"full_name":"SCHOFFERHOFER GRAPEFRUIT cerveza rubia de trigo alemana con jugo de pomelo botella 33 cl","name":"GRAPEFRUIT cerveza rubia de trigo alemana con jugo de pomelo botella 33 cl","brand":"SCHOFFERHOFER ","img":"https://sgfm.elcorteingles.es/SGFM/dctm/MEDIA02/CONTENIDOS/201508/26/00118606001107____1__600x600.jpg","price":"1,26 €            ","price_unit":"(3,64 € / Litro)","categories":["Supermercado","Bebidas","Cervezas","Cervezas","Cerveza de trigo","SCHOFFERHOFER GRAPEFRUIT cerveza rubia de trigo alemana con jugo de pomelo botella 33 cl"],"general_information":["Denominación del alimento: SCHOEFFERHOFER POMELO 1/3 SR CESTA AB.6U","Nombre del operador: DAMM S.A.","Dirección del operador: C/ ROSELLO , 515  BARCELONA, BARCELONA","Cantidad Neta: 0.330 Litros","Porcentaje de alcohol: 2.5%","Otras menciones obligatorias en la etiqueta: Cerveza"],"ingredients":[],"conservation":" Mantener en lugar fresco, oscuro y seco","ean":"4053400278957"},{"full_name":"KUCHLBAUER Alte Liebe cerveza tostada de trigo alemana pack 5 botellas 50 cl + vaso","name":"Alte Liebe cerveza tostada de trigo alemana pack 5 botellas 50 cl","brand":"KUCHLBAUER ","img":"https://sgfm.elcorteingles.es/SGFM/dctm/MEDIA03/201702/27/00118606100743____1__600x600.jpg","price":"10,95 €","price_unit":"(4,38 € / Litro)","categories":["Supermercado","Bebidas","Cervezas","Cervezas","Cerveza de trigo","KUCHLBAUER Alte Liebe cerveza tostada de trigo alemana pack 5 botellas 50 cl + vaso"],"general_information":[],"ingredients":[],"ean":"4011740003011"},{"full_name":"KONIG LUDWIG Weissbier Hell cerveza de trigo alemana botella 50 cl","name":"Weissbier Hell cerveza de trigo alemana botella 50 cl","brand":"KONIG LUDWIG ","img":"https://sgfm.elcorteingles.es/SGFM/dctm/MEDIA03/201706/22/00118606100461____1__600x600.jpg","price":"1,95 €            ","price_unit":"(3,84 € / Litro)","categories":["Supermercado","Bebidas","Cervezas","Cervezas","Cerveza de trigo","KONIG LUDWIG Weissbier Hell cerveza de trigo alemana botella 50 cl"],"general_information":["Denominación del alimento: CERVEZA","Nombre del operador: MAHOU, S.A.","Dirección del operador: Calle Titan, 15  28045  Madrid","Cantidad Neta: 0.50 Litros","Porcentaje de alcohol: 5.5%"],"ingredients":[" Agua, Malta de Cebada, Malta de Trigo, Extracto de Lúpulo, Levadura"],"ean":"4003304054546"},{"full_name":"GUINNESS Draught cerveza negra irlandesa lata 44 cl","name":"Draught cerveza negra irlandesa lata 44 cl","brand":"GUINNESS ","img":"https://sgfm.elcorteingles.es/SGFM/dctm/MEDIA02/CONTENIDOS/201407/14/00118607900729____1__600x600.jpg","price":"2,09 €","price_unit":"(4,75 € / Litro)","categories":["Supermercado","Bebidas","Cervezas","Cervezas","Cerveza negra","GUINNESS Draught cerveza negra irlandesa lata 44 cl"],"general_information":["Denominación del alimento: Cerveza Negra","País de origen: Irlanda","Nombre del operador: Heineken España S.A.","Dirección del operador: Av. De Andalucia 1 - 41007 Sevilla","Cantidad Neta: 44 Centilitros","Porcentaje de alcohol: 4.2%"],"ingredients":[" Agua, malta de cebada, lúpulo y levadura. Este producto se elabora con malta de cebada. Contiene gluten"],"conservation":" Conservar el producto en un lugar limpio, seco y bien ventilado, protegido de la lluvia y alejado de otros productos, alimenticios o no, que puedan impartirle olores o sabores extraños. Almacenar preferiblemente entre 5° y 15°C, evitando temperaturas superiores a 25°C. Evitar exposiciones directas a la luz del sol o fuentes de calor. No congelar el producto.","ean":"5000213101872"},{"full_name":"GUINNESS cerveza negra original Irlanda botella 33 cl","name":"cerveza negra original Irlanda botella 33 cl","brand":"GUINNESS ","img":"https://sgfm.elcorteingles.es/SGFM/dctm/MEDIA02/CONTENIDOS/201412/11/00118607900463____1__600x600.jpg","price":"1,25 €","price_unit":"(3,79 € / Litro)","categories":["Supermercado","Bebidas","Cervezas","Cervezas","Cerveza negra","GUINNESS cerveza negra original Irlanda botella 33 cl"],"general_information":["Denominación del alimento: Cerveza Negra","País de origen: Irlanda","Nombre del operador: Heineken España S.A.","Dirección del operador: Av. De Andalucia 1 - 41007 Sevilla","Cantidad Neta: 33 Centilitros","Porcentaje de alcohol: 5%"],"ingredients":[" Agua, malta de cebada, lúpulo y levadura. Este producto se elabora con malta de cebada. Contiene gluten"],"conservation":" Conservar el producto en un lugar limpio, seco y bien ventilado, protegido de la lluvia y alejado de otros productos, alimenticios o no, que puedan impartirle olores o sabores extraños. Almacenar preferiblemente entre 5° y 15°C, evitando temperaturas superiores a 25°C. Evitar exposiciones directas a la luz del sol o fuentes de calor. No congelar el producto.","ean":"5000213014165"},{"full_name":"GUINNESS Special Export 8º cerveza negra irlandesa botella 33 cl","name":"Special Export 8º cerveza negra irlandesa botella 33 cl","brand":"GUINNESS ","img":"https://sgfm.elcorteingles.es/SGFM/00/36/4/0118607900364/0118607900364000g01011.jpg","price":"2,92 €","price_unit":"(8,85 € / Litro)","categories":["Supermercado","Bebidas","Cervezas","Cervezas","Cerveza negra","GUINNESS Special Export 8º cerveza negra irlandesa botella 33 cl"],"general_information":[],"ingredients":[],"ean":"0000054004207"},{"full_name":"LEFFE cerveza negra Brune belga botella 75 cl","name":"cerveza negra Brune belga botella 75 cl","brand":"LEFFE ","img":"https://sgfm.elcorteingles.es/SGFM/00/43/0/0118607900430/0118607900430000g01011.jpg","price":"2,83 €","price_unit":"(3,77 € / Litro)","categories":["Supermercado","Bebidas","Cervezas","Cervezas","Cerveza negra","LEFFE cerveza negra Brune belga botella 75 cl"],"general_information":["Denominación del alimento: CERVEZA","País de origen: Bélgica","Nombre del operador: GMODELO EUROPA SAU","Dirección del operador: c/Aluminio nr 12-Poligono industrial Miralcampo - 19 200 Azuqueca de Henares","Lugar de procedencia del alimento: Bélgica","Cantidad Neta: 75,0 Centilitros","Porcentaje de alcohol: 6,5%"],"ingredients":[" agua ( 80,8%), malta de cebada y malta de cebada tostada (13,6%), maíz (4,6%), lupulo ("],"ean":"5410228145226"},{"full_name":"LEFFE cerveza negra Brune belga botella 33 cl","name":"cerveza negra Brune belga botella 33 cl","brand":"LEFFE ","img":"https://sgfm.elcorteingles.es/SGFM/00/07/5/0118607900075/0118607900075000g01011.jpg","price":"1,29 €","price_unit":"(3,91 € / Litro)","categories":["Supermercado","Bebidas","Cervezas","Cervezas","Cerveza negra","LEFFE cerveza negra Brune belga botella 33 cl"],"general_information":["Denominación del alimento: CERVEZA","País de origen: Bélgica","Nombre del operador: GMODELO EUROPA SAU","Dirección del operador: c/Aluminio nr 12-Poligono industrial Miralcampo - 19 200 Azuqueca de Henares","Lugar de procedencia del alimento: Bélgica","Cantidad Neta: 33 Centilitros","Porcentaje de alcohol: 6.5%"],"ingredients":[" agua ( 80,8%), malta de cebada y malta de cebada tostada (13,6%), maíz (4,6%), lupulo ("],"ean":"5410228146162"},{"full_name":"MAHOU NEGRA cerveza nacional botella 33 cl","name":"cerveza nacional botella 33 cl","brand":"MAHOU NEGRA ","img":"https://sgfm.elcorteingles.es/SGFM/00/66/1/0118607900661/0118607900661000g01011.jpg","price":"0,71 €","price_unit":"(2,15 € / Litro)","categories":["Supermercado","Bebidas","Cervezas","Cervezas","Cerveza negra","MAHOU NEGRA cerveza nacional botella 33 cl"],"general_information":["Denominación del alimento: CERVEZA NEGRA","Nombre del operador: MAHOU, S.A.","Dirección del operador: Calle Titan, 15  28045  Madrid","Cantidad Neta: 0.33 Litros","Porcentaje de alcohol: 5.5%"],"ingredients":[" Agua, Malta de Cebada, Lúpulo"],"ean":"8411327521017"},{"full_name":"NEGRA MODELO cerveza negra mejicana botella 35,5 cl","name":"cerveza negra mejicana botella 35,5 cl","brand":"NEGRA MODELO ","img":"https://sgfm.elcorteingles.es/SGFM/00/03/4/0118607900034/0118607900034000g01011.jpg","price":"1,16 €","price_unit":"(0,03 € / Litro)","categories":["Supermercado","Bebidas","Cervezas","Cervezas","Cerveza negra","NEGRA MODELO cerveza negra mejicana botella 35,5 cl"],"general_information":["Denominación del alimento: CERVEZA","País de origen: México","Nombre del operador: GMODELO EUROPA SAU","Dirección del operador: c/Aluminio nr 12-Poligono industrial Miralcampo - 19 200 Azuqueca de Henares","Lugar de procedencia del alimento: México","Cantidad Neta: 35.5 Centilitros","Porcentaje de alcohol: 4.5%"],"ingredients":[" agua, malta de cebada (71%), arroz y/o maíz (29%), lupulo (hasta 19 unidades de amargor), levadura, enzima proteolitica, ácido ascórbico (como antioxidante), alginato de propelin glicol (como estabilizador de espuma), colorante de caramelo"],"ean":"0000075031589"},{"full_name":"WELTENBURGER Barock Dunkel cerveza negra alemana de monasterio botella 50 cl","name":"Barock Dunkel cerveza negra alemana de monasterio botella 50 cl","brand":"WELTENBURGER ","img":"https://sgfm.elcorteingles.es/SGFM/dctm/MEDIA03/201603/23/00118607900281____1__600x600.jpg","price":"1,45 €","price_unit":"(2,90 € / Litro)","categories":["Supermercado","Bebidas","Cervezas","Cervezas","Cerveza negra","WELTENBURGER Barock Dunkel cerveza negra alemana de monasterio botella 50 cl"],"general_information":[],"ingredients":[],"ean":"4010223013318"},{"full_name":"LA  TRAPPE Doble cerveza negra holandesa botella 33 cl","name":"Doble cerveza negra holandesa botella 33 cl","brand":"LA  TRAPPE ","img":"https://sgfm.elcorteingles.es/SGFM/00/06/7/0118607900067/0118607900067000g01011.jpg","price":"1,90 €","price_unit":"(5,76 € / Litro)","categories":["Supermercado","Bebidas","Cervezas","Cervezas","Cerveza negra","LA  TRAPPE Doble cerveza negra holandesa botella 33 cl"],"general_information":["Denominación del alimento: Cerveza especial trapense","Nombre del operador: Bavaria Ibérica S.A.","Dirección del operador: Ronda Sant Pere 19-21, 08010 Barcelona","Lugar de procedencia del alimento: Holanda","Cantidad Neta: 33 Centilitros","Porcentaje de alcohol: 7%"],"ingredients":[" Agua, malta de cebada, jarabe de glucosa, lúpulo, levadura."],"conservation":" Manténgase en lugar fresco y seco","ean":"8711406000564"},{"full_name":"LA TRAPPE doble cerveza negra holandesa pack 4 botella 33 cl + Copa","name":"doble cerveza negra holandesa pack 4 botella 33 cl","brand":"LA TRAPPE ","img":"https://sgfm.elcorteingles.es/SGFM/dctm/MEDIA02/CONTENIDOS/201410/30/00118607900091____1__600x600.jpg","price":"9,95 €","price_unit":"(30,15 € / Litro)","categories":["Supermercado","Bebidas","Cervezas","Cervezas","Cerveza negra","LA TRAPPE doble cerveza negra holandesa pack 4 botella 33 cl + Copa"],"general_information":["Denominación del alimento: Cerveza especial trapense","País de origen: Países Bajos","Nombre del operador: Bavaria Ibérica S.A.","Dirección del operador: Ronda Sant Pere 19-21, 08010 Barcelona","Lugar de procedencia del alimento: Holanda","Cantidad Neta: 132 Centilitros","Porcentaje de alcohol: 7%","Número de raciones por envase: 4"],"ingredients":[" Agua, malta de cebada, jarabe de glucosa, lúpulo, levadura."],"conservation":" Manténgase en lugar fresco y seco","ean":"8711406009413"},{"full_name":"ESTRELLA GALICIA 1906 Black Coupage cerveza negra pack 4 botellas 33 cl","name":"Black Coupage cerveza negra pack 4 botellas 33 cl","brand":"ESTRELLA GALICIA 1906 ","img":"https://sgfm.elcorteingles.es/SGFM/dctm/MEDIA02/CONTENIDOS/201412/29/00200507900900____2__600x600.jpg","price":"3,96 €","price_unit":"(3 € / Litro)","categories":["Supermercado","Bebidas","Cervezas","Cervezas","Cerveza negra","ESTRELLA GALICIA 1906 Black Coupage cerveza negra pack 4 botellas 33 cl"],"general_information":["Denominación del alimento: Cerveza","Nombre del operador: HIJOS DE RIVERA S.A.U.","Dirección del operador: C/Jose María Rivera Corral nº6 15008 A Coruña","Cantidad Neta: 132 Centilitros","Porcentaje de alcohol: 7.2%"],"ingredients":[" Agua, malta de cebada, maíz y lúpulo."],"conservation":" Mantener en lugar fresco y seco","ean":"8412598001635"},{"full_name":"PRAGA 1784 autentica cerveza negra checa botella 50 cl","name":"1784 autentica cerveza negra checa botella 50 cl","brand":"PRAGA ","img":"https://sgfm.elcorteingles.es/SGFM/00/41/4/0118607900414/0118607900414000g01011.jpg","price":"1,37 €","price_unit":"(2,74 € / Litro)","categories":["Supermercado","Bebidas","Cervezas","Cervezas","Cerveza negra","PRAGA 1784 autentica cerveza negra checa botella 50 cl"],"general_information":[],"ingredients":[],"ean":"8593870001489"},{"full_name":"HOFBRÄU MÜNCHEN cerveza negra alemana Dunkel botella 50 cl","name":"cerveza negra alemana Dunkel botella 50 cl","brand":"HOFBRÄU MÜNCHEN ","img":"https://sgfm.elcorteingles.es/SGFM/dctm/MEDIA03/201603/23/00118607900489____1__600x600.jpg","price":"1,49 €","price_unit":"(2,98 € / Litro)","categories":["Supermercado","Bebidas","Cervezas","Cervezas","Cerveza negra","HOFBRÄU MÜNCHEN cerveza negra alemana Dunkel botella 50 cl"],"general_information":[],"ingredients":[],"ean":"4005686003198"},{"full_name":"SUPERBOCK Stout cerveza negra portuguesa botella 33 cl","name":"Stout cerveza negra portuguesa botella 33 cl","brand":"SUPERBOCK ","img":"https://sgfm.elcorteingles.es/SGFM/dctm/MEDIA03/201602/08/00118607900927____1__600x600.jpg","price":"1,06 €","price_unit":"(3,21 € / Litro)","categories":["Supermercado","Bebidas","Cervezas","Cervezas","Cerveza negra","SUPERBOCK Stout cerveza negra portuguesa botella 33 cl"],"general_information":[],"ingredients":[],"ean":"0000056001266"},{"full_name":"SUPERBOCK cerveza negra portuguesa sin alcohol botella 33 cl","name":"cerveza negra portuguesa sin alcohol botella 33 cl","brand":"SUPERBOCK ","img":"https://sgfm.elcorteingles.es/SGFM/dctm/MEDIA03/201602/08/00118605501883____1__600x600.jpg","price":"0,96 €","price_unit":"(2,91 € / Litro)","categories":["Supermercado","Bebidas","Cervezas","Cervezas","Cerveza negra","SUPERBOCK cerveza negra portuguesa sin alcohol botella 33 cl"],"general_information":[],"ingredients":[],"ean":"0000056075557"},{"full_name":"KONIG LUDWIG cerveza negra alemana botella 50 cl","name":"cerveza negra alemana botella 50 cl","brand":"KONIG LUDWIG ","img":"https://sgfm.elcorteingles.es/SGFM/dctm/MEDIA03/201710/10/00118607900950____1__600x600.jpg","price":"1,96 €            ","categories":["Supermercado","Bebidas","Cervezas","Cervezas","Cerveza negra","KONIG LUDWIG cerveza negra alemana botella 50 cl"],"general_information":["Denominación del alimento: CERVEZA","Nombre del operador: MAHOU, S.A.","Dirección del operador: Calle Titan, 15  28045  Madrid","Cantidad Neta: 0.5 Litros","Porcentaje de alcohol: 5.1%"],"ingredients":[" Agua, Malta de Cebada oscura y pale, Extracto de Lúpulo, Levadura"],"ean":"4003304165006"},{"full_name":"BUDEJOVICKY cerveza negra checa botella 33 cl","name":"cerveza negra checa botella 33 cl","brand":"BUDEJOVICKY ","img":"https://sgfm.elcorteingles.es/SGFM/00/40/6/0118607900406/0118607900406000g01011.jpg","price":"1,03 €","price_unit":"(3,12 € / Litro)","categories":["Supermercado","Bebidas","Cervezas","Cervezas","Cerveza negra","BUDEJOVICKY cerveza negra checa botella 33 cl"],"general_information":["Denominación del alimento: Cerveza","Nombre del operador: Comercial Masoliver S.A.U.","Dirección del operador: Calle Puntia. 18 - 17857 Begudà (Girona) España","Lugar de procedencia del alimento: 203 - República Checa","Cantidad Neta: 330 Mililitros","Porcentaje de alcohol: 4.7%"],"ingredients":[],"ean":"8594403703382"},{"full_name":"BOCK DAMM cerveza negra nacional estilo Múnich lata 33 cl","name":"cerveza negra nacional estilo Múnich lata 33 cl","brand":"BOCK DAMM ","img":"https://sgfm.elcorteingles.es/SGFM/00/63/8/0118607900638/0118607900638000g01011.jpg","price":"0,76 €","price_unit":"(2,30 € / Litro)","categories":["Supermercado","Bebidas","Cervezas","Cervezas","Cerveza negra","BOCK DAMM cerveza negra nacional estilo Múnich lata 33 cl"],"general_information":["Denominación del alimento: Cerveza","Nombre del operador: DAMM S.A.","Dirección del operador: C/ ROSELLO , 515  BARCELONA,   BARCELONA","Cantidad Neta: 0.33 Litros","Porcentaje de alcohol: 5.40%"],"ingredients":[" Contiene malta de cebada"],"conservation":" Mantener en lugar fresco, oscuro y seco","ean":"8410793046130"},{"full_name":"AMBAR cerveza negra nacional botella 33 cl","name":"cerveza negra nacional botella 33 cl","brand":"AMBAR ","img":"https://sgfm.elcorteingles.es/SGFM/00/65/3/0118607900653/0118607900653000g01011.jpg","price":"0,87 €","price_unit":"(2,64 € / Litro)","categories":["Supermercado","Bebidas","Cervezas","Cervezas","Cerveza negra","AMBAR cerveza negra nacional botella 33 cl"],"general_information":[],"ingredients":[],"ean":"8410700001511"},{"full_name":"BALTIKA 6 Porter cerveza negra rusa botella 50 cl","name":"6 Porter cerveza negra rusa botella 50 cl","brand":"BALTIKA ","img":"https://sgfm.elcorteingles.es/SGFM/dctm/MEDIA02/CONTENIDOS/201407/21/00118603602584____1__600x600.jpg","price":"2,08 €","price_unit":"(4,16 € / Litro)","categories":["Supermercado","Bebidas","Cervezas","Cervezas","Cerveza negra","BALTIKA 6 Porter cerveza negra rusa botella 50 cl"],"general_information":[],"ingredients":[],"ean":"4600682011477"},{"full_name":"SAGRES Preta cerveza negra portuguesa botella 33 cl","name":"Preta cerveza negra portuguesa botella 33 cl","brand":"SAGRES ","img":"https://sgfm.elcorteingles.es/SGFM/00/39/8/0118607900398/0118607900398000g01011.jpg","price":"0,60 €","price_unit":"(1,82 € / Litro)","categories":["Supermercado","Bebidas","Cervezas","Cervezas","Cerveza negra","SAGRES Preta cerveza negra portuguesa botella 33 cl"],"general_information":[],"ingredients":[],"ean":"5601146001415"},{"full_name":"DESPERADOS cerveza con tequila botella 33 cl","name":"cerveza con tequila botella 33 cl","brand":"DESPERADOS ","img":"https://sgfm.elcorteingles.es/SGFM/01/15/6/0118603601156/0118603601156000g01011.jpg","price":"1,09 €","price_unit":"(3,30 € / Litro)","categories":["Supermercado","Bebidas","Cervezas","Cervezas","Cervezas especiales","DESPERADOS cerveza con tequila botella 33 cl"],"general_information":["Denominación del alimento: Cerveza aromatizada con tequila","Nombre del operador: Heineken España S.A.","Dirección del operador: Av. De Andalucia 1 - 41007 Sevilla","Cantidad Neta: 33 Centilitros","Porcentaje de alcohol: 5.9%"],"ingredients":[" Agua, malta de cebada, maíz, azúcar, lúpulo, acidulante E-330, aroma (75% tequila). Este producto se elabora con malta de cebada. Contiene gluten"],"conservation":" Conservar el producto en un lugar limpio, seco y bien ventilado, protegido de la lluvia y alejado de otros productos, alimenticios o no, que puedan impartirle olores o sabores extraños. Almacenar preferiblemente entre 5° y 15°C, evitando temperaturas superiores a 25°C. Evitar exposiciones directas a la luz del sol o fuentes de calor. No congelar el producto.","ean":"3155930006015"},{"full_name":"DESPERADOS cerveza rubia con tequila lata 50 cl","name":"cerveza rubia con tequila lata 50 cl","brand":"DESPERADOS ","img":"https://sgfm.elcorteingles.es/SGFM//00/84/4/0118601700844/0118601700844000g01011.jpg","price":"1,54 €","price_unit":"(3,08 € / Litro)","categories":["Supermercado","Bebidas","Cervezas","Cervezas","Cervezas especiales","DESPERADOS cerveza rubia con tequila lata 50 cl"],"general_information":["Denominación del alimento: Cerveza aromatizada con tequila","Nombre del operador: Heineken España S.A.","Dirección del operador: Av. De Andalucia 1 - 41007 Sevilla","Cantidad Neta: 50 Centilitros","Porcentaje de alcohol: 5.9%"],"ingredients":[" Agua, malta de cebada, maíz, azúcar, lúpulo, acidulante E-330, aroma (75% tequila). Este producto se elabora con malta de cebada. Contiene gluten"],"conservation":" Conservar el producto en un lugar limpio, seco y bien ventilado, protegido de la lluvia y alejado de otros productos, alimenticios o no, que puedan impartirle olores o sabores extraños. Almacenar preferiblemente entre 5° y 15°C, evitando temperaturas superiores a 25°C. Evitar exposiciones directas a la luz del sol o fuentes de calor. No congelar el producto.","ean":"3155930001355"},{"full_name":"DESPERADOS cerveza con tequila lata 33 cl","name":"cerveza con tequila lata 33 cl","brand":"DESPERADOS ","img":"https://sgfm.elcorteingles.es/SGFM/dctm/MEDIA03/201608/24/00118601700927____1__600x600.jpg","price":"1,08 €","categories":["Supermercado","Bebidas","Cervezas","Cervezas","Cervezas especiales","DESPERADOS cerveza con tequila lata 33 cl"],"general_information":[],"ingredients":[],"ean":"8412881030045"},{"full_name":"GRIMBERGEN Double cerveza belga botella 33 cl","name":"Double cerveza belga botella 33 cl","brand":"GRIMBERGEN ","img":"https://sgfm.elcorteingles.es/SGFM/dctm/MEDIA03/201607/08/00118607900158____1__600x600.jpg","price":"1,49 €","price_unit":"(4,52 € / Litro)","categories":["Supermercado","Bebidas","Cervezas","Cervezas","Cervezas especiales","GRIMBERGEN Double cerveza belga botella 33 cl"],"general_information":["Denominación del alimento: CERVEZA","Nombre del operador: MAHOU, S.A.","Dirección del operador: Calle Titan, 15  28045  Madrid","Cantidad Neta: 0.33 Litros","Porcentaje de alcohol: 6.5%"],"ingredients":[" Agua, Malta de Cebada, Jarabe de Glucosa, Caramelo Aromatico, Colorante: caramelo, Extracto de Lupulo"],"ean":"3080216034645"},{"full_name":"ALHAMBRA RESERVA cerveza roja pack 4 botellas 33 cl","name":"cerveza roja pack 4 botellas 33 cl","brand":"ALHAMBRA RESERVA ","img":"https://sgfm.elcorteingles.es/SGFM/dctm/MEDIA03/201612/27/00118603100530____1__600x600.jpg","price":"4,95 €","price_unit":"(15 € / Litro)","categories":["Supermercado","Bebidas","Cervezas","Cervezas","Cervezas especiales","ALHAMBRA RESERVA cerveza roja pack 4 botellas 33 cl"],"general_information":["Denominación del alimento: CERVEZA EXTRA","Nombre del operador: MAHOU, S.A.","Dirección del operador: Calle Titán, 15  28045  Madrid","Cantidad Neta: 1.32 Litros","Porcentaje de alcohol: 7.2%"],"ingredients":[" Agua, Malta de Cebada, Maíz, Lúpulo"],"ean":"8413681305692"},{"full_name":"CARLOS V RUBY cerveza belga botella 33 cl","name":"RUBY cerveza belga botella 33 cl","brand":"CARLOS V ","img":"https://sgfm.elcorteingles.es/SGFM/dctm/MEDIA02/CONTENIDOS/201504/09/00118604101305____1__600x600.jpg","price":"1,05 €","price_unit":"(3,18 € / Litro)","categories":["Supermercado","Bebidas","Cervezas","Cervezas","Cervezas especiales","CARLOS V RUBY cerveza belga botella 33 cl"],"general_information":[],"ingredients":[],"ean":"0000054085060"},{"full_name":"MIXTA SHANDY MAHOU REVOLUXION cerveza con ron, menta y guaraná botella 33 cl","name":"REVOLUXION cerveza con ron, menta y guaraná botella 33 cl","brand":"MIXTA SHANDY MAHOU ","img":"https://sgfm.elcorteingles.es/SGFM/dctm/MEDIA03/201604/01/00118602202600____1__600x600.jpg","price":"1,20 €","price_unit":"(3,64 € / Litro)","categories":["Supermercado","Bebidas","Cervezas","Cervezas","Cervezas especiales","MIXTA SHANDY MAHOU REVOLUXION cerveza con ron, menta y guaraná botella 33 cl"],"general_information":["Denominación del alimento: CERVEZA CON BEBIDA DE RON, AROMA DE MENTA Y EXTRACTO DE GUARANÁ","Nombre del operador: MAHOU, S.A.","Dirección del operador: Calle Titan, 15  28045  Madrid","Cantidad Neta: 0.33 Litros","Porcentaje de alcohol: 6.3%"],"ingredients":[" 90% Cerveza (Agua,Malta de Cebada,Maíz, Lúpulo) y 10% Bebida de Ron, Extracto de Menta y Aroma de Guaraná (Jarabe de glucosa-fructosa, Ron, Aroma de ron, aromade menta, aroma de te, Extracto de Guaraná, Acidulante: Ácido Citríco-citrato sódico, Antioxidante: Ácido ascórbico, Edulcorantes: Acelsufame K y sucralosa"],"ean":"8411327001861"},{"full_name":"BALTIKA 4 Original cerveza Lager rusa botella 50 cl","name":"4 Original cerveza Lager rusa botella 50 cl","brand":"BALTIKA ","img":"https://sgfm.elcorteingles.es/SGFM/dctm/MEDIA02/CONTENIDOS/201407/21/00118603602576____1__600x600.jpg","price":"1,90 €","price_unit":"(3,80 € / Litro)","categories":["Supermercado","Bebidas","Cervezas","Cervezas","Cervezas especiales","BALTIKA 4 Original cerveza Lager rusa botella 50 cl"],"general_information":[],"ingredients":[],"ean":"4600682000044"},{"full_name":"DESPERADOS cerveza rubia con mojito botella 33 cl","name":"cerveza rubia con mojito botella 33 cl","brand":"DESPERADOS ","img":"https://sgfm.elcorteingles.es/SGFM/dctm/MEDIA03/201706/22/00118603603269____1__600x600.jpg","price":"1,29 €","categories":["Supermercado","Bebidas","Cervezas","Cervezas","Cervezas especiales","DESPERADOS cerveza rubia con mojito botella 33 cl"],"general_information":["Denominación del alimento: Cerveza aromatizada con tequila","País de origen: Países Bajos","Nombre del operador: Heineken España S.A.","Dirección del operador: Av. De Andalucia 1 - 41007 Sevilla","Cantidad Neta: 33 Centilitros","Porcentaje de alcohol: 5.9%"],"ingredients":[" Agua, malta de cebada, jarabe de glucosa, azúcar, extracto de lúpulo, regulador de la acidez: ácido cítrico, aromatizante (50% de tequila, 14% extracto de menta, 1% extracto de lima). Este producto se elabora con malta de cebada. Contiene gluten."],"conservation":" Conservar el producto en un lugar limpio, seco y bien ventilado, protegido de la lluvia y alejado de otros productos, alimenticios o no, que puedan impartirle olores o sabores extraños. Almacenar preferiblemente entre 5° y 15°C, evitando temperaturas superiores a 25°C. Evitar exposiciones directas a la luz del sol o fuentes de calor. No congelar el producto.","ean":"8712000050382"},{"full_name":"LA SAGRA cesta de madera variedades pack 6 botellas 33 cl","name":"cesta de madera variedades pack 6 botellas 33 cl","brand":"LA SAGRA ","img":"https://sgfm.elcorteingles.es/SGFM/dctm/MEDIA03/201711/24/00118603002173____1__600x600.jpg","price":"16,95 €","price_unit":"(8,56 € / Litro)","categories":["Supermercado","Bebidas","Cervezas","Cervezas","Cerveza artesana","LA SAGRA cesta de madera variedades pack 6 botellas 33 cl"],"general_information":[],"ingredients":[],"ean":"8437011685780"},{"full_name":"LA SAGRA Bamberg cerveza artesana castellana ahumada botella 75 cl","name":"Bamberg cerveza artesana castellana ahumada botella 75 cl","brand":"LA SAGRA ","img":"https://sgfm.elcorteingles.es/SGFM/dctm/MEDIA03/201711/24/00118603001845____11__600x600.jpg","price":"4,99 €","price_unit":"(6,65 € / Litro)","categories":["Supermercado","Bebidas","Cervezas","Cervezas","Cerveza artesana","LA SAGRA Bamberg cerveza artesana castellana ahumada botella 75 cl"],"general_information":[],"ingredients":[],"ean":"8437011685339"},{"full_name":"LA SAGRA Winter Ale cerveza tostada artesana castellana botella 75 cl + Copa + Malta de Cebada","name":"Winter Ale cerveza tostada artesana castellana botella 75 cl","brand":"LA SAGRA ","img":"https://sgfm.elcorteingles.es/SGFM/dctm/MEDIA03/201712/13/00118603002181____1__600x600.jpg","price":"11,95 €","categories":["Supermercado","Bebidas","Cervezas","Cervezas","Cerveza artesana","LA SAGRA Winter Ale cerveza tostada artesana castellana botella 75 cl + Copa + Malta de Cebada"],"general_information":[],"ingredients":[],"ean":"8437011685803"},{"full_name":"LA SAGRA Winter Ale cerveza tostada artesana castellana botella 33 cl","name":"Winter Ale cerveza tostada artesana castellana botella 33 cl","brand":"LA SAGRA ","img":"https://sgfm.elcorteingles.es/SGFM/dctm/MEDIA03/201711/24/00118603002249____1__600x600.jpg","price":"1,99 €","categories":["Supermercado","Bebidas","Cervezas","Cervezas","Cerveza artesana","LA SAGRA Winter Ale cerveza tostada artesana castellana botella 33 cl"],"general_information":[],"ingredients":[],"ean":"8437011685346"},{"full_name":"LA SAGRA cerveza rubia artesana castellana premium botella 33 cl","name":"cerveza rubia artesana castellana premium botella 33 cl","brand":"LA SAGRA ","img":"https://sgfm.elcorteingles.es/SGFM/dctm/MEDIA03/201603/23/00118603000326____2__600x600.jpg","price":"1,86 €","price_unit":"(5,64 € / Litro)","categories":["Supermercado","Bebidas","Cervezas","Cervezas","Cerveza artesana","LA SAGRA cerveza rubia artesana castellana premium botella 33 cl"],"general_information":[],"ingredients":[],"ean":"8437011685018"},{"full_name":"LA SAGRA LAGER cerveza rubia artesana castellana botella 33 cl","name":"LAGER cerveza rubia artesana castellana botella 33 cl","brand":"LA SAGRA ","img":"https://sgfm.elcorteingles.es/SGFM/dctm/MEDIA03/201706/23/00118603001837____6__600x600.jpg","price":"1,50 €","price_unit":"(4,55 € / Litro)","categories":["Supermercado","Bebidas","Cervezas","Cervezas","Cerveza artesana","LA SAGRA LAGER cerveza rubia artesana castellana botella 33 cl"],"general_information":[],"ingredients":[],"ean":"8437011685582"},{"full_name":"LA SAGRA Bohío cerveza artesana castellana tipo Ale triple especial botella 33 cl","name":"Bohío cerveza artesana castellana tipo Ale triple especial botella 33 cl","brand":"LA SAGRA ","img":"https://sgfm.elcorteingles.es/SGFM/dctm/MEDIA03/201603/23/00118603000342____2__600x600.jpg","price":"2,90 €","price_unit":"(8,79 € / Litro)","categories":["Supermercado","Bebidas","Cervezas","Cervezas","Cerveza artesana","LA SAGRA Bohío cerveza artesana castellana tipo Ale triple especial botella 33 cl"],"general_information":[],"ingredients":[],"ean":"8437011685087"},{"full_name":"LA SAGRA Blue Moon cerveza turbia artesana castellana botella 33 cl","name":"Blue Moon cerveza turbia artesana castellana botella 33 cl","brand":"LA SAGRA ","img":"https://sgfm.elcorteingles.es/SGFM/dctm/MEDIA03/201706/05/00118603001779____1__600x600.jpg","price":"1,50 €","price_unit":"(4,55 € / Litro)","categories":["Supermercado","Bebidas","Cervezas","Cervezas","Cerveza artesana","LA SAGRA Blue Moon cerveza turbia artesana castellana botella 33 cl"],"general_information":[],"ingredients":[],"ean":"5010038454831"},{"full_name":"LA SAGRA cerveza roja artesana castellana botella 33 cl","name":"cerveza roja artesana castellana botella 33 cl","brand":"LA SAGRA ","img":"https://sgfm.elcorteingles.es/SGFM/dctm/MEDIA03/201603/23/00118603000334____2__600x600.jpg","price":"1,86 €","price_unit":"(5,64 € / Litro)","categories":["Supermercado","Bebidas","Cervezas","Cervezas","Cerveza artesana","LA SAGRA cerveza roja artesana castellana botella 33 cl"],"general_information":[],"ingredients":[],"ean":"8437011685032"},{"full_name":"LA SAGRA cerveza blanca de trigo artesana castellana 100% Malta botella 33 cl","name":"cerveza blanca de trigo artesana castellana 100% Malta botella 33 cl","brand":"LA SAGRA ","img":"https://sgfm.elcorteingles.es/SGFM/dctm/MEDIA03/201603/23/00118603000854____2__600x600.jpg","price":"2,00 €","price_unit":"(6,06 € / Litro)","categories":["Supermercado","Bebidas","Cervezas","Cervezas","Cerveza artesana","LA SAGRA cerveza blanca de trigo artesana castellana 100% Malta botella 33 cl"],"general_information":[],"ingredients":[],"ean":"8437011685094"},{"full_name":"NOMADA Traditionnelle Golden Ale cerveza rubia artesana botella 73,50 cl","name":"Traditionnelle Golden Ale cerveza rubia artesana botella 73,50 cl","brand":"NOMADA ","img":"https://sgfm.elcorteingles.es/SGFM/dctm/MEDIA03/201711/24/00118603002322____1__600x600.jpg","price":"5,49 €","categories":["Supermercado","Bebidas","Cervezas","Cervezas","Cerveza artesana","NOMADA Traditionnelle Golden Ale cerveza rubia artesana botella 73,50 cl"],"general_information":[],"ingredients":[],"ean":"8437016062463"},{"full_name":"FOUNDERS cerveza rubia artesana tipo Ipa botella 37,50 cl","name":"cerveza rubia artesana tipo Ipa botella 37,50 cl","brand":"FOUNDERS ","img":"https://sgfm.elcorteingles.es/SGFM/dctm/MEDIA03/201710/24/00118603001944____1__600x600.jpg","price":"2,90 €","price_unit":"(7,73 € / Litro)","categories":["Supermercado","Bebidas","Cervezas","Cervezas","Cerveza artesana","FOUNDERS cerveza rubia artesana tipo Ipa botella 37,50 cl"],"general_information":["Denominación del alimento: CERVEZA EXTRA","Nombre del operador: MAHOU, S.A.","Dirección del operador: Calle Titan, 15  28045  Madrid","Cantidad Neta: 0.355 Litros","Porcentaje de alcohol: 7.2%"],"ingredients":[" Agua, Malta de Cebada, Lúpulo, Levadura"],"ean":"0642860300052"},{"full_name":"LA CIBELES cerveza rubia elaborada de forma tradicional con agua de Madrid botella 33 cl","name":"cerveza rubia elaborada de forma tradicional con agua de Madrid botella 33 cl","brand":"LA CIBELES ","img":"https://sgfm.elcorteingles.es/SGFM/dctm/MEDIA03/201603/23/00118603000292____1__600x600.jpg","price":"2,56 €","price_unit":"(7,76 € / Litro)","categories":["Supermercado","Bebidas","Cervezas","Cervezas","Cerveza artesana","LA CIBELES cerveza rubia elaborada de forma tradicional con agua de Madrid botella 33 cl"],"general_information":["Denominación del alimento: Cerveza rubia","Nombre del operador: Cervezas La Cibeles, S.L.","Dirección del operador: Calle Petróleo, 34, Leganés, Madrid","Cantidad Neta: 33 Centilitros","Porcentaje de alcohol: 4.5%","Otras menciones obligatorias en la etiqueta: Una Cerveza de Alta Calidad elaborada tradicionalmente, utilizando únicamente maltas de cebada, lúpulos cuidadosamente seleccionados, levadura y agua de Madrid.  Al refermentar en botella puede contener sedimento de levadura (vitamina B y otros). Cerveza sin filtrar."],"ingredients":[" Agua, 100% malta de cebada, lúpulos y levadura. Contiene gluten."],"ean":"8437011763013"},{"full_name":"LA CIBELES cerveza rubia de trigo elaborada de forma tradicional con agua de Madrid botella 33 cl","name":"cerveza rubia de trigo elaborada de forma tradicional con agua de Madrid botella 33 cl","brand":"LA CIBELES ","img":"https://sgfm.elcorteingles.es/SGFM/00/30/0/0118603000300/0118603000300000g01011.jpg","price":"2,65 €","price_unit":"(8,03 € / Litro)","categories":["Supermercado","Bebidas","Cervezas","Cervezas","Cerveza artesana","LA CIBELES cerveza rubia de trigo elaborada de forma tradicional con agua de Madrid botella 33 cl"],"general_information":["Denominación del alimento: Cerveza trigo","Nombre del operador: Cervezas La Cibeles, S.L.","Dirección del operador: Calle Petróleo, 34, Leganés, Madrid","Cantidad Neta: 33 Centilitros","Porcentaje de alcohol: 4.5%","Otras menciones obligatorias en la etiqueta: Una Cerveza de Alta Calidad elaborada tradicionalmente, utilizando únicamente maltas de cebada, lúpulos cuidadosamente seleccionados, levadura y agua de Madrid.  Al refermentar en botella puede contener sedimento de levadura (vitamina B y otros). Cerveza sin filtrar."],"ingredients":[" Agua, 100% malta de cebada, lúpulos y levadura. Contiene gluten."],"ean":"8437011763051"},{"full_name":"LA CIBELES cerveza rubia india pale ale dry hopping elaborada tradicionalmente con agua de Madrid botella 33 cl","name":"cerveza rubia india pale ale dry hopping elaborada tradicionalmente con agua de Madrid botella 33 cl","brand":"LA CIBELES ","img":"https://sgfm.elcorteingles.es/SGFM/00/31/8/0118603000318/0118603000318000g01011.jpg","price":"2,65 €","price_unit":"(8,03 € / Litro)","categories":["Supermercado","Bebidas","Cervezas","Cervezas","Cerveza artesana","LA CIBELES cerveza rubia india pale ale dry hopping elaborada tradicionalmente con agua de Madrid botella 33 cl"],"general_information":["Denominación del alimento: Cerveza Ipa Dry Hopping","Nombre del operador: Cervezas La Cibeles, S.L.","Dirección del operador: Calle Petróleo, 34, Leganés, Madrid","Cantidad Neta: 33 Centilitros","Porcentaje de alcohol: 5.1%","Otras menciones obligatorias en la etiqueta: Una Cerveza de Alta Calidad elaborada tradicionalmente, utilizando únicamente maltas de cebada, lúpulos cuidadosamente seleccionados, levadura y agua de Madrid.  Al refermentar en botella puede contener sedimento de levadura (vitamina B y otros). Cerveza sin filtrar."],"ingredients":[" Agua, 100% malta de cebada, lúpulos y levadura. Contiene gluten."],"ean":"8437011763068"},{"full_name":"LA VIRGEN Jamonera cerveza artesana de Madrid botella 33 cl","name":"Jamonera cerveza artesana de Madrid botella 33 cl","brand":"LA VIRGEN ","img":"https://sgfm.elcorteingles.es/SGFM/dctm/MEDIA03/201708/24/00118603001951____1__600x600.jpg","price":"1,99 €","price_unit":"(6,03 € / Litro)","categories":["Supermercado","Bebidas","Cervezas","Cervezas","Cerveza artesana","LA VIRGEN Jamonera cerveza artesana de Madrid botella 33 cl"],"general_information":[],"ingredients":[],"ean":"8414606328659"},{"full_name":"LA VIRGEN Madrid Lager cerveza rubia artesana estilo Helles de Madrid Sin Gluten botella 25 cl","name":"Madrid Lager cerveza rubia artesana estilo Helles de Madrid Sin Gluten botella 25 cl","brand":"LA VIRGEN ","img":"https://sgfm.elcorteingles.es/SGFM/dctm/MEDIA03/201711/06/00118651000129____6__600x600.jpg","price":"1,95 €","price_unit":"(7,80 € / Litro)","categories":["Supermercado","Bebidas","Cervezas","Cervezas","Cerveza artesana","LA VIRGEN Madrid Lager cerveza rubia artesana estilo Helles de Madrid Sin Gluten botella 25 cl"],"general_information":[],"ingredients":[],"ean":"8425402151570"},{"full_name":"ER BOQUERON cerveza rubia de Valencia botella 75 cl","name":"cerveza rubia de Valencia botella 75 cl","brand":"ER BOQUERON ","img":"https://sgfm.elcorteingles.es/SGFM/dctm/MEDIA03/201603/23/00118603001365____1__600x600.jpg","price":"4,99 €","price_unit":"(6,65 € / Litro)","categories":["Supermercado","Bebidas","Cervezas","Cervezas","Cerveza artesana","ER BOQUERON cerveza rubia de Valencia botella 75 cl"],"general_information":[],"ingredients":[],"ean":"8437013487160"},{"full_name":"ER BOQUERON cerveza rubia de Valencia botella 33 cl","name":"cerveza rubia de Valencia botella 33 cl","brand":"ER BOQUERON ","img":"https://sgfm.elcorteingles.es/SGFM/dctm/MEDIA02/CONTENIDOS/201410/08/00118603000706____1__600x600.jpg","price":"1,99 €","price_unit":"(6,03 € / Litro)","categories":["Supermercado","Bebidas","Cervezas","Cervezas","Cerveza artesana","ER BOQUERON cerveza rubia de Valencia botella 33 cl"],"general_information":["Denominación del alimento: Cerveza con Agua de Mar","Nombre del operador: Marevendis Agua de Mar Mediterránea S.L.","Dirección del operador: C/ Reyes Católicos, 31 - 03003 Alicante","Lugar de procedencia del alimento: España","Cantidad Neta: 33 Centilitros","Porcentaje de alcohol: 4.8%"],"ingredients":[" Cebada, Lúpulo, Levaduras, Agua de Mar, Agua"],"ean":"8437013487023"},{"full_name":"MONTSENY cerveza artesana Malta Pale Ale botella 33 cl","name":"cerveza artesana Malta Pale Ale botella 33 cl","brand":"MONTSENY ","img":"https://sgfm.elcorteingles.es/SGFM/00/42/5/0118603000425/0118603000425000g01011.jpg","price":"2,05 €","price_unit":"(6,21 € / Litro)","categories":["Supermercado","Bebidas","Cervezas","Cervezas","Cerveza artesana","MONTSENY cerveza artesana Malta Pale Ale botella 33 cl"],"general_information":["Denominación del alimento: Cerveza","Nombre del operador: Companyia Cervesera del Montseny S.L.L.","Dirección del operador: Pol. Ind. Avellanet, C. del Feu 15, 08554 Sant Miquel de Balenyà, Seva.","Cantidad Neta: 33 Centilitros","Porcentaje de alcohol: 5.1%"],"ingredients":[" Agua, malta de cebada, lúpulo, levadura."],"ean":"8437009161050"},{"full_name":"MONTSENY cerveza artesana negra Stout Ale botella 33 cl","name":"cerveza artesana negra Stout Ale botella 33 cl","brand":"MONTSENY ","img":"https://sgfm.elcorteingles.es/SGFM/00/43/3/0118603000433/0118603000433000g01011.jpg","price":"2,56 €","price_unit":"(7,76 € / Litro)","categories":["Supermercado","Bebidas","Cervezas","Cervezas","Cerveza artesana","MONTSENY cerveza artesana negra Stout Ale botella 33 cl"],"general_information":["Denominación del alimento: Cerveza negra","Nombre del operador: Companyia Cervesera del Montseny S.L.L.","Dirección del operador: Pol. Ind. Avellanet, C. del Feu 15, 08554 Sant Miquel de Balenyà, Seva.","Cantidad Neta: 33 Centilitros","Porcentaje de alcohol: 5.2%"],"ingredients":[" Agua, malta de cebada, cebada tostada, copos de cebada, de trigo, de avena y de centeno; lúpulo, levadura."],"ean":"8437009161074"},{"full_name":"MONTSENY cerveza de trigo artesana Weizen Ale botella 33 cl","name":"cerveza de trigo artesana Weizen Ale botella 33 cl","brand":"MONTSENY ","img":"https://sgfm.elcorteingles.es/SGFM/00/44/1/0118603000441/0118603000441000g01011.jpg","price":"2,28 €","price_unit":"(6,91 € / Litro)","categories":["Supermercado","Bebidas","Cervezas","Cervezas","Cerveza artesana","MONTSENY cerveza de trigo artesana Weizen Ale botella 33 cl"],"general_information":["Denominación del alimento: Cerveza","Nombre del operador: Companyia Cervesera del Montseny S.L.L.","Dirección del operador: Pol. Ind. Avellanet, C. del Feu 15, 08554 Sant Miquel de Balenyà, Seva.","Cantidad Neta: 33 Centilitros","Porcentaje de alcohol: 4.0%"],"ingredients":[" Agua, malta de cebada, malta de trigo, lúpulo, levadura."],"ean":"8437009161081"},{"full_name":"ROSITA cerveza negra artesana botella 33 cl","name":"cerveza negra artesana botella 33 cl","brand":"ROSITA ","img":"https://sgfm.elcorteingles.es/SGFM/dctm/MEDIA03/201608/23/00118603001597____1__600x600.jpg","price":"2,05 €","price_unit":"(6,21 € / Litro)","categories":["Supermercado","Bebidas","Cervezas","Cervezas","Cerveza artesana","ROSITA cerveza negra artesana botella 33 cl"],"general_information":[],"ingredients":[],"ean":"8437009655047"},{"full_name":"ROSITA cerveza rubia artesana de Tarragona botella 33 cl","name":"cerveza rubia artesana de Tarragona botella 33 cl","brand":"ROSITA ","img":"https://sgfm.elcorteingles.es/SGFM/00/28/4/0118603000284/0118603000284000g01011.jpg","price":"2,12 €","price_unit":"(6,42 € / Litro)","categories":["Supermercado","Bebidas","Cervezas","Cervezas","Cerveza artesana","ROSITA cerveza rubia artesana de Tarragona botella 33 cl"],"general_information":["Denominación del alimento: Cerveza artesana","País de origen: España","Nombre del operador: Cerveses La Gardènia SL","Dirección del operador: P.I. Les Roques Roges, 6 - 43460 Alcover (TARRAGONA)","Cantidad Neta: 33 Centilitros","Porcentaje de alcohol: 5.5%"],"ingredients":[" Agua, malta, azúcar, miel lúpulos y levaduras."],"ean":"8437009655016"},{"full_name":"ROSITA D'Ivori  cerveza rubia artesana de Tarragona botella 33 cl","name":"D'Ivori  cerveza rubia artesana de Tarragona botella 33 cl","brand":"ROSITA ","img":"https://sgfm.elcorteingles.es/SGFM/dctm/MEDIA03/201608/23/00118603001589____1__600x600.jpg","price":"2,00 €","categories":["Supermercado","Bebidas","Cervezas","Cervezas","Cerveza artesana","ROSITA D'Ivori  cerveza rubia artesana de Tarragona botella 33 cl"],"general_information":["Denominación del alimento: Cerveza artesana","País de origen: España","Nombre del operador: Cerveses La Gardènia SL","Dirección del operador: P.I. Les Roques Roges, 6 - 43460 Alcover (TARRAGONA)","Cantidad Neta: 33 Centilitros","Porcentaje de alcohol: 4.6%"],"ingredients":[" Agua, malta, trigo, azúcar, piel naranja, clilantro, lúpulos y levaduras. Contiene trigo"],"ean":"8437009655030"},{"full_name":"ROSITA Picant  cerveza rubia artesana de Tarragona botella 33 cl","name":"Picant  cerveza rubia artesana de Tarragona botella 33 cl","brand":"ROSITA ","img":"https://sgfm.elcorteingles.es/SGFM/dctm/MEDIA03/201703/27/00118603001605____1__600x600.jpg","price":"2,19 €","price_unit":"(6,64 € / Litro)","categories":["Supermercado","Bebidas","Cervezas","Cervezas","Cerveza artesana","ROSITA Picant  cerveza rubia artesana de Tarragona botella 33 cl"],"general_information":["Denominación del alimento: Cerveza artesana","País de origen: España","Nombre del operador: Cerveses La Gardènia SL","Dirección del operador: P.I. Les Roques Roges, 6 - 43460 Alcover (TARRAGONA)","Cantidad Neta: 33 Centilitros","Porcentaje de alcohol: 4.7%"],"ingredients":[" Agua, malta, gengibre, limón, azúcar, lúpulos y levaduras."],"ean":"8437009655054"},{"full_name":"TORO cerveza rubia artesanal Premium de Jerez botella 33 cl","name":"cerveza rubia artesanal Premium de Jerez botella 33 cl","brand":"TORO ","img":"https://sgfm.elcorteingles.es/SGFM/dctm/MEDIA03/201605/06/00118603001563____1__600x600.jpg","price":"2,19 €","price_unit":"(6,64 € / Litro)","categories":["Supermercado","Bebidas","Cervezas","Cervezas","Cerveza artesana","TORO cerveza rubia artesanal Premium de Jerez botella 33 cl"],"general_information":[],"ingredients":[],"ean":"8437013111652"},{"full_name":"TYRIS cerveza rubia artesana valenciana barril 5 l","name":"cerveza rubia artesana valenciana barril 5 l","brand":"TYRIS ","img":"https://sgfm.elcorteingles.es/SGFM/dctm/MEDIA03/201605/18/00118603001498____1__600x600.jpg","price":"19,95 €","price_unit":"(3,99 € / Litro)","categories":["Supermercado","Bebidas","Cervezas","Cervezas","Cerveza artesana","TYRIS cerveza rubia artesana valenciana barril 5 l"],"general_information":[],"ingredients":[],"ean":"0843701113569"},{"full_name":"TYRIS cerveza valenciana artesanal de trigo botella 33 cl","name":"cerveza valenciana artesanal de trigo botella 33 cl","brand":"TYRIS ","img":"https://sgfm.elcorteingles.es/SGFM/dctm/MEDIA03/201704/06/00118603000391____1__600x600.jpg","price":"2,05 €","price_unit":"(6,21 € / Litro)","categories":["Supermercado","Bebidas","Cervezas","Cervezas","Cerveza artesana","TYRIS cerveza valenciana artesanal de trigo botella 33 cl"],"general_information":[],"ingredients":[],"ean":"8437011135506"},{"full_name":"BARCELONA BEER PIQUENBAUER cerveza de trigo botella 33 cl","name":"PIQUENBAUER cerveza de trigo botella 33 cl","brand":"BARCELONA BEER ","img":"https://sgfm.elcorteingles.es/SGFM/dctm/MEDIA03/201702/23/00118603001670____1__600x600.jpg","price":"2,05 €","price_unit":"(6,21 € / Litro)","categories":["Supermercado","Bebidas","Cervezas","Cervezas","Cerveza artesana","BARCELONA BEER PIQUENBAUER cerveza de trigo botella 33 cl"],"general_information":[],"ingredients":[],"ean":"8437013668118"},{"full_name":"GAMUS Ginger Pale Ale cerveza rubia artesanal de Murcia 100% Malta botella 33 cl","name":"Ginger Pale Ale cerveza rubia artesanal de Murcia 100% Malta botella 33 cl","brand":"GAMUS ","img":"https://sgfm.elcorteingles.es/SGFM/00/20/1/0118603000201/0118603000201000g01011.jpg","price":"2,15 €","price_unit":"(6,52 € / Litro)","categories":["Supermercado","Bebidas","Cervezas","Cervezas","Cerveza artesana","GAMUS Ginger Pale Ale cerveza rubia artesanal de Murcia 100% Malta botella 33 cl"],"general_information":[],"ingredients":[],"ean":"8437013307024"},{"full_name":"GAMUS Lager Tres Maltas cerveza artesana de Murcia 100% Malta botella 33 cl","name":"Lager Tres Maltas cerveza artesana de Murcia 100% Malta botella 33 cl","brand":"GAMUS ","img":"https://sgfm.elcorteingles.es/SGFM/00/19/3/0118603000193/0118603000193000g01011.jpg","price":"2,15 €","price_unit":"(6,52 € / Litro)","categories":["Supermercado","Bebidas","Cervezas","Cervezas","Cerveza artesana","GAMUS Lager Tres Maltas cerveza artesana de Murcia 100% Malta botella 33 cl"],"general_information":[],"ingredients":[],"ean":"8437013307017"},{"full_name":"LA SALVE Lager Auténtica cerveza rubia de Bilbao botella 33 cl","name":"Lager Auténtica cerveza rubia de Bilbao botella 33 cl","brand":"LA SALVE ","img":"https://sgfm.elcorteingles.es/SGFM/dctm/MEDIA02/CONTENIDOS/201601/26/00118603001332____1__600x600.jpg","price":"1,10 €","price_unit":"(3,33 € / Litro)","categories":["Supermercado","Bebidas","Cervezas","Cervezas","Cerveza artesana","LA SALVE Lager Auténtica cerveza rubia de Bilbao botella 33 cl"],"general_information":["Denominación del alimento: CERVEZA","Nombre del operador: MAHOU, S.A.","Dirección del operador: Calle Titan, 15  28045  Madrid","Cantidad Neta: 0.33 Litros","Porcentaje de alcohol: 5%"],"ingredients":[" Agua, Malta de Cebada,  Lupulo"],"ean":"8414606746514"},{"full_name":"ARRIACA cerveza rubia de Castilla la Mancha lata 33 cl","name":"cerveza rubia de Castilla la Mancha lata 33 cl","brand":"ARRIACA ","img":"https://sgfm.elcorteingles.es/SGFM/dctm/MEDIA03/201604/27/00118603001472____1__600x600.jpg","price":"1,69 €","price_unit":"(5,12 € / Litro)","categories":["Supermercado","Bebidas","Cervezas","Cervezas","Cerveza artesana","ARRIACA cerveza rubia de Castilla la Mancha lata 33 cl"],"general_information":["Denominación del alimento: Cerveza","País de origen: España","Nombre del operador: Cervezas Arriaca, S.L.","Dirección del operador: Avda. de la Industria, 3A Nave 6 - 19210 Yunquera de Henares (Guadalajara)","Cantidad Neta: 33 Centilitros","Porcentaje de alcohol: 4.3%"],"ingredients":[" Agua, malta de cebada, lúpulo y levadura."],"conservation":" Conservese en lugar fresco, seco y alejado de la luz","ean":"8437014238402"},{"full_name":"ARRIACA IPA cerveza rubia de Castilla la Mancha lata 33 cl","name":"IPA cerveza rubia de Castilla la Mancha lata 33 cl","brand":"ARRIACA ","img":"https://sgfm.elcorteingles.es/SGFM/dctm/MEDIA03/201604/27/00118603001480____1__600x600.jpg","price":"1,89 €","price_unit":"(5,73 € / Litro)","categories":["Supermercado","Bebidas","Cervezas","Cervezas","Cerveza artesana","ARRIACA IPA cerveza rubia de Castilla la Mancha lata 33 cl"],"general_information":["Denominación del alimento: Cerveza","País de origen: España","Nombre del operador: Cervezas Arriaca, S.L.","Dirección del operador: Avda. de la Industria, 3A Nave 6 - 19210 Yunquera de Henares (Guadalajara)","Cantidad Neta: 33 Centilitros","Porcentaje de alcohol: 6.9%"],"ingredients":[" Agua, malta de cebada, lúpulo y levadura."],"conservation":" Conservese en lugar fresco, seco y alejado de la luz","ean":"8437014238426"},{"full_name":"ARRIACA SESION IPA cerveza rubia artesana estilo India Pale Ale lata 33 cl","name":"SESION IPA cerveza rubia artesana estilo India Pale Ale lata 33 cl","brand":"ARRIACA ","img":"https://sgfm.elcorteingles.es/SGFM/dctm/MEDIA03/201705/09/00118603001753____1__600x600.jpg","price":"1,89 €            ","price_unit":"(5,45 € / Litro)","categories":["Supermercado","Bebidas","Cervezas","Cervezas","Cerveza artesana","ARRIACA SESION IPA cerveza rubia artesana estilo India Pale Ale lata 33 cl"],"general_information":["Denominación del alimento: Cerveza","País de origen: España","Nombre del operador: Cervezas Arriaca, S.L.","Dirección del operador: Avda. de la Industria, 3A Nave 6 - 19210 Yunquera de Henares (Guadalajara)","Cantidad Neta: 33 Centilitros","Porcentaje de alcohol: 3.6%"],"ingredients":[" Agua, malta de cebada, lúpulo y levadura."],"conservation":" Conservese en lugar fresco, seco y alejado de la luz","ean":"8437014238464"},{"full_name":"PAQUI BROWN cerveza rubia artesanal de Valencia botella 33 cl","name":"cerveza rubia artesanal de Valencia botella 33 cl","brand":"PAQUI BROWN ","img":"https://sgfm.elcorteingles.es/SGFM/dctm/MEDIA03/201704/06/00118603000904____1__600x600.jpg","price":"2,49 €","price_unit":"(7,55 € / Litro)","categories":["Supermercado","Bebidas","Cervezas","Cervezas","Cerveza artesana","PAQUI BROWN cerveza rubia artesanal de Valencia botella 33 cl"],"general_information":[],"ingredients":[],"ean":"8437011135568"},{"full_name":"DOLINA cerveza tostada de Burgos botella 33 cl","name":"cerveza tostada de Burgos botella 33 cl","brand":"DOLINA ","img":"https://sgfm.elcorteingles.es/SGFM/dctm/MEDIA02/CONTENIDOS/201507/15/00118603001233____1__600x600.jpg","price":"2,51 €","price_unit":"(7,61 € / Litro)","categories":["Supermercado","Bebidas","Cervezas","Cervezas","Cerveza artesana","DOLINA cerveza tostada de Burgos botella 33 cl"],"general_information":[],"ingredients":[],"ean":"8432594990023"},{"full_name":"GREDOS cerveza rubia artesana de Ávila botella 33 cl","name":"cerveza rubia artesana de Ávila botella 33 cl","brand":"GREDOS ","img":"https://sgfm.elcorteingles.es/SGFM/dctm/MEDIA02/CONTENIDOS/201501/22/00118603001068____1__600x600.jpg","price":"2,46 €","price_unit":"(7,45 € / Litro)","categories":["Supermercado","Bebidas","Cervezas","Cervezas","Cerveza artesana","GREDOS cerveza rubia artesana de Ávila botella 33 cl"],"general_information":["Denominación del alimento: Cerveza doble malta artesana","Nombre del operador: Cerveza Gredos, S.L.","Dirección del operador: Pol. 6 parcela 413, C/Eras de ruiz, s/n, 05123 Hoyocasero, Ávila.","Cantidad Neta: 33 Centilitros","Porcentaje de alcohol: 4.7%"],"ingredients":[" Agua pura de la Sierra de Gredos, cebada malteada, lúpulo y levaduras."],"conservation":"Modo de empleo: Consumir entre 6-8°C, preferiblemente en una copa Balón.","ean":"8437013181006"},{"full_name":"VIPA cerveza rubia artesanal de Valencia botella 33 cl","name":"cerveza rubia artesanal de Valencia botella 33 cl","brand":"VIPA ","img":"https://sgfm.elcorteingles.es/SGFM/dctm/MEDIA03/201704/06/00118603000896____1__600x600.jpg","price":"2,81 €","price_unit":"(8,52 € / Litro)","categories":["Supermercado","Bebidas","Cervezas","Cervezas","Cerveza artesana","VIPA cerveza rubia artesanal de Valencia botella 33 cl"],"general_information":[],"ingredients":[],"ean":"8437011135513"},{"full_name":"KADABRA BELGIAN WHITE cerveza rubia de León botella 33 cl","name":"BELGIAN WHITE cerveza rubia de León botella 33 cl","brand":"KADABRA ","img":"https://sgfm.elcorteingles.es/SGFM/dctm/MEDIA02/CONTENIDOS/201412/05/00118603001035____1__600x600.jpg","price":"2,35 €","price_unit":"(7,12 € / Litro)","categories":["Supermercado","Bebidas","Cervezas","Cervezas","Cerveza artesana","KADABRA BELGIAN WHITE cerveza rubia de León botella 33 cl"],"general_information":["Denominación del alimento: Cerveza","Nombre del operador: Compañia Cervecera Estrella Del Norte S.A.U","Dirección del operador: Calle uno,parcela 25.24392 Villadangos del Páramo(León)","Cantidad Neta: 33,0 Centilitros","Porcentaje de alcohol: 5,0%"],"ingredients":[" Malta de cebada,malta de trigo,copos cebada,copos de trigo,cáscara naranja amarga,cilantro,azúcar blanca,lúpulos,levadura"],"conservation":" mantener el producto en lo posible alejado de la luz y la botella vertical","ean":"8437014156010"},{"full_name":"KADABRA IPA cerveza rubia de León botella 33 cl","name":"IPA cerveza rubia de León botella 33 cl","brand":"KADABRA ","img":"https://sgfm.elcorteingles.es/SGFM/dctm/MEDIA02/CONTENIDOS/201412/05/00118603001043____1__600x600.jpg","price":"2,35 €","price_unit":"(7,12 € / Litro)","categories":["Supermercado","Bebidas","Cervezas","Cervezas","Cerveza artesana","KADABRA IPA cerveza rubia de León botella 33 cl"],"general_information":["Denominación del alimento: Cerveza","Nombre del operador: Compañia Cervecera Estrella Del Norte S.A.U","Dirección del operador: Calle uno,parcela 25.24392 Villadangos del Páramo(León)","Cantidad Neta: 33,0 Centilitros","Porcentaje de alcohol: 6,5%"],"ingredients":[" Malta de cebada,azúcar candy,azúcar blanca,lúpulo,levadura"],"conservation":" mantener el producto en lo posible alejado de la luz y la botella vertical","ean":"8437014156027"},{"full_name":"KADABRA GOLDEN ALE cerveza rubia de León botella 33 cl","name":"GOLDEN ALE cerveza rubia de León botella 33 cl","brand":"KADABRA ","img":"https://sgfm.elcorteingles.es/SGFM/dctm/MEDIA02/CONTENIDOS/201412/05/00118603001050____1__600x600.jpg","price":"2,35 €","price_unit":"(7,12 € / Litro)","categories":["Supermercado","Bebidas","Cervezas","Cervezas","Cerveza artesana","KADABRA GOLDEN ALE cerveza rubia de León botella 33 cl"],"general_information":["Denominación del alimento: Cerveza","Nombre del operador: Compañia Cervecera Estrella Del Norte S.A.U","Dirección del operador: Calle uno,parcela 25.24392 Villadangos del Páramo(León)","Cantidad Neta: 33,0 Centilitros","Porcentaje de alcohol: 4,8%"],"ingredients":[" Maltas de cebada,lúpulo,levadura,azúcar blanca"],"conservation":" mantener el producto en lo posible alejado de la luz y la botella vertical","ean":"8437014156034"},{"full_name":"TORQUEMADA cerveza artesana palenciana de trigo botella 33 cl","name":"cerveza artesana palenciana de trigo botella 33 cl","brand":"TORQUEMADA ","img":"https://sgfm.elcorteingles.es/SGFM/00/17/7/0118603000177/0118603000177000g01011.jpg","price":"2,18 €","price_unit":"(6,61 € / Litro)","categories":["Supermercado","Bebidas","Cervezas","Cervezas","Cerveza artesana","TORQUEMADA cerveza artesana palenciana de trigo botella 33 cl"],"general_information":[],"ingredients":[],"ean":"8414606417681"},{"full_name":"TORQUEMADA cerveza negra nacional artesana de Palencia botella 33 cl","name":"cerveza negra nacional artesana de Palencia botella 33 cl","brand":"TORQUEMADA ","img":"https://sgfm.elcorteingles.es/SGFM/00/15/1/0118603000151/0118603000151000g01011.jpg","price":"2,31 €","price_unit":"(7 € / Litro)","categories":["Supermercado","Bebidas","Cervezas","Cervezas","Cerveza artesana","TORQUEMADA cerveza negra nacional artesana de Palencia botella 33 cl"],"general_information":[],"ingredients":[],"ean":"8414606417674"},{"full_name":"BLOMBERG Blanca cerveza de trigo de Extremadura botella 33 cl","name":"Blanca cerveza de trigo de Extremadura botella 33 cl","brand":"BLOMBERG ","img":"https://sgfm.elcorteingles.es/SGFM/dctm/MEDIA02/CONTENIDOS/201510/05/00118603001175____1__600x600.jpg","price":"2,74 €","price_unit":"(8,30 € / Litro)","categories":["Supermercado","Bebidas","Cervezas","Cervezas","Cerveza artesana","BLOMBERG Blanca cerveza de trigo de Extremadura botella 33 cl"],"general_information":[],"ingredients":[],"ean":"8414606756711"},{"full_name":"BLOMBERG Original cerveza rubia de Extremadura botella 33 cl","name":"Original cerveza rubia de Extremadura botella 33 cl","brand":"BLOMBERG ","img":"https://sgfm.elcorteingles.es/SGFM/dctm/MEDIA02/CONTENIDOS/201510/05/00118603001167____1__600x600.jpg","price":"2,70 €","price_unit":"(8,18 € / Litro)","categories":["Supermercado","Bebidas","Cervezas","Cervezas","Cerveza artesana","BLOMBERG Original cerveza rubia de Extremadura botella 33 cl"],"general_information":[],"ingredients":[],"ean":"8414606756681"},{"full_name":"BLOMBERG Organica cerveza rubia ecológica de Extremadura botella 33 cl","name":"Organica cerveza rubia ecológica de Extremadura botella 33 cl","brand":"BLOMBERG ","img":"https://sgfm.elcorteingles.es/SGFM/dctm/MEDIA02/CONTENIDOS/201510/05/00118603001191____1__600x600.jpg","price":"2,45 €","price_unit":"(7,42 € / Litro)","categories":["Supermercado","Bebidas","Cervezas","Cervezas","Cerveza artesana","BLOMBERG Organica cerveza rubia ecológica de Extremadura botella 33 cl"],"general_information":[],"ingredients":[],"ean":"8414606756773"},{"full_name":"BLOMBERG Triple Belga cerveza rubia extremeña con un toque de pimentón botella 33 cl","name":"Triple Belga cerveza rubia extremeña con un toque de pimentón botella 33 cl","brand":"BLOMBERG ","img":"https://sgfm.elcorteingles.es/SGFM/dctm/MEDIA03/201604/14/00118603001506____1__600x600.jpg","price":"3,00 €","price_unit":"(9,09 € / Litro)","categories":["Supermercado","Bebidas","Cervezas","Cervezas","Cerveza artesana","BLOMBERG Triple Belga cerveza rubia extremeña con un toque de pimentón botella 33 cl"],"general_information":[],"ingredients":[],"ean":"8414606756803"},{"full_name":"BURRO DE SANCHO cerveza rubia artesana castellana botella 33 cl","name":"cerveza rubia artesana castellana botella 33 cl","brand":"BURRO DE SANCHO ","img":"https://sgfm.elcorteingles.es/SGFM/dctm/MEDIA02/CONTENIDOS/201504/14/00118603001118____2__600x600.jpg","price":"1,40 €","price_unit":"(4,24 € / Litro)","categories":["Supermercado","Bebidas","Cervezas","Cervezas","Cerveza artesana","BURRO DE SANCHO cerveza rubia artesana castellana botella 33 cl"],"general_information":[],"ingredients":[],"ean":"8437011685049"},{"full_name":"BALLUT ZAINA cerveza negra extremeña botella 33 cl","name":"ZAINA cerveza negra extremeña botella 33 cl","brand":"BALLUT ","img":"https://sgfm.elcorteingles.es/SGFM/dctm/MEDIA02/CONTENIDOS/201501/27/00118603001100____1__600x600.jpg","price":"2,71 €","price_unit":"(8,21 € / Litro)","categories":["Supermercado","Bebidas","Cervezas","Cervezas","Cerveza artesana","BALLUT ZAINA cerveza negra extremeña botella 33 cl"],"general_information":[],"ingredients":[],"ean":"8414606419180"},{"full_name":"BALLUT Jacha Jigo Jiguera cerveza rubia extremeña botella 33 cl","name":"Jacha Jigo Jiguera cerveza rubia extremeña botella 33 cl","brand":"BALLUT ","img":"https://sgfm.elcorteingles.es/SGFM/dctm/MEDIA02/CONTENIDOS/201501/27/00118603001092____1__600x600.jpg","price":"3,19 €","price_unit":"(9,67 € / Litro)","categories":["Supermercado","Bebidas","Cervezas","Cervezas","Cerveza artesana","BALLUT Jacha Jigo Jiguera cerveza rubia extremeña botella 33 cl"],"general_information":[],"ingredients":[],"ean":"8414606419197"},{"full_name":"CIERVA cerveza rubia de Cantabria Pack 3 botellas 33 cl variedades Abbey, Saison y Blond Ale","name":"cerveza rubia de Cantabria Pack 3 botellas 33 cl","brand":"CIERVA ","img":"https://sgfm.elcorteingles.es/SGFM//00/69/7/0200503000697/0200503000697000g01011.jpg","price":"6,03 €","price_unit":"(6,09 € / Litro)","categories":["Supermercado","Bebidas","Cervezas","Cervezas","Cerveza artesana","CIERVA cerveza rubia de Cantabria Pack 3 botellas 33 cl variedades Abbey, Saison y Blond Ale"],"general_information":[],"ingredients":[],"ean":"8414606506484"},{"full_name":"CIERVA ABBEY Lager cerveza rubia de Cantabria botella 33 cl","name":"ABBEY Lager cerveza rubia de Cantabria botella 33 cl","brand":"CIERVA ","img":"https://sgfm.elcorteingles.es/SGFM//00/61/4/0200503000614/0200503000614000g01011.jpg","price":"2,44 €","price_unit":"(7,39 € / Litro)","categories":["Supermercado","Bebidas","Cervezas","Cervezas","Cerveza artesana","CIERVA ABBEY Lager cerveza rubia de Cantabria botella 33 cl"],"general_information":[],"ingredients":[],"ean":"8414606506477"},{"full_name":"CIERVA BLOND Ale cerveza rubia de Cantabria botella 33 cl","name":"BLOND Ale cerveza rubia de Cantabria botella 33 cl","brand":"CIERVA ","img":"https://sgfm.elcorteingles.es/SGFM//00/59/8/0200503000598/0200503000598000g01011.jpg","price":"2,25 €","price_unit":"(6,82 € / Litro)","categories":["Supermercado","Bebidas","Cervezas","Cervezas","Cerveza artesana","CIERVA BLOND Ale cerveza rubia de Cantabria botella 33 cl"],"general_information":[],"ingredients":[],"ean":"8414606506460"},{"full_name":"CIERVA SAISON cerveza rubia de Cantabria botella 33 cl","name":"SAISON cerveza rubia de Cantabria botella 33 cl","brand":"CIERVA ","img":"https://sgfm.elcorteingles.es/SGFM//00/60/6/0200503000606/0200503000606000g01011.jpg","price":"2,04 €","price_unit":"(6,18 € / Litro)","categories":["Supermercado","Bebidas","Cervezas","Cervezas","Cerveza artesana","CIERVA SAISON cerveza rubia de Cantabria botella 33 cl"],"general_information":[],"ingredients":[],"ean":"8414606506453"},{"full_name":"DES PLA Rossa cerveza tipo Premium Bitter botella 33 cl","name":"Rossa cerveza tipo Premium Bitter botella 33 cl","brand":"DES PLA ","img":"https://sgfm.elcorteingles.es/SGFM/dctm/MEDIA03/201604/21/00118603001555____1__600x600.jpg","price":"2,31 €","price_unit":"(7 € / Litro)","categories":["Supermercado","Bebidas","Cervezas","Cervezas","Cerveza artesana","DES PLA Rossa cerveza tipo Premium Bitter botella 33 cl"],"general_information":[],"ingredients":[],"ean":"0040232840630"},{"full_name":"DES PLA Xeixa cerveza de trigo botella 33 cl","name":"Xeixa cerveza de trigo botella 33 cl","brand":"DES PLA ","img":"https://sgfm.elcorteingles.es/SGFM/dctm/MEDIA03/201604/21/00118603001530____1__600x600.jpg","price":"2,31 €","price_unit":"(7 € / Litro)","categories":["Supermercado","Bebidas","Cervezas","Cervezas","Cerveza artesana","DES PLA Xeixa cerveza de trigo botella 33 cl"],"general_information":[],"ingredients":[],"ean":"0040232895159"},{"full_name":"DES PLA cerveza negra botella 33 cl","name":"cerveza negra botella 33 cl","brand":"DES PLA ","img":"https://sgfm.elcorteingles.es/SGFM/dctm/MEDIA03/201604/21/00118603001548____1__600x600.jpg","price":"2,31 €","price_unit":"(7 € / Litro)","categories":["Supermercado","Bebidas","Cervezas","Cervezas","Cerveza artesana","DES PLA cerveza negra botella 33 cl"],"general_information":[],"ingredients":[],"ean":"0040232840623"},{"full_name":"MAIER cerveza artesana Pale Ale fabricada en Cádiz botella 33 cl","name":"cerveza artesana Pale Ale fabricada en Cádiz botella 33 cl","brand":"MAIER ","img":"https://sgfm.elcorteingles.es/SGFM/02/41/0/0118602202410/0118602202410000g01011.jpg","price":"2,50 €","price_unit":"(7,58 € / Litro)","categories":["Supermercado","Bebidas","Cervezas","Cervezas","Cerveza artesana","MAIER cerveza artesana Pale Ale fabricada en Cádiz botella 33 cl"],"general_information":["Denominación del alimento: Cerveza Pale Ale","Nombre del operador: Cerveza Maier S.L.","Dirección del operador: C/Cuna Vieja  4,  11001 Cádiz.","Cantidad Neta: 33 Centilitros","Porcentaje de alcohol: 4.5%"],"ingredients":[" Agua, malta de cebada, lúpulo y levadura."],"ean":"8437012877009"},{"full_name":"BELENOS cerveza rubia nacional botella 33 cl","name":"cerveza rubia nacional botella 33 cl","brand":"BELENOS ","img":"https://sgfm.elcorteingles.es/SGFM//00/87/0/0118603000870/0118603000870000g01011.jpg","price":"1,13 €","price_unit":"(3,42 € / Litro)","categories":["Supermercado","Bebidas","Cervezas","Cervezas","Cerveza artesana","BELENOS cerveza rubia nacional botella 33 cl"],"general_information":["Denominación del alimento: Cerveza","Nombre del operador: Appleypan, S.L.","Dirección del operador: Crt. Gral., 24 -33199 Granda (Asturias)","Cantidad Neta: 33 Centilitros","Porcentaje de alcohol: 5,0%"],"ingredients":[" Malta, lúpulo y agua."],"ean":"8437011228000"},{"full_name":"BELENOS Super cerveza rubia nacional botella 33 cl","name":"Super cerveza rubia nacional botella 33 cl","brand":"BELENOS ","img":"https://sgfm.elcorteingles.es/SGFM//00/71/3/0200503000713/0200503000713000g01011.jpg","price":"1,58 €","price_unit":"(4,79 € / Litro)","categories":["Supermercado","Bebidas","Cervezas","Cervezas","Cerveza artesana","BELENOS Super cerveza rubia nacional botella 33 cl"],"general_information":["Denominación del alimento: Cerveza","Nombre del operador: Appleypan, S.L.","Dirección del operador: Crt. Gral., 24 -33199 Granda (Asturias)","Cantidad Neta: 33 Centilitros","Porcentaje de alcohol: 6,8%"],"ingredients":[" Malta, lúpulo y agua."],"ean":"8437011228017"},{"full_name":"ICUE cerveza rubia tipo Pale Ale de Cartagena botella 33 cl","name":"cerveza rubia tipo Pale Ale de Cartagena botella 33 cl","brand":"ICUE ","img":"https://sgfm.elcorteingles.es/SGFM/dctm/MEDIA02/CONTENIDOS/201406/05/00118603000763____1__600x600.jpg","price":"2,10 €","price_unit":"(6,36 € / Litro)","categories":["Supermercado","Bebidas","Cervezas","Cervezas","Cerveza artesana","ICUE cerveza rubia tipo Pale Ale de Cartagena botella 33 cl"],"general_information":[],"ingredients":[]},{"full_name":"ICUE Alameda Estilo Kolsh cerveza rubia de Cartagena botella 33 cl","name":"Alameda Estilo Kolsh cerveza rubia de Cartagena botella 33 cl","brand":"ICUE ","img":"https://sgfm.elcorteingles.es/SGFM/dctm/MEDIA02/CONTENIDOS/201406/05/00118603000771____1__600x600.jpg","price":"2,00 €","price_unit":"(6,06 € / Litro)","categories":["Supermercado","Bebidas","Cervezas","Cervezas","Cerveza artesana","ICUE Alameda Estilo Kolsh cerveza rubia de Cartagena botella 33 cl"],"general_information":["Denominación del alimento: Cerveza","Nombre del operador: Cerveza Icue","Dirección del operador: Calle Uruguay, 4, 30300 Cartagena, Murcia","Cantidad Neta: 33 Centilitros","Porcentaje de alcohol: 4.5%","Otras menciones obligatorias en la etiqueta: Puede contener sedimentos debido a la fermentacion en botella."],"ingredients":[" Agua, malta, lúpulo y levaduras seleccionadas."],"conservation":" Conservar en lugar limpio y seco.","ean":"8437015466026"},{"full_name":"ICUE CARTHAGO cerveza rubia tipo Pale Ale de Cartagena botella 33 cl","name":"CARTHAGO cerveza rubia tipo Pale Ale de Cartagena botella 33 cl","brand":"ICUE ","img":"https://sgfm.elcorteingles.es/SGFM/dctm/MEDIA02/CONTENIDOS/201601/04/00118603001282____1__600x600.jpg","price":"2,00 €","price_unit":"(6,06 € / Litro)","categories":["Supermercado","Bebidas","Cervezas","Cervezas","Cerveza artesana","ICUE CARTHAGO cerveza rubia tipo Pale Ale de Cartagena botella 33 cl"],"general_information":["Denominación del alimento: Cerveza","Nombre del operador: Cerveza Icue","Dirección del operador: Calle Uruguay, 4, 30300 Cartagena, Murcia","Cantidad Neta: 33 Centilitros","Porcentaje de alcohol: 5.5%","Otras menciones obligatorias en la etiqueta: Puede contener sedimentos debido a la fermentacion en botella."],"ingredients":[" Agua, malta, lúpulo y levaduras seleccionadas."],"conservation":" Conservar en lugar limpio y seco.","ean":"8437015466019"},{"full_name":"MOLI BALEAR cerveza blanca extra botella 33 cl","name":"cerveza blanca extra botella 33 cl","brand":"MOLI BALEAR ","img":"https://sgfm.elcorteingles.es/SGFM//00/94/6/0118603000946/0118603000946000g01011.jpg","price":"2,61 €","price_unit":"(7,91 € / Litro)","categories":["Supermercado","Bebidas","Cervezas","Cervezas","Cerveza artesana","MOLI BALEAR cerveza blanca extra botella 33 cl"],"general_information":["Denominación del alimento: Cerveza de trigo","Nombre del operador: Cervezas Molí Balear, SL","Dirección del operador: C/ Montisión, 17 - 07001 Palma De Mallorca","Cantidad Neta: 33 Centilitros","Porcentaje de alcohol: 4.9%"],"ingredients":[" Agua, maltas de cebada y trigo, lúpulo, cilantro, corteza de naranja amarga, levadura"],"conservation":"Modo de empleo: Se recomienda enfriar en posición vertical. Temperatura de servicio entre 3 y 6 °C","ean":"8437013918008"},{"full_name":"BIZANTINA cerveza artesana de cebada botella 33 cl","name":"cerveza artesana de cebada botella 33 cl","brand":"BIZANTINA ","img":"https://sgfm.elcorteingles.es/SGFM//00/78/9/0118603000789/0118603000789000g01011.jpg","price":"2,35 €","price_unit":"(7,12 € / Litro)","categories":["Supermercado","Bebidas","Cervezas","Cervezas","Cerveza artesana","BIZANTINA cerveza artesana de cebada botella 33 cl"],"general_information":[],"ingredients":[],"ean":"8414606564514"},{"full_name":"LEMONZILLA cerveza rubia con limón botella 33 cl","name":"cerveza rubia con limón botella 33 cl","brand":"LEMONZILLA ","img":"https://sgfm.elcorteingles.es/SGFM/dctm/MEDIA03/201605/06/00200503001380____1__600x600.jpg","price":"2,15 €","price_unit":"(6,52 € / Litro)","categories":["Supermercado","Bebidas","Cervezas","Cervezas","Cerveza artesana","LEMONZILLA cerveza rubia con limón botella 33 cl"],"general_information":[],"ingredients":[],"ean":"8437011135582"},{"full_name":"ARRIACA Imperial Red Ipa cerveza tostada lata 33 cl","name":"Imperial Red Ipa cerveza tostada lata 33 cl","brand":"ARRIACA ","img":"https://sgfm.elcorteingles.es/SGFM/dctm/MEDIA03/201705/23/00118603001761____1__600x600.jpg","price":"2,39 €            ","price_unit":"(6,88 € / Litro)","categories":["Supermercado","Bebidas","Cervezas","Cervezas","Cerveza artesana","ARRIACA Imperial Red Ipa cerveza tostada lata 33 cl"],"general_information":["Denominación del alimento: Cerveza","País de origen: España","Nombre del operador: Cervezas Arriaca, S.L.","Dirección del operador: Avda. de la Industria, 3A Nave 6 - 19210 Yunquera de Henares (Guadalajara)","Cantidad Neta: 33 Centilitros","Porcentaje de alcohol: 8.5%"],"ingredients":[" Agua, malta de cebada, lúpulo y levadura."],"conservation":" Conservese en lugar fresco, seco y alejado de la luz","ean":"8437014238471"},{"full_name":"BIZANTINA cerveza negra artesana botella 33 cl","name":"cerveza negra artesana botella 33 cl","brand":"BIZANTINA ","img":"https://sgfm.elcorteingles.es/SGFM//00/79/7/0118603000797/0118603000797000g01011.jpg","price":"2,35 €","price_unit":"(7,12 € / Litro)","categories":["Supermercado","Bebidas","Cervezas","Cervezas","Cerveza artesana","BIZANTINA cerveza negra artesana botella 33 cl"],"general_information":[],"ingredients":[],"ean":"8414606564521"},{"full_name":"MAHOU MAESTRA cerveza tostada Doble Lúpulo pack 12 latas 33 cl","name":"cerveza tostada Doble Lúpulo pack 12 latas 33 cl","brand":"MAHOU MAESTRA ","img":"https://sgfm.elcorteingles.es/SGFM/dctm/MEDIA03/201706/05/00118603100548____1__600x600.jpg","price":"8,95 €","price_unit":"(27,12 € / Litro)","categories":["Supermercado","Bebidas","Cervezas","Cervezas","Cerveza tostada","MAHOU MAESTRA cerveza tostada Doble Lúpulo pack 12 latas 33 cl"],"general_information":["Denominación del alimento: CERVEZA EXTRA","Nombre del operador: MAHOU, S.A.","Dirección del operador: Calle Titan, 15  28045  Madrid","Cantidad Neta: 3.96 Litros","Porcentaje de alcohol: 7.5%"],"ingredients":[" Agua, Malta de Cebada, Maíz, Lúpulo"],"ean":"8411327002844"},{"full_name":"MAHOU MAESTRA cerveza tostada Doble Lúpulo lata 33 cl","name":"cerveza tostada Doble Lúpulo lata 33 cl","brand":"MAHOU MAESTRA ","img":"https://sgfm.elcorteingles.es/SGFM/dctm/MEDIA03/201603/31/00118602700181____1__600x600.jpg","price":"0,75 €","price_unit":"(2,27 € / Litro)","categories":["Supermercado","Bebidas","Cervezas","Cervezas","Cerveza tostada","MAHOU MAESTRA cerveza tostada Doble Lúpulo lata 33 cl"],"general_information":["Denominación del alimento: CERVEZA EXTRA","Nombre del operador: MAHOU, S.A.","Dirección del operador: Calle Titan, 15  28045  Madrid","Cantidad Neta: 0.33 Litros","Porcentaje de alcohol: 7.5%"],"ingredients":[" Agua, Malta de Cebada, Maíz, Lúpulo"],"ean":"8411327002004"},{"full_name":"MAHOU MAESTRA cerveza tostada Doble Lúpulo botella 33 cl","name":"cerveza tostada Doble Lúpulo botella 33 cl","brand":"MAHOU MAESTRA ","img":"https://sgfm.elcorteingles.es/SGFM/dctm/MEDIA03/201603/31/00118602800726____1__600x600.jpg","price":"0,99 €","price_unit":"(3 € / Litro)","categories":["Supermercado","Bebidas","Cervezas","Cervezas","Cerveza tostada","MAHOU MAESTRA cerveza tostada Doble Lúpulo botella 33 cl"],"general_information":["Denominación del alimento: CERVEZA EXTRA","Nombre del operador: MAHOU, S.A.","Dirección del operador: Calle Titan, 15  28045  Madrid","Cantidad Neta: 0.33 Litros","Porcentaje de alcohol: 7.5%"],"ingredients":[" Agua, Malta de Cebada, Maíz, Lúpulo"],"ean":"8411327001960"},{"full_name":"MAHOU 0,0 cerveza tostada sin alcohol lata 33 cl","name":"0,0 cerveza tostada sin alcohol lata 33 cl","brand":"MAHOU ","img":"https://sgfm.elcorteingles.es/SGFM/dctm/MEDIA03/201705/23/00118604400475____1__600x600.jpg","price":"0,55 €","price_unit":"(1,67 € / Litro)","categories":["Supermercado","Bebidas","Cervezas","Cervezas","Cerveza tostada","MAHOU 0,0 cerveza tostada sin alcohol lata 33 cl"],"general_information":["Denominación del alimento: CERVEZA SIN ALCOHOL","Nombre del operador: MAHOU, S.A.","Dirección del operador: Calle Titan, 15  28045  Madrid","Cantidad Neta: 0.33 Litros","Porcentaje de alcohol: 0%"],"ingredients":[" Agua, Malta de Cebada, Maíz, Lúpulo, Aromas, Antioxidante: Acido cítrico"],"ean":"8411327002745"},{"full_name":"SAN MIGUEL SELECTA cerveza tostada extra maduración en bodega botella 33 cl","name":"SELECTA cerveza tostada extra maduración en bodega botella 33 cl","brand":"SAN MIGUEL ","img":"https://sgfm.elcorteingles.es/SGFM/dctm/MEDIA03/201607/08/00118602800387____1__600x600.jpg","price":"0,83 €","price_unit":"(2,52 € / Litro)","categories":["Supermercado","Bebidas","Cervezas","Cervezas","Cerveza tostada","SAN MIGUEL SELECTA cerveza tostada extra maduración en bodega botella 33 cl"],"general_information":["Denominación del alimento: CERVEZA EXTRA","Nombre del operador: MAHOU, S.A.","Dirección del operador: Calle Titan, 15  28045  Madrid","Cantidad Neta: 0.33 Litros","Porcentaje de alcohol: 6.2%"],"ingredients":[" Agua, Malta de Cebada, Maíz, Lúpulo"],"ean":"8410655001208"},{"full_name":"SAN MIGUEL SELECTA cerveza tostada extra maduración en bodega lata 33 cl","name":"SELECTA cerveza tostada extra maduración en bodega lata 33 cl","brand":"SAN MIGUEL ","img":"https://sgfm.elcorteingles.es/SGFM/dctm/MEDIA03/201607/08/00118600300935____1__600x600.jpg","price":"0,76 €","price_unit":"(2,30 € / Litro)","categories":["Supermercado","Bebidas","Cervezas","Cervezas","Cerveza tostada","SAN MIGUEL SELECTA cerveza tostada extra maduración en bodega lata 33 cl"],"general_information":["Denominación del alimento: CERVEZA EXTRA","Nombre del operador: MAHOU, S.A.","Dirección del operador: Calle Titan, 15  28045  Madrid","Cantidad Neta: 0.33 Litros","Porcentaje de alcohol: 6.2%"],"ingredients":[" Agua, Malta de Cebada, Maíz, Lúpulo"],"ean":"8410655001222"},{"full_name":"AMSTEL Oro cerveza tostada botella 33 cl","name":"Oro cerveza tostada botella 33 cl","brand":"AMSTEL ","img":"https://sgfm.elcorteingles.es/SGFM/dctm/MEDIA02/CONTENIDOS/201511/16/00118603100498____1__600x600.jpg","price":"0,89 €","categories":["Supermercado","Bebidas","Cervezas","Cervezas","Cerveza tostada","AMSTEL Oro cerveza tostada botella 33 cl"],"general_information":["Denominación del alimento: Cerveza especial","Nombre del operador: Heineken España S.A.","Dirección del operador: Av. De Andalucia 1 - 41007 Sevilla","Cantidad Neta: 33 Centilitros","Porcentaje de alcohol: 6.2%"],"ingredients":[" Agua, malta de cebada y lúpulo. Barril: Agua, malta de cebada, lúpulo y Estabilizante E-405. Este producto se elabora con malta de cebada. Contiene gluten."],"conservation":" Conservar el producto en un lugar limpio, seco y bien ventilado, protegido de la lluvia y alejado de otros productos, alimenticios o no, que puedan impartirle olores o sabores extraños. Almacenar preferiblemente entre 5° y 15°C, evitando temperaturas superiores a 25°C. Evitar exposiciones directas a la luz del sol o fuentes de calor. No congelar el producto.","ean":"8410569110133"},{"full_name":"AMSTEL Oro cerveza tostada lata 33 cl","name":"Oro cerveza tostada lata 33 cl","brand":"AMSTEL ","img":"https://sgfm.elcorteingles.es/SGFM/dctm/MEDIA02/CONTENIDOS/201505/12/00118603100472____1__600x600.jpg","price":"0,68 €","price_unit":"(2,06 € / Litro)","categories":["Supermercado","Bebidas","Cervezas","Cervezas","Cerveza tostada","AMSTEL Oro cerveza tostada lata 33 cl"],"general_information":["Denominación del alimento: Cerveza especial","Nombre del operador: Heineken España S.A.","Dirección del operador: Av. De Andalucia 1 - 41007 Sevilla","Cantidad Neta: 33 Centilitros","Porcentaje de alcohol: 6.2%"],"ingredients":[" Agua, malta de cebada y lúpulo. Barril: Agua, malta de cebada, lúpulo y Estabilizante E-405. Este producto se elabora con malta de cebada. Contiene gluten"],"conservation":" Conservar el producto en un lugar limpio, seco y bien ventilado, protegido de la lluvia y alejado de otros productos, alimenticios o no, que puedan impartirle olores o sabores extraños. Almacenar preferiblemente entre 5° y 15°C, evitando temperaturas superiores a 25°C. Evitar exposiciones directas a la luz del sol o fuentes de calor. No congelar el producto.","ean":"8410569110119"},{"full_name":"CHIMAY Azul cerveza tostada belga trapense botella 33 cl","name":"Azul cerveza tostada belga trapense botella 33 cl","brand":"CHIMAY ","img":"https://sgfm.elcorteingles.es/SGFM/00/30/8/0118603100308/0118603100308000g01011.jpg","price":"2,30 €","price_unit":"(6,97 € / Litro)","categories":["Supermercado","Bebidas","Cervezas","Cervezas","Cerveza tostada","CHIMAY Azul cerveza tostada belga trapense botella 33 cl"],"general_information":["Denominación del alimento: Cerveza","Nombre del operador: Bieres de Chimay","Dirección del operador: Route de Charlemagne 8, 6464 Baileux","Porcentaje de alcohol: 9,0%","Otras menciones obligatorias en la etiqueta: Beber bebidas alcohólicas , aunque sea en pequeñas cantidades, durante el embarazo puede tener graves consecuencias para el bebe"],"ingredients":[" Contiene Malta de Cebada y Trigo"],"ean":"5410908000036"},{"full_name":"CHIMAY Roja cerveza tostada trapense belga botella 33 cl","name":"Roja cerveza tostada trapense belga botella 33 cl","brand":"CHIMAY ","img":"https://sgfm.elcorteingles.es/SGFM/00/27/4/0118603100274/0118603100274000g01011.jpg","price":"2,59 €","price_unit":"(7,85 € / Litro)","categories":["Supermercado","Bebidas","Cervezas","Cervezas","Cerveza tostada","CHIMAY Roja cerveza tostada trapense belga botella 33 cl"],"general_information":["Denominación del alimento: Cerveza","Nombre del operador: Bieres de Chimay","Dirección del operador: Route de Charlemagne 8, 6464 Baileux","Porcentaje de alcohol: 7,0%","Otras menciones obligatorias en la etiqueta: Beber bebidas alcohólicas , aunque sea en pequeñas cantidades, durante el embarazo puede tener graves consecuencias para el bebe"],"ingredients":[" Contiene Malta de Cebada y Trigo"],"ean":"5410908000012"},{"full_name":"LA  TRAPPE triple cerveza rubia holandesa botella 33 cl","name":"triple cerveza rubia holandesa botella 33 cl","brand":"LA  TRAPPE ","img":"https://sgfm.elcorteingles.es/SGFM/00/25/8/0118603100258/0118603100258000g01011.jpg","price":"1,99 €","price_unit":"(6,03 € / Litro)","categories":["Supermercado","Bebidas","Cervezas","Cervezas","Cerveza tostada","LA  TRAPPE triple cerveza rubia holandesa botella 33 cl"],"general_information":["Denominación del alimento: Cerveza trapista.","Nombre del operador: Bavaria Ibérica S.A.","Dirección del operador: Ronda Sant Pere, 19, 08010 Barcelona.","Cantidad Neta: 33,0 Centilitros","Porcentaje de alcohol: 8,0%"],"ingredients":[" agua, malta de cebada, jarabe de glucosa, lúpulo, levadura."],"ean":"8711406000496"},{"full_name":"LA TRAPPE Quadrupel cerveza tostada holandesa botella 33 cl","name":"Quadrupel cerveza tostada holandesa botella 33 cl","brand":"LA TRAPPE ","img":"https://sgfm.elcorteingles.es/SGFM/00/41/5/0118603100415/0118603100415000g01011.jpg","price":"1,99 €","price_unit":"(6,03 € / Litro)","categories":["Supermercado","Bebidas","Cervezas","Cervezas","Cerveza tostada","LA TRAPPE Quadrupel cerveza tostada holandesa botella 33 cl"],"general_information":["Denominación del alimento: Cerveza trapista.","Nombre del operador: Bavaria Ibérica S.A.","Dirección del operador: Ronda Sant Pere, 19, 08010 Barcelona.","Cantidad Neta: 33,0 Centilitros","Porcentaje de alcohol: 10,0%"],"ingredients":[" agua, malta de cebada, jarabe de glucosa, lúpulo, levadura."],"ean":"8711406022207"},{"full_name":"BAVARIA 8.6 cerveza rubia tostada de Holanda lata 50","name":"cerveza rubia tostada de Holanda lata 50 ","brand":"BAVARIA 8.6 ","img":"https://sgfm.elcorteingles.es/SGFM/00/38/1/0118603100381/0118603100381000g01011.jpg","price":"1,39 €","price_unit":"(2,78 € / Litro)","categories":["Supermercado","Bebidas","Cervezas","Cervezas","Cerveza tostada","BAVARIA 8.6 cerveza rubia tostada de Holanda lata 50"],"general_information":["Denominación del alimento: Cerveza rubia especial","Nombre del operador: Bavaria Ibérica S.A.","Dirección del operador: Ronda Sant Pere, 19, 08010 Barcelona.","Cantidad Neta: 50 Centilitros","Porcentaje de alcohol: 8.6%"],"ingredients":[" agua mineral natural, malta de cebada, trigo, lúpulo."],"conservation":" Manténgase en lugar fresco y seco.","ean":"8714800004114"},{"full_name":"LEFFE Radieuse cerveza tostada belga botella 33 cl","name":"Radieuse cerveza tostada belga botella 33 cl","brand":"LEFFE ","img":"https://sgfm.elcorteingles.es/SGFM/00/31/6/0118603100316/0118603100316000g01011.jpg","price":"1,29 €","price_unit":"(3,91 € / Litro)","categories":["Supermercado","Bebidas","Cervezas","Cervezas","Cerveza tostada","LEFFE Radieuse cerveza tostada belga botella 33 cl"],"general_information":[],"ingredients":[],"ean":"5410228143567"},{"full_name":"BRABANTE Oscura cerveza tostada de doble fermentación botella 33 cl","name":"Oscura cerveza tostada de doble fermentación botella 33 cl","brand":"BRABANTE ","img":"https://sgfm.elcorteingles.es/SGFM/dctm/MEDIA02/CONTENIDOS/201509/24/00118607900935____1__600x600.jpg","price":"2,36 €","price_unit":"(7,15 € / Litro)","categories":["Supermercado","Bebidas","Cervezas","Cervezas","Cerveza tostada","BRABANTE Oscura cerveza tostada de doble fermentación botella 33 cl"],"general_information":[],"ingredients":[],"ean":"8437011174086"},{"full_name":"ESTRELLA LEVANTE Punta Este cerveza tostada botella 25 cl","name":"Punta Este cerveza tostada botella 25 cl","brand":"ESTRELLA LEVANTE ","img":"https://sgfm.elcorteingles.es/SGFM/dctm/MEDIA03/201706/30/00118603100555____1__600x600.jpg","price":"0,55 €","price_unit":"(2,20 € / Litro)","categories":["Supermercado","Bebidas","Cervezas","Cervezas","Cerveza tostada","ESTRELLA LEVANTE Punta Este cerveza tostada botella 25 cl"],"general_information":["Denominación del alimento: PUNTA ESTE","Nombre del operador: DAMM S.A.","Dirección del operador: C/ ROSELLO , 515  BARCELONA, BARCELONA","Cantidad Neta: 25 Centilitros","Porcentaje de alcohol: 5.4%","Otras menciones obligatorias en la etiqueta: Cerveza"],"ingredients":[" Contiene malta de cebada"],"conservation":" Mantener en lugar fresco, oscuro y seco","ean":"8413194141947"},{"full_name":"NEWCASTLE BROWN ALE cerveza tostada inglesa botella 55 cl","name":"BROWN ALE cerveza tostada inglesa botella 55 cl","brand":"NEWCASTLE ","img":"https://sgfm.elcorteingles.es/SGFM/dctm/MEDIA02/CONTENIDOS/201501/22/00118603100464____1__600x600.jpg","price":"2,95 €","price_unit":"(5,36 € / Litro)","categories":["Supermercado","Bebidas","Cervezas","Cervezas","Cerveza tostada","NEWCASTLE BROWN ALE cerveza tostada inglesa botella 55 cl"],"general_information":["Denominación del alimento: Cerveza","País de origen: Reino Unido","Nombre del operador: Heineken España S.A.","Dirección del operador: Av. De Andalucia 1 - 41007 Sevilla","Cantidad Neta: 55 Centilitros","Porcentaje de alcohol: 4.7%"],"ingredients":[" Agua, malta de cebada, jarabe de glucosa, malta de trigo y lúpulo. Este producto se elabora con malta de cebada y trigo. Contiene gluten."],"conservation":" Conservar el producto en un lugar limpio, seco y bien ventilado, protegido de la lluvia y alejado de otros productos, alimenticios o no, que puedan impartirle olores o sabores extraños. Almacenar preferiblemente entre 5° y 15°C, evitando temperaturas superiores a 25°C. Evitar exposiciones directas a la luz del sol o fuentes de calor. No congelar el producto.","ean":"0088345100555"},{"full_name":"ABBAYE D'AULNE Super Noel cerveza tostada belga botella 75 cl","name":"Super Noel cerveza tostada belga botella 75 cl","brand":"ABBAYE D'AULNE ","img":"https://sgfm.elcorteingles.es/SGFM/dctm/MEDIA03/201710/24/00118603603400____1__600x600.jpg","price":"5,95 €","categories":["Supermercado","Bebidas","Cervezas","Cervezas","Cerveza tostada","ABBAYE D'AULNE Super Noel cerveza tostada belga botella 75 cl"],"general_information":["Denominación del alimento: Cerveza","Nombre del operador: Brasserie ADA","Dirección del operador: B-6534 Gozée, Belgique","Porcentaje de alcohol: 9.0%"],"ingredients":[" Contiene malta de cebada"],"ean":"5412652000201"},{"full_name":"SCOTCH SILLY cerveza tostada belga tipo Scotch envejedida en barril de whisky escoces botella 75 cl","name":"cerveza tostada belga tipo Scotch envejedida en barril de whisky escoces botella 75 cl","brand":"SCOTCH SILLY ","img":"https://sgfm.elcorteingles.es/SGFM/dctm/MEDIA03/201711/10/00118603603384____1__600x600.jpg","price":"8,95 €","categories":["Supermercado","Bebidas","Cervezas","Cervezas","Cerveza tostada","SCOTCH SILLY cerveza tostada belga tipo Scotch envejedida en barril de whisky escoces botella 75 cl"],"general_information":[],"ingredients":[],"ean":"5413023034047"}]