[{"full_name":"BELSUIS bombones surtidos belgas lata 500 g","name":"bombones surtidos belgas lata 500 g","brand":"BELSUIS ","img":"https://sgfm.elcorteingles.es/SGFM//01/28/3/0120602301283/0120602301283000g01011.jpg","price":"11,14 €","price_unit":"(22,28 € / Kilo)","categories":["Supermercado","Desayunos Dulces y pan","Desayunos, dulces y pan","Chocolates y bombones","Bombones","BELSUIS bombones surtidos belgas lata 500 g"],"general_information":["Denominación del alimento: Surtido de bombones de chocolate.","Nombre del operador: Elaborado para \nEl Corte Inglés\npor  Hamlet NV\nKerkstraat  77\n9120 Vrasene  \nBelgica","Lugar de procedencia del alimento: Fabricado en Belgica","Cantidad Neta: 500 g","Número de raciones por envase: 40"],"ingredients":[" Ingredientes: azúcar, leche entera en polvo, pasta de cacao, manteca de cacao, avellanas (6 %), leche entera condensada azucarada, grasa vegetal de palma, jarabe de glucosa, materia grasa láctea anhidra, lactosa, dextrosa, alcohol, extracto de café(0,04 %), emulgente: lecitina de soja, estabilizante: jarabe de sorbitol, aromas: vainilla, frambuesa, caramelo y naranja.\n\nPorcentaje de cacao:  chocolate min. 50%  -  chocolate con leche  mín. 29 % -  chocolate blanco mín. 23% Puede contener trazas de otros frutos secos de cáscara."],"conservation":" Conservar en lugar fresco y seco (mín 5º C ? máx. 20ºC)","ean":"8433329042192"},{"full_name":"BELSUIS bombones surtidos belgas caja 250 g","name":"bombones surtidos belgas caja 250 g","brand":"BELSUIS ","img":"https://sgfm.elcorteingles.es/SGFM//00/97/8/0120602400978/0120602400978000g01011.jpg","price":"5,50 €","price_unit":"(22 € / Kilo)","categories":["Supermercado","Desayunos Dulces y pan","Desayunos, dulces y pan","Chocolates y bombones","Bombones","BELSUIS bombones surtidos belgas caja 250 g"],"general_information":["Denominación del alimento: Surtido de bombones de chocolate","Nombre del operador: Elaborado para\nEl Corte Inglés\npor  Hamlet NV\nKerkstraat  77\n9120 Vrasene  \nBelgica","Lugar de procedencia del alimento: Fabricado en Belgica","Cantidad Neta: 250 g"],"ingredients":[" Ingredientes: azúcar, leche entera en polvo, pasta de cacao, manteca de cacao, avellanas (6 %), leche entera condensada azucarada, grasa vegetal de palma, jarabe de glucosa, materia grasa láctea anhidra, lactosa, dextrosa, alcohol, extracto de café(0,04 %), emulgente: lecitina de soja, estabilizante: jarabe de sorbitol, aromas: vainilla, frambuesa, caramelo y naranja.\n\nPorcentaje de cacao:  chocolate min. 50%  -  chocolate con leche  mín. 29 % -  chocolate blanco mín. 23% Puede contener trazas de otros frutos secos de cáscara."],"conservation":" Conservar en lugar fresco y seco (mín 5º C ? máx. 20ºC)","ean":"8433329042208"},{"full_name":"EL CORTE INGLES trufas al cacao estuche 250 g","name":"trufas al cacao estuche 250 g","brand":"EL CORTE INGLES ","img":"https://sgfm.elcorteingles.es/SGFM/dctm/MEDIA03/201710/20/00120602600692____2__600x600.jpg","price":"1,50 €","price_unit":"(6 € / Kilo)","categories":["Supermercado","Desayunos Dulces y pan","Desayunos, dulces y pan","Chocolates y bombones","Bombones","EL CORTE INGLES trufas al cacao estuche 250 g"],"general_information":["Denominación del alimento: TRUFAS AL CACAO","Nombre del operador: Elaborado para El Corte Inglés por \nDelaviuda Alimentación, S.A.U.\nCrta. N-401 km 95,200 \nCP:45450 Orgaz (Toledo) - España","Cantidad Neta: 250 g","Número de raciones por envase: aproximadament"],"ingredients":[" Ingredientes: Azúcar, grasa vegetal (Palma, coco, palmiste y manteca de  Shea), cacao desgrasado en polvo (17,6%), suero lácteo en polvo, cacao en polvo, emulgente: lecitina de soja y girasol y aromas. Puede contener trazas de frutos de cáscara y gluten."],"conservation":" Temperatura óptima de conservación 18ºC y máximo 65% de humedad relativa.","ean":"8433329066297"},{"full_name":"DULCE TENTACION lenguas surtidas 36 unidades estuche 170 g","name":"lenguas surtidas 36 unidades estuche 170 g","brand":"DULCE TENTACION ","img":"https://sgfm.elcorteingles.es/SGFM/dctm/MEDIA03/201604/01/00118554602682____2__600x600.jpg","price":"3,50 €","categories":["Supermercado","Desayunos Dulces y pan","Desayunos, dulces y pan","Chocolates y bombones","Bombones","DULCE TENTACION lenguas surtidas 36 unidades estuche 170 g"],"general_information":[],"ingredients":[],"ean":"8437000535362"},{"full_name":"DULCE TENTACION naranjines 24 unidades estuche 125 g","name":"naranjines 24 unidades estuche 125 g","brand":"DULCE TENTACION ","img":"https://sgfm.elcorteingles.es/SGFM/dctm/MEDIA03/201604/01/00118554602690____2__600x600.jpg","price":"3,50 €","price_unit":"(28 € / Kilo)","categories":["Supermercado","Desayunos Dulces y pan","Desayunos, dulces y pan","Chocolates y bombones","Bombones","DULCE TENTACION naranjines 24 unidades estuche 125 g"],"general_information":[],"ingredients":[],"ean":"8437000535379"},{"full_name":"DULCE TENTACION rocas 9 unidades estuche 130 g","name":"rocas 9 unidades estuche 130 g","brand":"DULCE TENTACION ","img":"https://sgfm.elcorteingles.es/SGFM/dctm/MEDIA03/201604/01/00118554602708____2__600x600.jpg","price":"3,50 €","price_unit":"(26,92 € / Kilo)","categories":["Supermercado","Desayunos Dulces y pan","Desayunos, dulces y pan","Chocolates y bombones","Bombones","DULCE TENTACION rocas 9 unidades estuche 130 g"],"general_information":[],"ingredients":[],"ean":"8437000535386"},{"full_name":"DULCE TENTACION trufas 11 unidades estuche 145 g","name":"trufas 11 unidades estuche 145 g","brand":"DULCE TENTACION ","img":"https://sgfm.elcorteingles.es/SGFM/dctm/MEDIA03/201604/01/00118554602716____2__600x600.jpg","price":"3,50 €","price_unit":"(24,14 € / Kilo)","categories":["Supermercado","Desayunos Dulces y pan","Desayunos, dulces y pan","Chocolates y bombones","Bombones","DULCE TENTACION trufas 11 unidades estuche 145 g"],"general_information":[],"ingredients":[],"ean":"8437000535393"},{"full_name":"NESTLE CAJA ROJA bombones surtidos estuche 2 kg","name":"bombones surtidos estuche 2 kg","brand":"NESTLE CAJA ROJA ","img":"https://sgfm.elcorteingles.es/SGFM/dctm/MEDIA03/201610/28/00120602301192____1__600x600.jpg","price":"42,00 €","price_unit":"(21 € / Kilo)","categories":["Supermercado","Desayunos Dulces y pan","Desayunos, dulces y pan","Chocolates y bombones","Bombones","NESTLE CAJA ROJA bombones surtidos estuche 2 kg"],"general_information":["Denominación del alimento: Bombones de chocolate","Nombre del operador: Nestlé España, S.A.","Dirección del operador: NESTLÉ ESPAÑA, S.A.- , Edificio Nestlé, 08950 Esplugues de Llobregat (Barcelona)","Cantidad Neta: 2 Kilogramos"],"ingredients":[" Azúcar, manteca de cacao, cacao, leche, grasa vegetal (palma, shea), leche desnatada en polvo, suero de leche en polvo, grasa láctea, leche en polvo, avellanas, almendras, harina de trigo, mantequilla, maltodextrina, mantequilla concentrada, malta de cebada, malta de trigo y cebada en polvo, cacao desgrasado, emulgente lecitina de girasol, sal, aromas naturales de vainilla, aroma natural de naranja, aromas naturales. Puede contener otros frutos secos y huevo."],"conservation":" Conservar en lugar fresco y seco","ean":"7613034390929"},{"full_name":"NESTLE CAJA ROJA bombones surtidos estuche 800 g","name":"bombones surtidos estuche 800 g","brand":"NESTLE CAJA ROJA ","img":"https://sgfm.elcorteingles.es/SGFM/dctm/MEDIA03/201611/08/00120602300285____1__600x600.jpg","price":"15,39 €","price_unit":"(19,24 € / Kilo)","categories":["Supermercado","Desayunos Dulces y pan","Desayunos, dulces y pan","Chocolates y bombones","Bombones","NESTLE CAJA ROJA bombones surtidos estuche 800 g"],"general_information":["Denominación del alimento: Bombones de Chocolate","Nombre del operador: Nestlé España, S.A.","Dirección del operador: NESTLÉ ESPAÑA, S.A.- , Edificio Nestlé, 08950 Esplugues de Llobregat (Barcelona)","Cantidad Neta: 800 g"],"ingredients":[" Azúcar, cacao, manteca de cacao, leche, grasa vegetal (palma, shea), grasa láctea, avellanas, leche en polvo, suero de leche en polvo, leche desnatada en polvo, almendras, mantequilla, maltodextrina, harina de trigo, malta de trigo y cebada en polvo, mantequilla concentrada, malta de cebada, cacao desgrasado, emulgente lecitina de girasol, sal, aromas naturales de vainilla, aroma natural de naranja, aromas naturales. Puede contener otros frutos secos y huevo."],"conservation":" Conservar en lugar fresco y seco.","ean":"8410100049595"},{"full_name":"NESTLE CAJA ROJA bombones surtidos Felices Fiestas edición limitada lata 500 g","name":"bombones surtidos Felices Fiestas edición limitada lata 500 g","brand":"NESTLE CAJA ROJA ","img":"https://sgfm.elcorteingles.es/SGFM/dctm/MEDIA03/201710/17/00120602301127____7__600x600.jpg","price":"15,94 €            ","price_unit":"(30,78 € / Kilo)","categories":["Supermercado","Desayunos Dulces y pan","Desayunos, dulces y pan","Chocolates y bombones","Bombones","NESTLE CAJA ROJA bombones surtidos Felices Fiestas edición limitada lata 500 g"],"general_information":["Denominación del alimento: Bombones de chocolate","Nombre del operador: Nestlé España, S.A.","Dirección del operador: NESTLÉ ESPAÑA, S.A.- , Edificio Nestlé, 08950 Esplugues de Llobregat (Barcelona)","Cantidad Neta: 500 g"],"ingredients":[" Azúcar, manteca de cacao, cacao, leche, grasa vegetal (palma, shea), leche desnatada en polvo, leche en polvo, almendras, grasa láctea, suero de leche en polvo, mantequilla, maltodextrina, harina de trigo, malta de trigo y cebada en polvo, mantequilla concentrada, malta de cebada, avellanas, cacao desgrasado, emulgente lecitina de girasol, sal, aromas naturales de vainilla, aromas naturales. Puede contener otros frutos secos y huevo."],"conservation":" Conservar en lugar fresco y seco","ean":"7613034338228"},{"full_name":"NESTLE CAJA ROJA bombones surtidos estuche 400 g + regalo de bombones Dark Sublime 70% cacao","name":"bombones surtidos estuche 400 g","brand":"NESTLE CAJA ROJA ","img":"https://sgfm.elcorteingles.es/SGFM/dctm/MEDIA03/201709/19/00120602301895____1__600x600.jpg","price":"8,46 €            ","price_unit":"(18,55 € / Kilo)","categories":["Supermercado","Desayunos Dulces y pan","Desayunos, dulces y pan","Chocolates y bombones","Bombones","NESTLE CAJA ROJA bombones surtidos estuche 400 g + regalo de bombones Dark Sublime 70% cacao"],"general_information":[],"ingredients":[],"ean":"7613036166652"},{"full_name":"NESTLE CAJA ROJA bombones surtidos estuche 400 g","name":"bombones surtidos estuche 400 g","brand":"NESTLE CAJA ROJA ","img":"https://sgfm.elcorteingles.es/SGFM/dctm/MEDIA03/201710/17/00120602300251____8__600x600.jpg","price":"7,94 €","price_unit":"(19,85 € / Kilo)","categories":["Supermercado","Desayunos Dulces y pan","Desayunos, dulces y pan","Chocolates y bombones","Bombones","NESTLE CAJA ROJA bombones surtidos estuche 400 g"],"general_information":["Denominación del alimento: Bombones de chocolate","Nombre del operador: Nestlé España, S.A.","Dirección del operador: NESTLÉ ESPAÑA, S.A. - Av. Països Catalans, 25-51 - 08950 - Esplugues de Llobregat (Barcelona)","Cantidad Neta: 400 g"],"ingredients":[" Azúcar, cacao, manteca de cacao, leche, grasa vegetal (palma, shea), grasa láctea, avellanas, leche en polvo, suero de leche en polvo, leche desnatada en polvo, almendras, mantequilla, maltodextrina, harina de trigo, malta de trigo y cebada en polvo, mantequilla concentrada, malta de cebada, cacao desgrasado, emulgente lecitina de girasol, sal, aromas naturales de vainilla, aroma natural de naranja, aromas naturales. Puede contener otros frutos secos y huevo."],"conservation":" Conservar en lugar fresco y seco","ean":"7613032044145"},{"full_name":"NESTLE CAJA ROJA bombones surtidos estuche 300 g","name":"bombones surtidos estuche 300 g","brand":"NESTLE CAJA ROJA ","img":"https://sgfm.elcorteingles.es/SGFM/dctm/MEDIA03/201611/08/00120602600981____2__600x600.jpg","price":"8,72 €            ","price_unit":"(28,47 € / Kilo)","categories":["Supermercado","Desayunos Dulces y pan","Desayunos, dulces y pan","Chocolates y bombones","Bombones","NESTLE CAJA ROJA bombones surtidos estuche 300 g"],"general_information":["Denominación del alimento: Bombones de chocolate","Nombre del operador: Nestlé España, S.A.","Dirección del operador: NESTLÉ ESPAÑA, S.A.- , Edificio Nestlé, 08950 Esplugues de Llobregat (Barcelona)","Cantidad Neta: 300 g"],"ingredients":[" Azúcar, manteca de cacao, cacao, leche, grasa vegetal (palma, shea), leche desnatada en polvo, leche en polvo, almendras, grasa láctea, suero de leche en polvo, mantequilla, maltodextrina, harina de trigo, malta de trigo y cebada en polvo, mantequilla concentrada, malta de cebada, avellanas, cacao desgrasado, emulgente lecitina de girasol, sal, aromas naturales de vainilla, aroma natural. Puede contener otros frutos secos y huevo."],"conservation":" Conservar en lugar fresco y seco","ean":"7613035318847"},{"full_name":"NESTLE CAJA ROJA Swiss Exclusive bombones surtidos caja 245 g","name":"Swiss Exclusive bombones surtidos caja 245 g","brand":"NESTLE CAJA ROJA ","img":"https://sgfm.elcorteingles.es/SGFM/dctm/MEDIA03/201710/10/00120602301911____1__600x600.jpg","price":"14,00 €","price_unit":"(57,14 € / Kilo)","categories":["Supermercado","Desayunos Dulces y pan","Desayunos, dulces y pan","Chocolates y bombones","Bombones","NESTLE CAJA ROJA Swiss Exclusive bombones surtidos caja 245 g"],"general_information":["Denominación del alimento: Bombones de chocolate","Nombre del operador: Nestlé España, S.A.","Dirección del operador: Nestlé España S. A. Edificio Nestlé 08950 Esplugues de Llobregat (Barcelona)","Cantidad Neta: 245 g"],"ingredients":[" Azúcar, leche condensada (leche, leche desnatada, azúcar), manteca de cacao, avellanas, cacao, almendras, leche en polvo, grasa láctea, jarabe de glucosa-fructosa, nata, grasa de coco, humectante (sorbitol), harina de trigo, aceite de nabina, emulgente lecitina de soja, jarabe de azúcar invertido, jarabe de glucosa, extracto de café, sal, leche desnatada en polvo, malta de cebada, lactosa, almidón de trigo, azúcar caramelizado, agente de recubrimiento goma arábiga, estabilizante invertasa, extracto de vainilla, cacao desgrasado, aroma natural, clara de huevo en polvo, aroma natural de vainilla. Puede contener otros frutos secos."],"conservation":" Conservar en lugar limpio, fresco y seco","ean":"7613036188388"},{"full_name":"NESTLE CAJA ROJA bombones surtidos estuche 200 g","name":"bombones surtidos estuche 200 g","brand":"NESTLE CAJA ROJA ","img":"https://sgfm.elcorteingles.es/SGFM/dctm/MEDIA03/201610/28/00120602400192____5__600x600.jpg","price":"5,72 €            ","price_unit":"(24,95 € / Kilo)","categories":["Supermercado","Desayunos Dulces y pan","Desayunos, dulces y pan","Chocolates y bombones","Bombones","NESTLE CAJA ROJA bombones surtidos estuche 200 g"],"general_information":["Denominación del alimento: Bombones de chocolate","Nombre del operador: Nestlé España, S.A.","Dirección del operador: NESTLÉ ESPAÑA, S.A. - Av. Països Catalans, 25-51 - 08950 - Esplugues de Llobregat (Barcelona)","Cantidad Neta: 200 g"],"ingredients":[" Azúcar, cacao, manteca de cacao, leche, grasa vegetal (palma, shea), grasa láctea, avellanas, leche en polvo, suero de leche en polvo, leche desnatada en polvo, almendras, mantequilla, maltodextrina, harina de trigo, malta de trigo y cebada en polvo, mantequilla concentrada, malta de cebada, cacao desgrasado, emulgente lecitina de girasol, sal, aromas naturales de vainilla, aroma natural de naranja, aromas naturales. Puede contener otros frutos secos y huevo."],"conservation":" Conservar en lugar fresco y seco.","ean":"7613031474936"},{"full_name":"NESTLE CAJA ROJA bombones surtidos lata 250 g","name":"bombones surtidos lata 250 g","brand":"NESTLE CAJA ROJA ","img":"https://sgfm.elcorteingles.es/SGFM/dctm/MEDIA03/201710/17/00120602300269____7__600x600.jpg","price":"8,89 €            ","price_unit":"(34,88 € / Kilo)","categories":["Supermercado","Desayunos Dulces y pan","Desayunos, dulces y pan","Chocolates y bombones","Bombones","NESTLE CAJA ROJA bombones surtidos lata 250 g"],"general_information":["Denominación del alimento: Bombones de chocolate","Nombre del operador: Nestlé España, S.A.","Dirección del operador: NESTLÉ ESPAÑA, S.A.- , Edificio Nestlé, 08950 Esplugues de Llobregat (Barcelona)","Cantidad Neta: 250 g"],"ingredients":[" Azúcar, manteca de cacao, cacao, leche, grasa vegetal (palma, shea), leche desnatada en polvo, leche en polvo, almendras, suero de leche en polvo, grasa láctea, mantequilla, maltodextrina, harina de trigo, malta de trigo y cebada en polvo, mantequilla concentrada, malta de cebada, avellanas, cacao desgrasado, emulgente lecitina de girasol, sal, aromas naturales de vainilla, aromas naturales. Puede contener otros frutos secos y huevo."],"conservation":" Conservar en lugar fresco y seco","ean":"7613034333650"},{"full_name":"NESTLE CAJA ROJA bombones surtidos lata 190 g","name":"bombones surtidos lata 190 g","brand":"NESTLE CAJA ROJA ","img":"https://sgfm.elcorteingles.es/SGFM/dctm/MEDIA03/201710/17/00120602601450____6__600x600.jpg","price":"9,90 €","price_unit":"(52,11 € / Kilo)","categories":["Supermercado","Desayunos Dulces y pan","Desayunos, dulces y pan","Chocolates y bombones","Bombones","NESTLE CAJA ROJA bombones surtidos lata 190 g"],"general_information":["Denominación del alimento: Bombones de chocolate","País de origen: España","Nombre del operador: Nestlé España, S.A.","Dirección del operador: NESTLÉ ESPAÑA, S.A.- , Edificio Nestlé, 08950 Esplugues de Llobregat (Barcelona)","Cantidad Neta: 190 g"],"ingredients":[" Azúcar, manteca de cacao, cacao, leche, grasa vegetal (palma, shea), leche desnatada en polvo, leche en polvo, almendras, grasa láctea, suero de leche en polvo, mantequilla, maltodextrina, harina de trigo, malta de trigo y cebada en polvo, mantequilla concentrada, malta de cebada, avellanas, cacao desgrasado, emulgente lecitina de girasol, sal, aromas naturales de vainilla, aromas naturales. Puede contener otros frutos secos y huevo."],"conservation":" Conservar en lugar fresco y seco","ean":"7613036155113"},{"full_name":"NESTLE CAJA ROJA Coulant bombones de chocolate con leche y caramelo rellenos de delicioso coulant estuche 142 g","name":"Coulant bombones de chocolate con leche y caramelo rellenos de delicioso coulant estuche 142 g","brand":"NESTLE CAJA ROJA ","img":"https://sgfm.elcorteingles.es/SGFM/dctm/MEDIA03/201709/14/00120602601443____1__600x600.jpg","price":"4,80 €","price_unit":"(33,80 € / Kilo)","categories":["Supermercado","Desayunos Dulces y pan","Desayunos, dulces y pan","Chocolates y bombones","Bombones","NESTLE CAJA ROJA Coulant bombones de chocolate con leche y caramelo rellenos de delicioso coulant estuche 142 g"],"general_information":["Denominación del alimento: Bombones de chocolate","Nombre del operador: Nestlé España, S.A.","Dirección del operador: NESTLÉ ESPAÑA, S.A.- , Edificio Nestlé, 08950 Esplugues de Llobregat (Barcelona)","Cantidad Neta: 142 g"],"ingredients":[" Azúcar, jarabe de glucosa, leche, manteca de cacao, cacao, humectante sorbitol, grasa láctea, caramelo en polvo (3,4%) (suero de leche, mantequilla, maltodextrina, azúcar, leche desnatada), suero de leche en polvo, emulgente lecitina de girasol, estabilizante invertasa, aroma natural de vainilla, aroma natural. Puede contener gluten y frutos secos."],"conservation":" Conservar en lugar limpio, fresco y seco","ean":"7613036139144"},{"full_name":"NESTLE CAJA ROJA Coulant bombones de chocolate negro con naranja rellenos de delicioso coulant estuche 142 g","name":"Coulant bombones de chocolate negro con naranja rellenos de delicioso coulant estuche 142 g","brand":"NESTLE CAJA ROJA ","img":"https://sgfm.elcorteingles.es/SGFM/dctm/MEDIA03/201709/14/00120602601435____1__600x600.jpg","price":"4,80 €","price_unit":"(33,80 € / Kilo)","categories":["Supermercado","Desayunos Dulces y pan","Desayunos, dulces y pan","Chocolates y bombones","Bombones","NESTLE CAJA ROJA Coulant bombones de chocolate negro con naranja rellenos de delicioso coulant estuche 142 g"],"general_information":["Denominación del alimento: Bombones de chocolate","Nombre del operador: Nestlé España, S.A.","Dirección del operador: NESTLÉ ESPAÑA, S.A.- , Edificio Nestlé, 08950 Esplugues de Llobregat (Barcelona)","Cantidad Neta: 142 g"],"ingredients":[" Azúcar, cacao, jarabe de glucosa, humectante sorbitol, grasa láctea, manteca de cacao, emulgente lecitina de girasol, sal, estabilizante invertasa, aroma natural de naranja. Puede contener gluten y frutos secos ."],"conservation":" Conservar en lugar limpio, fresco y seco","ean":"7613036137898"},{"full_name":"NESTLE CAJA ROJA Coulant bombones de chocolate negro rellenos de delicioso coulant estuche 142 g","name":"Coulant bombones de chocolate negro rellenos de delicioso coulant estuche 142 g","brand":"NESTLE CAJA ROJA ","img":"https://sgfm.elcorteingles.es/SGFM/dctm/MEDIA03/201710/24/00120602601336____6__600x600.jpg","price":"4,80 €","price_unit":"(33,80 € / Kilo)","categories":["Supermercado","Desayunos Dulces y pan","Desayunos, dulces y pan","Chocolates y bombones","Bombones","NESTLE CAJA ROJA Coulant bombones de chocolate negro rellenos de delicioso coulant estuche 142 g"],"general_information":["Denominación del alimento: Bombones de chocolate","Nombre del operador: Nestlé España, S.A.","Dirección del operador: NESTLÉ ESPAÑA, S.A.- , Edificio Nestlé, 08950 Esplugues de Llobregat (Barcelona)","Cantidad Neta: 142 g"],"ingredients":[" Cacao, azúcar, jarabe de glucosa, humectante sorbitol, grasa láctea, manteca de cacao, emulgente lecitina de girasol, sal, estabilizante invertasa, aroma natural de vainilla. Puede contener gluten y frutos secos."],"conservation":" Conservar en lugar limpio, fresco y seco","ean":"7613035764217"},{"full_name":"NESTLE CAJA ROJA bombones surtidos formato estuche de regalo 150 g","name":"bombones surtidos formato estuche de regalo  150 g","brand":"NESTLE CAJA ROJA ","img":"https://sgfm.elcorteingles.es/SGFM/dctm/MEDIA03/201710/17/00120602401042____8__600x600.jpg","price":"4,34 €","price_unit":"(28,93 € / Kilo)","categories":["Supermercado","Desayunos Dulces y pan","Desayunos, dulces y pan","Chocolates y bombones","Bombones","NESTLE CAJA ROJA bombones surtidos formato estuche de regalo 150 g"],"general_information":["Denominación del alimento: Bombones de chocolate","Nombre del operador: Nestlé España, S.A.","Dirección del operador: NESTLÉ ESPAÑA, S.A.- , Edificio Nestlé, 08950 Esplugues de Llobregat (Barcelona)","Cantidad Neta: 150 g"],"ingredients":[" Azúcar, manteca de cacao, leche, grasa vegetal (palma, shea), cacao, almendras, leche desnatada en polvo, suero de leche en polvo, leche en polvo, grasa láctea, mantequilla, maltodextrina, harina de trigo, malta de trigo y cebada en polvo, cacao desgrasado, emulgente lecitina de girasol, sal, aromas naturales de vainilla, aroma natural. Puede contener otros frutos secos y huevo."],"conservation":" Conservar en lugar fresco y seco","ean":"7613034915269"},{"full_name":"NESTLE CAJA ROJA Dark Sublime bombones de chocolate negro al 70% de cacao caja 114 g","name":"Dark Sublime bombones de chocolate negro al 70% de cacao caja 114 g","brand":"NESTLE CAJA ROJA ","img":"https://sgfm.elcorteingles.es/SGFM/dctm/MEDIA03/201709/19/00120602301903____1__600x600.jpg","price":"4,49 €            ","price_unit":"(33,60 € / Kilo)","categories":["Supermercado","Desayunos Dulces y pan","Desayunos, dulces y pan","Chocolates y bombones","Bombones","NESTLE CAJA ROJA Dark Sublime bombones de chocolate negro al 70% de cacao caja 114 g"],"general_information":["Denominación del alimento: Bombones de chocolate negro","Nombre del operador: Nestlé España, S.A.","Dirección del operador: NESTLÉ ESPAÑA, S.A.- , Edificio Nestlé, 08950 Esplugues de Llobregat (Barcelona)","Cantidad Neta: 114 g"],"ingredients":[" Cacao, azúcar, grasa láctea, manteca de cacao, avellanas, habas de cacao caramelizadas, sal, aromas naturales de vainilla, aroma natural de naranja. Puede contener otros frutos secos y gluten."],"conservation":" Conservar en lugar fresco y seco","ean":"7613036146388"},{"full_name":"NESTLE CAJA ROJA bombones surtidos estuche 100 g","name":"bombones surtidos estuche 100 g","brand":"NESTLE CAJA ROJA ","img":"https://sgfm.elcorteingles.es/SGFM/dctm/MEDIA03/201710/03/00120602301515____5__600x600.jpg","price":"2,88 €","price_unit":"(28,80 € / Kilo)","categories":["Supermercado","Desayunos Dulces y pan","Desayunos, dulces y pan","Chocolates y bombones","Bombones","NESTLE CAJA ROJA bombones surtidos estuche 100 g"],"general_information":["Denominación del alimento: Bombones de chocolate","Nombre del operador: Nestlé España, S.A.","Dirección del operador: Avinguda Països Catalans, 51 - 08950 Esplugues de Llobregat (Barcelona)","Cantidad Neta: 100 g"],"ingredients":[" Azúcar, cacao, manteca de cacao, leche, almendras , grasa vegetal (palma, shea), leche en polvo, avellanas , grasa láctea , suero de leche en polvo, leche desnatada en polvo, harina de trigo, mantequilla , maltodextrina, mantequilla concentrada, malta de cebada, malta de trigo, cacao desgrasado, emulgente (lecitinas), piel de naranja, jarabe de glucosa y fructosa, sal, aromas naturales. Puede contener otros frutos secos y huevo."],"conservation":" Conservar en lugar fresco y seco.","ean":"7613031482245"},{"full_name":"NESTLE CAJA ROJA bombones surtidos estuche 100 g","name":"bombones surtidos estuche 100 g","brand":"NESTLE CAJA ROJA ","img":"https://sgfm.elcorteingles.es/SGFM/dctm/MEDIA03/201611/08/00120602400200____1__600x600.jpg","price":"2,88 €","price_unit":"(28,80 € / Kilo)","categories":["Supermercado","Desayunos Dulces y pan","Desayunos, dulces y pan","Chocolates y bombones","Bombones","NESTLE CAJA ROJA bombones surtidos estuche 100 g"],"general_information":["Denominación del alimento: Bombones de chocolate","Nombre del operador: Nestlé España, S.A.","Dirección del operador: NESTLÉ ESPAÑA, S.A.- , Edificio Nestlé, 08950 Esplugues de Llobregat (Barcelona)","Cantidad Neta: 100 g"],"ingredients":[" Azúcar, manteca de cacao, leche, grasa vegetal (palma, shea), cacao, almendras, leche desnatada en polvo, suero de leche en polvo, leche en polvo, grasa láctea, mantequilla, maltodextrina, harina de trigo, malta de trigo y cebada en polvo, cacao desgrasado, emulgente lecitina de girasol, sal, aromas naturales de vainilla, aroma natural. Puede contener otros frutos secos y huevo."],"conservation":" Conservar en lugar limpio, fresco y seco","ean":"7613034333674"},{"full_name":"NESTLE CAJA ROJA bombones surtidos estuche 45 g","name":"bombones surtidos estuche 45 g","brand":"NESTLE CAJA ROJA ","img":"https://sgfm.elcorteingles.es/SGFM/dctm/MEDIA03/201610/28/00120602400218____3__600x600.jpg","price":"1,85 €","price_unit":"(41,11 € / Kilo)","categories":["Supermercado","Desayunos Dulces y pan","Desayunos, dulces y pan","Chocolates y bombones","Bombones","NESTLE CAJA ROJA bombones surtidos estuche 45 g"],"general_information":["Denominación del alimento: Bombones de chocolate","Nombre del operador: Nestlé España, S.A.","Dirección del operador: NESTLÉ ESPAÑA, S.A.- , Edificio Nestlé, 08950 Esplugues de Llobregat (Barcelona)","Cantidad Neta: 45 g"],"ingredients":[" Azúcar, cacao, manteca de cacao, leche, grasa vegetal (palma, shea), leche en polvo, leche desnatada en polvo, avellanas, grasa láctea, suero de leche en polvo, harina de trigo, malta de trigo y cebada en polvo, mantequilla, maltodextrina, mantequilla concentrada, malta de cebada, cacao desgrasado, emulgente (lecitina de girasol), sal, aromas naturales de vainilla, aromas naturales. Puede contener otros frutos secos y huevo."],"conservation":" Conservar en lugar fresco y seco","ean":"7613031501397"},{"full_name":"LINDT LINDOR bombones surtidos maxi bola envase 550 g","name":"bombones surtidos maxi bola envase 550 g","brand":"LINDT LINDOR ","img":"https://sgfm.elcorteingles.es/SGFM/dctm/MEDIA02/CONTENIDOS/201511/05/00120602601161____1__600x600.jpg","price":"17,00 €","price_unit":"(30,91 € / Kilo)","categories":["Supermercado","Desayunos Dulces y pan","Desayunos, dulces y pan","Chocolates y bombones","Bombones","LINDT LINDOR bombones surtidos maxi bola envase 550 g"],"general_information":["Denominación del alimento: Chocolate","País de origen: Italia","Nombre del operador: Lindt & Sprüngli","Dirección del operador: C/ Marina 16-18 Torre Mapfre, P39. 08005 (Barcelona)","Cantidad Neta: 550 g"],"ingredients":[" Azúcar, pasta de cacao, grasas vegetales (coco, palmiste), manteca de cacao, grasa láctea anhidra, lactosa,leche en polvo,leche desnatada en polvo, emulgente (lecitina de soja), vaina de vainilla, aromas, extracto de malta de cebada. Puede contener ,almendras. Fracción de chocolate negro contiene cacao: 60% mínimo.Fracción de chocolate con leche contiene cacao 31% mínimo."],"conservation":" Conservar en lugar fresco y seco","ean":"8003340096643"},{"full_name":"LINDT LINDOR Maxi Bola bombones estuche 550 g","name":"Maxi Bola bombones estuche 550 g","brand":"LINDT LINDOR ","img":"https://sgfm.elcorteingles.es/SGFM/dctm/MEDIA02/CONTENIDOS/201410/16/00120602301390____1__600x600.jpg","price":"17,00 €","price_unit":"(30,91 € / Kilo)","categories":["Supermercado","Desayunos Dulces y pan","Desayunos, dulces y pan","Chocolates y bombones","Bombones","LINDT LINDOR Maxi Bola bombones estuche 550 g"],"general_information":["Denominación del alimento: Chocolate","País de origen: Italia","Nombre del operador: Lindt & Sprüngli","Dirección del operador: C/ Marina 16-18 Torre Mapfre, P39. 08005 (Barcelona)","Cantidad Neta: 550 g"],"ingredients":[" Azúcar, grasas vegetales (coco, palmiste), manteca de cacao, pasta de cacao, leche en polvo, leche desnatada en polvo, lactosa, grasa láctea, emulgente (lecitina de soja), extracto de malta de cebada, aromas, vainilla. Puede contener avellanas y almendras. Fracción de chocolate con leche contiene. Cacao: 31 % mínimo"],"conservation":" Conservar en lugar fresco y seco","ean":"8003340096537"},{"full_name":"LINDT LINDOR bombones surtidos con relleno cremoso estuche 500 g","name":"bombones surtidos con relleno cremoso estuche 500 g","brand":"LINDT LINDOR ","img":"https://sgfm.elcorteingles.es/SGFM/dctm/MEDIA02/CONTENIDOS/201407/21/00200202300521____1__600x600.jpg","price":"14,15 €            ","price_unit":"(27,76 € / Kilo)","categories":["Supermercado","Desayunos Dulces y pan","Desayunos, dulces y pan","Chocolates y bombones","Bombones","LINDT LINDOR bombones surtidos con relleno cremoso estuche 500 g"],"general_information":["Denominación del alimento: Chocolate","País de origen: Italia","Nombre del operador: Lindt & Sprüngli","Dirección del operador: C/ Marina 16-18 Torre Mapfre, P39. 08005 (Barcelona)","Cantidad Neta: 500 g"],"ingredients":[" Azúcar, grasas vegetales (coco, palmiste), manteca de cacao, pasta de cacao, leche en polvo, leche desnatada en polvo, lactosa, grasa láctea, emulgente (lecitina de soja), extracto de malta de cebada, aromas, vainilla. Puede contener avellanas, almendras. Fracción de chocolate con leche contiene cacao: 31% mínimo. Fracción de chocolate negro contiene cacao: 60%"],"conservation":" Conservar en lugar fresco y seco","ean":"7610400071697"},{"full_name":"LINDT LINDOR bombones de chocolate con leche relleno cremoso estuche 500 g","name":"bombones de chocolate con leche relleno cremoso estuche 500 g","brand":"LINDT LINDOR ","img":"https://sgfm.elcorteingles.es/SGFM/00/34/2/0200202600342/0200202600342000g01011.jpg","price":"14,15 €            ","price_unit":"(27,76 € / Kilo)","categories":["Supermercado","Desayunos Dulces y pan","Desayunos, dulces y pan","Chocolates y bombones","Bombones","LINDT LINDOR bombones de chocolate con leche relleno cremoso estuche 500 g"],"general_information":["Denominación del alimento: Chocolate","País de origen: Italia","Nombre del operador: Lindt & Sprüngli","Dirección del operador: C/ Marina 16-18 Torre Mapfre, P39. 08005 (Barcelona)","Cantidad Neta: 500 g"],"ingredients":[" Azúcar, grasas vegetales (coco, palmiste), manteca de cacao, pasta de cacao, leche en polvo, leche desnatada en polvo, lactosa, grasa láctea, emulgente (lecitina de soja), extracto de malta de cebada, aromas, vainilla. Puede contener avellanas y almendras. Fracción de chocolate con leche. Contiene cacao: 31% mínimo."],"conservation":" Conservar en lugar fresco y seco","ean":"8003340091167"},{"full_name":"LINDT LINDOR bombones de chocolate extra negro 60% de cacao con corazón de chocolate cremoso envase 500 g","name":"bombones de chocolate extra negro 60% de cacao con corazón de chocolate cremoso envase 500 g","brand":"LINDT LINDOR ","img":"https://sgfm.elcorteingles.es/SGFM/dctm/MEDIA03/201609/26/00120602601369____1__600x600.jpg","price":"14,15 €            ","price_unit":"(27,76 € / Kilo)","categories":["Supermercado","Desayunos Dulces y pan","Desayunos, dulces y pan","Chocolates y bombones","Bombones","LINDT LINDOR bombones de chocolate extra negro 60% de cacao con corazón de chocolate cremoso envase 500 g"],"general_information":["Denominación del alimento: Chocolate","País de origen: Francia","Nombre del operador: Lindt & Sprüngli","Dirección del operador: C/ Marina 16-18 Torre Mapfre, P39. 08005 (Barcelona)","Cantidad Neta: 500 g"],"ingredients":[" Ingredientes : pasta de cacao, azúcar, grasa vegetal (coco, palmiste), manteca de cacao, grasa láctea anhidra, leche en polvo, emulgente (lecitina de soja), leche desnatada en polvo,  lactosa, vaina de vainilla, aromas, extracto de malta de cebada.Fracción de chocolate negro contiene cacao: 60 % mínimo.Puede contener avellanas, almendras."],"conservation":" Conservar en lugar fresco y seco","ean":"8003340096704"},{"full_name":"LINDT LINDOR bombones de chocolate con leche relleno cremoso pack 2 estuche 200 g","name":"bombones de chocolate con leche relleno cremoso pack 2 estuche 200 g","brand":"LINDT LINDOR ","img":"https://sgfm.elcorteingles.es/SGFM/01/08/5/0120602301085/0120602301085000g01011.jpg","price":"10,85 €","price_unit":"(18,08 € / Kilo)","categories":["Supermercado","Desayunos Dulces y pan","Desayunos, dulces y pan","Chocolates y bombones","Bombones","LINDT LINDOR bombones de chocolate con leche relleno cremoso pack 2 estuche 200 g"],"general_information":[],"ingredients":[],"ean":"8410117612300"},{"full_name":"LINDT LINDOR bombones de chocolate con leche tubo 287,5 g","name":"bombones de chocolate con leche tubo  287,5 g","brand":"LINDT LINDOR ","img":"https://sgfm.elcorteingles.es/SGFM/dctm/MEDIA03/201710/02/00120602601492____1__600x600.jpg","price":"9,99 €","price_unit":"(34,75 € / Kilo)","categories":["Supermercado","Desayunos Dulces y pan","Desayunos, dulces y pan","Chocolates y bombones","Bombones","LINDT LINDOR bombones de chocolate con leche tubo 287,5 g"],"general_information":["Denominación del alimento: Chocolate","País de origen: España","Nombre del operador: Lindt & Sprüngli","Dirección del operador: C/ Marina 16-18 Torre Mapfre, P39. 08005 (Barcelona)","Cantidad Neta: 287.5 g"],"ingredients":[" Azúcar, grasas vegetales (coco, palmiste), manteca de cacao, pasta de cacao, leche en polvo, leche desnatada en polvo, lactosa, grasa láctea, emulgente (lecitina de soja), extracto de malta de cebada, aromas, vainilla. Puede contener avellanas y almendras. Fracción de chocolate con leche. Contiene cacao: 31% mínimo."],"conservation":" Conservar en lugar fresco y seco","ean":"8410117618807"},{"full_name":"LINDT LINDOR bombones de chocolate negro 60% de cacao tubo estuche 287,5 g","name":"bombones de chocolate negro 60% de cacao tubo estuche 287,5 g","brand":"LINDT LINDOR ","img":"https://sgfm.elcorteingles.es/SGFM/dctm/MEDIA03/201710/09/00120602601500____1__600x600.jpg","price":"9,99 €","price_unit":"(34,75 € / Kilo)","categories":["Supermercado","Desayunos Dulces y pan","Desayunos, dulces y pan","Chocolates y bombones","Bombones","LINDT LINDOR bombones de chocolate negro 60% de cacao tubo estuche 287,5 g"],"general_information":["Denominación del alimento: Chocolate","País de origen: España","Nombre del operador: Lindt & Sprüngli","Dirección del operador: C/ Marina 16-18 Torre Mapfre, P39. 08005 (Barcelona)","Cantidad Neta: 287.5 g"],"ingredients":[" Pasta de cacao, azúcar, grasas vegetales (coco, palmiste), manteca de cacao, grasa láctea, leche en polvo, leche desnatada en polvo, emulgente (lecitina de soja), lactosa, vainilla, extracto de malta de cebada, aromas. Puede contener avellanas, almendras. Fracción de chocolate negro contiene cacao: 60 % mínimo."],"conservation":" Conservar en lugar fresco y seco","ean":"8410117618821"},{"full_name":"LINDT LINDOR bombones surtidos tubo estuche 287,5 g","name":"bombones surtidos tubo estuche 287,5 g","brand":"LINDT LINDOR ","img":"https://sgfm.elcorteingles.es/SGFM/dctm/MEDIA03/201710/02/00200202301974____1__600x600.jpg","price":"9,99 €","price_unit":"(34,75 € / Kilo)","categories":["Supermercado","Desayunos Dulces y pan","Desayunos, dulces y pan","Chocolates y bombones","Bombones","LINDT LINDOR bombones surtidos tubo estuche 287,5 g"],"general_information":["Denominación del alimento: Chocolate","País de origen: España","Nombre del operador: Lindt & Sprüngli","Dirección del operador: C/ Marina 16-18 Torre Mapfre, P39. 08005 (Barcelona)","Cantidad Neta: 287.5 g"],"ingredients":[" Bombones de chocolate con leche, extra negro y blanco con relleno cremoso.Ingredientes: azúcar, grasa vegetal (coco, palmiste), manteca de lactosa, grasa láctea anhidra, emulgente (lecitina de soja), extracto de malta de cebada, aromas, vaina de vainilla.Puede contener avellanas y otros frutos de cáscara. Fracción de chocolate con leche contiene: Cacao 31% mínimo. Fracción de chocolate blanco contiene: Cacao 30% mínimo Fracción de chocolate negro contiene: Cacao 60% mínimo."],"conservation":" Conservar en lugar fresco y seco","ean":"8410117618814"},{"full_name":"LINDT LINDOR bombones de chocolate en caja de corazón envase 250 g","name":"bombones de chocolate en caja de corazón envase 250 g","brand":"LINDT LINDOR ","img":"https://sgfm.elcorteingles.es/SGFM/dctm/MEDIA02/CONTENIDOS/201601/22/00120602601310____1__600x600.jpg","price":"9,99 €","price_unit":"(39,96 € / Kilo)","categories":["Supermercado","Desayunos Dulces y pan","Desayunos, dulces y pan","Chocolates y bombones","Bombones","LINDT LINDOR bombones de chocolate en caja de corazón envase 250 g"],"general_information":["Denominación del alimento: Chocolate","País de origen: Francia","Nombre del operador: Lindt & Sprüngli","Dirección del operador: C/ Marina 16-18 Torre Mapfre, P39. 08005 (Barcelona)","Cantidad Neta: 250 g"],"ingredients":[" Ingredientes :Azúcar, grasas vegetales (coco, palmiste), manteca de cacao, pasta de cacao, leche en polvo, leche desnatada en polvo, lactosa, grasa láctea, emulgente (lecitina de soja), extracto de malta de cebada, aromas, vainilla. Puede contener avellanas y almendras. Fracción de chocolate con leche. Contiene cacao: 31% mínimo."],"conservation":" Conservar en lugar fresco y seco","ean":"8410117617268"},{"full_name":"LINDT LINDOR bombones de chocolate con leche estuche 225 g","name":"bombones de chocolate con leche estuche 225 g","brand":"LINDT LINDOR ","img":"https://sgfm.elcorteingles.es/SGFM/dctm/MEDIA03/201710/26/00120602601518____1__600x600.jpg","price":"6,99 €","price_unit":"(31,07 € / Kilo)","categories":["Supermercado","Desayunos Dulces y pan","Desayunos, dulces y pan","Chocolates y bombones","Bombones","LINDT LINDOR bombones de chocolate con leche estuche 225 g"],"general_information":["Denominación del alimento: Chocolate","País de origen: España","Nombre del operador: Lindt & Sprüngli","Dirección del operador: C/ Marina 16-18 Torre Mapfre, P39. 08005 (Barcelona)","Cantidad Neta: 251 g"],"ingredients":[" Azúcar, grasas vegetales (coco, palmiste), manteca de cacao, pasta de cacao, leche en polvo, leche desnatada en polvo, lactosa, grasa láctea, emulgente (lecitina de soja), extracto de malta de cebada, aromas, vainilla. Puede contener avellanas y almendras. Fracción de chocolate con leche. Contiene cacao: 31% mínimo."],"conservation":" Conservar en lugar fresco y seco","ean":"8410117618838"},{"full_name":"LINDT LINDOR bombones surtidos estuche 225 g","name":"bombones surtidos estuche 225 g","brand":"LINDT LINDOR ","img":"https://sgfm.elcorteingles.es/SGFM/dctm/MEDIA03/201710/26/00120602302042____1__600x600.jpg","price":"6,99 €","price_unit":"(31,07 € / Kilo)","categories":["Supermercado","Desayunos Dulces y pan","Desayunos, dulces y pan","Chocolates y bombones","Bombones","LINDT LINDOR bombones surtidos estuche 225 g"],"general_information":["Denominación del alimento: Chocolate","País de origen: España","Nombre del operador: Lindt & Sprüngli","Dirección del operador: C/ Marina 16-18 Torre Mapfre, P39. 08005 (Barcelona)","Cantidad Neta: 251 g"],"ingredients":[" Bombones de chocolate con leche, extra negro y blanco con relleno cremoso.Ingredientes: azúcar, grasa vegetal (coco, palmiste), manteca de cacao, pasta de cacao, leche en polvo, lactosa, leche desnatada en polvo, grasa láctea anhidra, emulgente (lecitina de soja), extracto de malta de cebada, aromas, vaina de vainilla. Fracción de chocolate con leche contiene cacao: 31 % mínimo. Fracción de chocolate negro contiene cacao: 60 % mínimo."],"conservation":" Conservar en lugar fresco y seco","ean":"8410117618845"},{"full_name":"LINDT LINDOR bombones de chocolate con leche lata navidad envase 225 g","name":"bombones de chocolate con leche lata navidad envase 225 g","brand":"LINDT LINDOR ","img":"https://sgfm.elcorteingles.es/SGFM/dctm/MEDIA03/201611/08/00120602601153____2__600x600.jpg","price":"9,99 €","price_unit":"(44,40 € / Kilo)","categories":["Supermercado","Desayunos Dulces y pan","Desayunos, dulces y pan","Chocolates y bombones","Bombones","LINDT LINDOR bombones de chocolate con leche lata navidad envase 225 g"],"general_information":["Denominación del alimento: Chocolate","País de origen: Italia","Nombre del operador: Lindt & Sprüngli","Dirección del operador: C/ Marina 16-18 Torre Mapfre, P39. 08005 (Barcelona)","Cantidad Neta: 225 g"],"ingredients":[" Bombones de chocolate con leche, extra negro y blanco con relleno cremoso.Ingredientes: azúcar, grasa vegetal (coco, palmiste), manteca de cacao, pasta de cacao, leche en polvo, lactosa,leche desnatada en polvo, grasa láctea anhidra, emulgente (lecitina de soja), extracto de malta de cebada,aromas, vaina de vainilla.Puede contener avellanas, almendras.Fracción de chocolate con leche contiene: Cacao: 31% mínimo.Fracción de chocolate blanco contiene: Cacao: 30% mínimo.Fracción de chocolate negro contiene: Cacao: 60% mínimo."],"conservation":" Conservar en lugar fresco y seco","ean":"8410117617978"},{"full_name":"LINDT LINDOR bombones de chocolate con leche lata vintage lata 225 g","name":"bombones de chocolate con leche lata vintage lata 225 g","brand":"LINDT LINDOR ","img":"https://sgfm.elcorteingles.es/SGFM/dctm/MEDIA03/201711/06/00120602600544____6__600x600.jpg","price":"9,99 €","price_unit":"(44,40 € / Kilo)","categories":["Supermercado","Desayunos Dulces y pan","Desayunos, dulces y pan","Chocolates y bombones","Bombones","LINDT LINDOR bombones de chocolate con leche lata vintage lata 225 g"],"general_information":["Denominación del alimento: Chocolate","País de origen: Italia","Nombre del operador: Lindt & Sprüngli","Dirección del operador: C/ Marina 16-18 Torre Mapfre, P39. 08005 (Barcelona)","Cantidad Neta: 225 g"],"ingredients":[" Azúcar, grasas vegetales (coco, palmiste), manteca de cacao, pasta de cacao, leche en polvo, leche desnatada en polvo, lactosa, grasa láctea, emulgente (lecitina de soja), extracto de malta de cebada, aromas, vainilla. Puede contener avellanas y almendras. Fracción de chocolate con leche contiene. Cacao: 31 % mínimo"],"conservation":" Conservar en lugar fresco y seco","ean":"8410117607757"},{"full_name":"LINDT LINDOR bombones de chocolate blanco con relleno cremoso estuche 200 g","name":"bombones de chocolate blanco con relleno cremoso estuche 200 g","brand":"LINDT LINDOR ","img":"https://sgfm.elcorteingles.es/SGFM/00/33/8/0120602600338/0120602600338000g01011.jpg","price":"5,59 €","price_unit":"(27,95 € / Kilo)","categories":["Supermercado","Desayunos Dulces y pan","Desayunos, dulces y pan","Chocolates y bombones","Bombones","LINDT LINDOR bombones de chocolate blanco con relleno cremoso estuche 200 g"],"general_information":["Denominación del alimento: Chocolate","País de origen: Italia","Nombre del operador: Lindt & Sprüngli","Dirección del operador: C/ Marina 16-18 Torre Mapfre, P39. 08005 (Barcelona)","Cantidad Neta: 200 g"],"ingredients":[" Azúcar, manteca de cacao, grasas vegetales (coco, palmiste), leche en polvo, lactosa, emulgente (lecitina de soja), aromas. Puede contener avellanas, almendras."],"conservation":" Conservar en lugar fresco y seco","ean":"8003340093147"},{"full_name":"LINDT LINDOR bombones de chocolate blanco con relleno cremoso estuche 200 g","name":"bombones de chocolate blanco con relleno cremoso estuche 200 g","brand":"LINDT LINDOR ","img":"https://sgfm.elcorteingles.es/SGFM/dctm/MEDIA03/201710/25/00120602601823____1__600x600.jpg","price":"5,59 €","price_unit":"(27,95 € / Kilo)","categories":["Supermercado","Desayunos Dulces y pan","Desayunos, dulces y pan","Chocolates y bombones","Bombones","LINDT LINDOR bombones de chocolate blanco con relleno cremoso estuche 200 g"],"general_information":["Denominación del alimento: Chocolate","País de origen: Italia","Nombre del operador: Lindt & Sprüngli","Dirección del operador: C/ Marina 16-18 Torre Mapfre, P39. 08005 (Barcelona)","Cantidad Neta: 200 g"],"ingredients":[" Azúcar, grasa vegetal (coco, palmiste), manteca de cacao, leche en polvo, pasta de cacao, leche desnatada en polvo, lactosa, grasa láctea anhidra, emulgente (lecitina de soja), extracto de malta de cebada, aromas. Puede contener avellanas, almendras. Fracción de chocolate con leche contiene cacao: 31 % mínimo."],"conservation":" Conservar en lugar fresco y seco","ean":"8003340097725"},{"full_name":"LINDT LINDOR bombones de chocolate blanco con relleno de crema de fresas estuche 200 g","name":"bombones de chocolate blanco con relleno de crema de fresas estuche 200 g","brand":"LINDT LINDOR ","img":"https://sgfm.elcorteingles.es/SGFM/dctm/MEDIA02/CONTENIDOS/201410/16/00120602600866____1__600x600.jpg","price":"5,59 €","price_unit":"(27,95 € / Kilo)","categories":["Supermercado","Desayunos Dulces y pan","Desayunos, dulces y pan","Chocolates y bombones","Bombones","LINDT LINDOR bombones de chocolate blanco con relleno de crema de fresas estuche 200 g"],"general_information":["Denominación del alimento: Chocolate","País de origen: Italia","Nombre del operador: Lindt & Sprüngli","Dirección del operador: C/ Marina 16-18 Torre Mapfre, P39. 08005 (Barcelona)","Cantidad Neta: 200 g"],"ingredients":[" Azúcar, manteca de cacao, grasas vegetales (coco, palmiste), leche en polvo, lactose, grasa láctea anhidra, nata en polvo (1.1%), fresa en polvo (0.4%), emulgente (lecitina de soja), aroma natural, colorante (rojo de remolacha, betanina), aromas. Puede contener avellanas y almendras."],"conservation":" Conservar en lugar fresco y seco","ean":"8003340096544"},{"full_name":"LINDT LINDOR bombones de chocolate con leche relleno cremoso estuche 200 g","name":"bombones de chocolate con leche relleno cremoso estuche 200 g","brand":"LINDT LINDOR ","img":"https://sgfm.elcorteingles.es/SGFM/00/32/0/0120602600320/0120602600320000g01011.jpg","price":"4,99 €","price_unit":"(24,95 € / Kilo)","categories":["Supermercado","Desayunos Dulces y pan","Desayunos, dulces y pan","Chocolates y bombones","Bombones","LINDT LINDOR bombones de chocolate con leche relleno cremoso estuche 200 g"],"general_information":["Denominación del alimento: Chocolate","País de origen: Italia","Nombre del operador: Lindt & Sprüngli","Dirección del operador: C/ Marina 16-18 Torre Mapfre, P39. 08005 (Barcelona)","Cantidad Neta: 200 g"],"ingredients":[" Azúcar, grasas vegetales (coco, palmiste), manteca de cacao, pasta de cacao, leche en polvo, leche desnatada en polvo, lactosa, grasa láctea, emulgente (lecitina de soja), extracto de malta de cebada, aromas, vainilla. Puede contener avellanas y almendras. Fracción de chocolate con leche. Contiene cacao: 31% mínimo."],"conservation":" Conservar en lugar fresco y seco","ean":"8003340073545"},{"full_name":"LINDT LINDOR bombones de chocolate con leche y naranja estuche 200 g","name":"bombones de chocolate con leche y naranja estuche 200 g","brand":"LINDT LINDOR ","img":"https://sgfm.elcorteingles.es/SGFM/dctm/MEDIA03/201710/02/00120602601641____1__600x600.jpg","price":"5,59 €","price_unit":"(27,95 € / Kilo)","categories":["Supermercado","Desayunos Dulces y pan","Desayunos, dulces y pan","Chocolates y bombones","Bombones","LINDT LINDOR bombones de chocolate con leche y naranja estuche 200 g"],"general_information":[],"ingredients":[],"ean":"8003340097145"},{"full_name":"LINDT LINDOR bombones de chocolate negro con relleno cremoso estuche 200 g","name":"bombones de chocolate negro con relleno cremoso estuche 200 g","brand":"LINDT LINDOR ","img":"https://sgfm.elcorteingles.es/SGFM/00/60/3/0120602500603/0120602500603000g01011.jpg","price":"5,59 €","price_unit":"(27,95 € / Kilo)","categories":["Supermercado","Desayunos Dulces y pan","Desayunos, dulces y pan","Chocolates y bombones","Bombones","LINDT LINDOR bombones de chocolate negro con relleno cremoso estuche 200 g"],"general_information":["Denominación del alimento: Chocolate","País de origen: Italia","Nombre del operador: Lindt & Sprüngli","Dirección del operador: C/ Marina 16-18 Torre Mapfre, P39. 08005 (Barcelona)","Cantidad Neta: 200 g"],"ingredients":[" Pasta de cacao, azúcar, grasas vegetales (coco, palmiste), manteca de cacao, grasa láctea, leche en polvo, leche desnatada en polvo, emulgente (lecitina de soja), lactosa, vainilla, extracto de malta de cebada, aromas. Puede contener avellanas, almendras. Fracción de chocolate negro contiene cacao: 60 % mínimo."],"conservation":" Conservar en lugar fresco y seco","ean":"8003340073125"},{"full_name":"LINDT LINDOR bombones de chocolate negro suave estuche 200 g","name":"bombones de chocolate negro suave estuche 200 g","brand":"LINDT LINDOR ","img":"https://sgfm.elcorteingles.es/SGFM/dctm/MEDIA03/201710/02/00120602601658____1__600x600.jpg","price":"5,59 €","price_unit":"(27,95 € / Kilo)","categories":["Supermercado","Desayunos Dulces y pan","Desayunos, dulces y pan","Chocolates y bombones","Bombones","LINDT LINDOR bombones de chocolate negro suave estuche 200 g"],"general_information":["Denominación del alimento: Chocolate","País de origen: España","Nombre del operador: Lindt & Sprüngli","Dirección del operador: C/ Marina 16-18 Torre Mapfre, P39. 08005 (Barcelona)","Cantidad Neta: 265 g"],"ingredients":[" Azúcar, pasta de cacao, grasas vegetales (coco, palmiste), manteca de cacao, grasa láctea anhidra, lactosa, leche desnatada en polvo, leche en polvo, emulgente (lecitina de soja), aromas, vainilla, extracto de malta de cebada. Puede contener avellanas, almendras. Fracción de chocolate negre: 45% mínimo."],"conservation":" Conservar en lugar fresco y seco","ean":"8003340092386"},{"full_name":"LINDT LINDOR bombones surtidos con relleno cremoso estuche 200 g","name":"bombones surtidos con relleno cremoso estuche 200 g","brand":"LINDT LINDOR ","img":"https://sgfm.elcorteingles.es/SGFM/00/24/2/0120602400242/0120602400242000g01011.jpg","price":"5,59 €","price_unit":"(27,95 € / Kilo)","categories":["Supermercado","Desayunos Dulces y pan","Desayunos, dulces y pan","Chocolates y bombones","Bombones","LINDT LINDOR bombones surtidos con relleno cremoso estuche 200 g"],"general_information":["Denominación del alimento: Chocolate","País de origen: Italia","Nombre del operador: Lindt & Sprüngli","Dirección del operador: C/ Marina 16-18 Torre Mapfre, P39. 08005 (Barcelona)","Cantidad Neta: 200 g"],"ingredients":[" Lindor surtido:Azúcar, grasas vegetales (coco, palmiste), manteca de cacao, pasta de cacao, leche en polvo, lactosa, leche desnatada en polvo, grasa láctea, emulgente (lecitina de soja), extracto de malta de cebada, aromas, vainilla. Puede contener almendras, avellanas. Fracción de chocolate con leche contiene: Cacao 31 % mínimo. Fracción de chocolate negro contiene: Cacao 60 % mínimo"],"conservation":" Conservar en lugar fresco y seco","ean":"8003340072968"},{"full_name":"LINDT LINDOR bombones de chocolate blanco estuche 87,5 g","name":"bombones de chocolate blanco estuche 87,5 g","brand":"LINDT LINDOR ","img":"https://sgfm.elcorteingles.es/SGFM/dctm/MEDIA03/201710/26/00120602601567____2__600x600.jpg","price":"2,99 €","price_unit":"(34,17 € / Kilo)","categories":["Supermercado","Desayunos Dulces y pan","Desayunos, dulces y pan","Chocolates y bombones","Bombones","LINDT LINDOR bombones de chocolate blanco estuche 87,5 g"],"general_information":["Denominación del alimento: Chocolate","País de origen: España","Nombre del operador: Lindt & Sprüngli","Dirección del operador: C/ Marina 16-18 Torre Mapfre, P39. 08005 (Barcelona)","Cantidad Neta: 87.5 g"],"ingredients":[" Azúcar, manteca de cacao, grasas vegetales (coco, palmiste), leche en polvo, lactosa, emulgente (lecitina de soja), aromas. Puede contener avellanas, almendras."],"conservation":" Conservar en lugar fresco y seco","ean":"8410117618876"},{"full_name":"LINDT LINDOR bombones de chocolate con leche estuche 87,5 g","name":"bombones de chocolate con leche estuche 87,5 g","brand":"LINDT LINDOR ","img":"https://sgfm.elcorteingles.es/SGFM/dctm/MEDIA03/201710/26/00120602601526____2__600x600.jpg","price":"2,99 €","price_unit":"(34,17 € / Kilo)","categories":["Supermercado","Desayunos Dulces y pan","Desayunos, dulces y pan","Chocolates y bombones","Bombones","LINDT LINDOR bombones de chocolate con leche estuche 87,5 g"],"general_information":["Denominación del alimento: Chocolate","País de origen: España","Nombre del operador: Lindt & Sprüngli","Dirección del operador: C/ Marina 16-18 Torre Mapfre, P39. 08005 (Barcelona)","Cantidad Neta: 87.5 g"],"ingredients":[" Azúcar, grasas vegetales (coco, palmiste), manteca de cacao, pasta de cacao, leche en polvo, leche desnatada en polvo, lactosa, grasa láctea, emulgente (lecitina de soja), extracto de malta de cebada, aromas, vainilla. Puede contener avellanas y almendras. Fracción de chocolate con leche. Contiene cacao: 31% mínimo."],"conservation":" Conservar en lugar fresco y seco","ean":"8410117618852"},{"full_name":"LINDT LINDOR bombones de chocolate con leche rellenos de chocolate blanco estuche 87,5 g","name":"bombones de chocolate con leche rellenos de chocolate blanco estuche 87,5 g","brand":"LINDT LINDOR ","img":"https://sgfm.elcorteingles.es/SGFM/dctm/MEDIA03/201710/26/00120602601542____2__600x600.jpg","price":"2,99 €","price_unit":"(34,17 € / Kilo)","categories":["Supermercado","Desayunos Dulces y pan","Desayunos, dulces y pan","Chocolates y bombones","Bombones","LINDT LINDOR bombones de chocolate con leche rellenos de chocolate blanco estuche 87,5 g"],"general_information":["Denominación del alimento: Chocolate","País de origen: España","Nombre del operador: Lindt & Sprüngli","Dirección del operador: C/ Marina 16-18 Torre Mapfre, P39. 08005 (Barcelona)","Cantidad Neta: 87.5 g"],"ingredients":[" Azúcar, grasa vegetal (coco, palmiste), manteca de cacao, leche en polvo, pasta de cacao, leche desnatada en polvo, lactosa, grasa láctea anhidra, emulgente (lecitina de soja), extracto de malta de cebada, aromas. Puede contener avellanas, almendras. Fracción de chocolate con leche contiene cacao: 31 % mínimo."],"conservation":" Conservar en lugar fresco y seco","ean":"8410117618883"},{"full_name":"LINDT LINDOR bombones de chocolate negro estuche 87,5 g","name":"bombones de chocolate negro estuche 87,5 g","brand":"LINDT LINDOR ","img":"https://sgfm.elcorteingles.es/SGFM/dctm/MEDIA03/201710/26/00120602601534____2__600x600.jpg","price":"2,99 €","price_unit":"(34,17 € / Kilo)","categories":["Supermercado","Desayunos Dulces y pan","Desayunos, dulces y pan","Chocolates y bombones","Bombones","LINDT LINDOR bombones de chocolate negro estuche 87,5 g"],"general_information":["Denominación del alimento: Chocolate","País de origen: España","Nombre del operador: Lindt & Sprüngli","Dirección del operador: C/ Marina 16-18 Torre Mapfre, P39. 08005 (Barcelona)","Cantidad Neta: 87.5 g"],"ingredients":[" Pasta de cacao, azúcar, grasas vegetales (coco, palmiste), manteca de cacao, grasa láctea, leche en polvo, leche desnatada en polvo, emulgente (lecitina de soja), lactosa, vainilla, extracto de malta de cebada, aromas. Puede contener avellanas, almendras. Fracción de chocolate negro contiene cacao: 60 % mínimo."],"conservation":" Conservar en lugar fresco y seco","ean":"8410117618869"},{"full_name":"LINDT LINDOR bombones de chocolate y avellanas estuche 87,5 g","name":"bombones de chocolate y avellanas estuche 87,5 g","brand":"LINDT LINDOR ","img":"https://sgfm.elcorteingles.es/SGFM/dctm/MEDIA03/201710/26/00120602601575____2__600x600.jpg","price":"2,99 €","price_unit":"(34,17 € / Kilo)","categories":["Supermercado","Desayunos Dulces y pan","Desayunos, dulces y pan","Chocolates y bombones","Bombones","LINDT LINDOR bombones de chocolate y avellanas estuche 87,5 g"],"general_information":["Denominación del alimento: Chocolate","País de origen: España","Nombre del operador: Lindt & Sprüngli","Dirección del operador: C/ Marina 16-18 Torre Mapfre, P39. 08005 (Barcelona)","Cantidad Neta: 87.5 g"],"ingredients":[" Bombones de chocolate con leche con trozos de avellana y relleno cremoso .Ingredientes: azúcar, grasa vegetal (coco, palmiste), manteca de cacao, pasta de cacao, leche en polvo, avellanas (4,2%), leche desnatada en polvo, lactosa, grasa láctea anhidra, emulgente (lecitina de soja), extracto de malta de cebada, aromas.Puede contener otros frutos de cáscara.Fracción de chocolate con leche contiene cacao: 31 % mínimo."],"conservation":" Conservar en lugar fresco y seco","ean":"8410117618890"},{"full_name":"LINDT LINDOR bombones de fresa y nata estuche 87,5 g","name":"bombones de fresa y nata estuche 87,5 g","brand":"LINDT LINDOR ","img":"https://sgfm.elcorteingles.es/SGFM/dctm/MEDIA03/201710/26/00200202601530____2__600x600.jpg","price":"2,99 €","price_unit":"(34,17 € / Kilo)","categories":["Supermercado","Desayunos Dulces y pan","Desayunos, dulces y pan","Chocolates y bombones","Bombones","LINDT LINDOR bombones de fresa y nata estuche 87,5 g"],"general_information":["Denominación del alimento: Chocolate","País de origen: España","Nombre del operador: Lindt & Sprüngli","Dirección del operador: C/ Marina 16-18 Torre Mapfre, P39. 08005 (Barcelona)","Cantidad Neta: 87.5 g"],"ingredients":[" Azúcar, manteca de cacao, grasas vegetales (coco, palmiste), leche en polvo, lactose, grasa láctea anhidra, nata en polvo (1.1%), fresa en polvo (0.4%), emulgente (lecitina de soja), aroma natural, colorante (rojo de remolacha, betanina), aromas. Puede contener avellanas y almendras."],"conservation":" Conservar en lugar fresco y seco","ean":"8410117618906"},{"full_name":"LINDT LINDOR bombones de naranja estuche 87,5 g","name":"bombones de naranja estuche 87,5 g","brand":"LINDT LINDOR ","img":"https://sgfm.elcorteingles.es/SGFM/dctm/MEDIA03/201710/26/00120602601591____2__600x600.jpg","price":"2,99 €","price_unit":"(34,17 € / Kilo)","categories":["Supermercado","Desayunos Dulces y pan","Desayunos, dulces y pan","Chocolates y bombones","Bombones","LINDT LINDOR bombones de naranja estuche 87,5 g"],"general_information":["Denominación del alimento: Chocolate","País de origen: España","Nombre del operador: Lindt & Sprüngli","Dirección del operador: C/ Marina 16-18 Torre Mapfre, P39. 08005 (Barcelona)","Cantidad Neta: 87.5 g"],"ingredients":[" Bombones de chocolate con leche con relleno cremoso sabor naranja.Ingredientes: azúcar, grasa vegetal (coco, palmiste), manteca de cacao, pasta de cacao, leche en polvo, leche desnatada en polvo, lactosa, grasa láctea anhidra, emulgente (lecitina de soja), extracto de malta de cebada, aceite esencial de naranja, aromas.Puede contener avellanas y otros frutos de cáscara. Fracción de chocolate con leche contiene cacao: 31 % mínimo"],"conservation":" Conservar en lugar fresco y seco","ean":"8410117618913"},{"full_name":"LINDT LINDOR bombones de chocolate con leche estuche 75 g","name":"bombones de chocolate con leche estuche 75 g","brand":"LINDT LINDOR ","img":"https://sgfm.elcorteingles.es/SGFM/dctm/MEDIA03/201710/02/00120602601583____1__600x600.jpg","price":"1,99 €","price_unit":"(26,53 € / Kilo)","categories":["Supermercado","Desayunos Dulces y pan","Desayunos, dulces y pan","Chocolates y bombones","Bombones","LINDT LINDOR bombones de chocolate con leche estuche 75 g"],"general_information":["Denominación del alimento: Chocolate","País de origen: Italia","Nombre del operador: Lindt & Sprüngli","Dirección del operador: C/ Marina 16-18 Torre Mapfre, P39. 08005 (Barcelona)","Cantidad Neta: 75 g"],"ingredients":[" ingredintes:Azúcar, grasas vegetales (coco, palmiste), manteca de cacao, pasta de cacao, leche en polvo, leche desnatada en polvo, lactosa, grasa láctea, emulgente (lecitina de soja), extracto de malta de cebada, aromas, vainilla. Puede contener avellanas y almendras. Fracción de chocolate con leche. Contiene cacao: 31% mínimo."],"conservation":" Conservar en lugar fresco y seco","ean":"8003340096698"},{"full_name":"LINDT LINDOR bombones de chocolate con leche estuche 75 g","name":"bombones de chocolate con leche estuche 75 g","brand":"LINDT LINDOR ","img":"https://sgfm.elcorteingles.es/SGFM/dctm/MEDIA03/201610/19/00120602401315____1__600x600.jpg","price":"2,99 €","categories":["Supermercado","Desayunos Dulces y pan","Desayunos, dulces y pan","Chocolates y bombones","Bombones","LINDT LINDOR bombones de chocolate con leche estuche 75 g"],"general_information":["Denominación del alimento: Chocolate","País de origen: Italia","Nombre del operador: Lindt & Sprüngli","Dirección del operador: C/ Marina 16-18 Torre Mapfre, P39. 08005 (Barcelona)","Cantidad Neta: 75 g"],"ingredients":[" Bombones de chocolate con leche con relleno cremoso.Ingredientes: azúcar, grasa vegetal (coco, palmiste), manteca de cacacao, pasta de cacao, leche en polvo, leche desnatada en polvo, lactosa, grasa láctea anhidra, emulgente (lecitina de soja), extracto de malta de cebada, aromas.Puede contener avellanas, almendras.Fracción de chocolate con leche contiene cacao: 31 % mínimo."],"conservation":" Conservar en lugar fresco y seco","ean":"8003340096674"},{"full_name":"LINDT LINDOR bombones de chocolate negro con 60% de cacao estuche 75 g","name":"bombones de chocolate negro con 60% de cacao estuche 75 g","brand":"LINDT LINDOR ","img":"https://sgfm.elcorteingles.es/SGFM/dctm/MEDIA03/201710/02/00120602601609____1__600x600.jpg","price":"1,99 €","price_unit":"(26,53 € / Kilo)","categories":["Supermercado","Desayunos Dulces y pan","Desayunos, dulces y pan","Chocolates y bombones","Bombones","LINDT LINDOR bombones de chocolate negro con 60% de cacao estuche 75 g"],"general_information":["Denominación del alimento: Chocolate","País de origen: Italia","Nombre del operador: Lindt & Sprüngli","Dirección del operador: C/ Marina 16-18 Torre Mapfre, P39. 08005 (Barcelona)","Cantidad Neta: 75 g"],"ingredients":[" Azúcar, pasta de cacao, grasas vegetales (coco, palmiste), manteca de cacao, grasa láctea anhidra, lactosa,leche en polvo,leche desnatada en polvo, emulgente (lecitina de soja), vaina de vainilla, aromas, extracto de malta de cebada. Puede contener avellanas, almendras. Fracción de chocolate negro contiene cacao: 60% mínimo."],"conservation":" Conservar en lugar fresco y seco","ean":"8003340096711"},{"full_name":"LINDT LINDOR bombones surtidos estuche 75 g","name":"bombones surtidos estuche 75 g","brand":"LINDT LINDOR ","img":"https://sgfm.elcorteingles.es/SGFM/dctm/MEDIA03/201610/19/00120602401307____1__600x600.jpg","price":"2,99 €","categories":["Supermercado","Desayunos Dulces y pan","Desayunos, dulces y pan","Chocolates y bombones","Bombones","LINDT LINDOR bombones surtidos estuche 75 g"],"general_information":["Denominación del alimento: Chocolate","País de origen: Francia","Nombre del operador: Lindt & Sprüngli","Dirección del operador: C/ Marina 16-18 Torre Mapfre, P39. 08005 (Barcelona)","Cantidad Neta: 75 g"],"ingredients":[" Ingredientes:azúcar, grasa vegetal (coco, palmiste), pasta de cacao, manteca de cacao, leche en polvo, leche desnatada en polvo, lactosa, grasa láctea anhidra, emulgente (lecitina de soja), extracto de malta de cebada, aromas, vaina de vainilla.Puede contener avellanas, almendras.Fracción de chocolate con leche contiene cacao 31 % mínimo.Fracción de chocolate blanco contiene cacao 30 % mínimo.Fracción de chocolate negro contiene cacao 60 % mínimo."],"conservation":" Conservar en lugar fresco y seco","ean":"8003340096681"},{"full_name":"LINDT SWISS LUXURY SELECTION bombones suizos surtidos estuche 445 g","name":"bombones suizos surtidos estuche 445 g","brand":"LINDT SWISS LUXURY SELECTION ","img":"https://sgfm.elcorteingles.es/SGFM/dctm/MEDIA03/201710/17/00120602300814____2__600x600.jpg","price":"26,24 €","price_unit":"(58,97 € / Kilo)","categories":["Supermercado","Desayunos Dulces y pan","Desayunos, dulces y pan","Chocolates y bombones","Bombones","LINDT SWISS LUXURY SELECTION bombones suizos surtidos estuche 445 g"],"general_information":["Denominación del alimento: Chocolate","País de origen: Suiza","Nombre del operador: Lindt & Sprüngli","Dirección del operador: C/ Marina 16-18 Torre Mapfre, P39. 08005 (Barcelona)","Cantidad Neta: 445 g"],"ingredients":[" Azúcar, manteca de cacao, pasta de cacao, almendras, leche en polvo, avellanas, leche desnatada en polvo, grasas vegetales (palma, palmiste, karité, coco), aceite vegetal de girasol, grasa láctea anhidra, lactosa, leche condensada, Kirsch, jarabe de glucosa, nata, mantequilla, humectante (sorbitoles, invertasa), harina de trigo, emulgente (lecitina de soja), cacao magro en polvo, habas de cacao, clara de huevo, azúcar líquido invertido, almidón de trigo, cáscara de naranja, extracto de malta de cebada, pistachos, aromas, café, gelificante (goma arábiga), harina de arroz, semillas de albaricoque, zumo de naranja concentrado, almidón de patata, arroz inflado, colorante (curcumina, complejos cúpricos de clorofilas y clorofilinas, caramelo de sulfito cáustico, extracto de pimentón, capsantina, capsorrubina, annato, bixina, norbixina, dióxido de titanio), agente de recubrimiento (goma arábiga, goma laca), almidón modificado, maltodextrina, gasificante (carbonatos de sodio, carbonatos de amonio), gluten de trigo, estabilizante (trifosfatos), dextrosa, sal, malta de trigo, proteínas de la leche, colorante (clorofila y clorofilinas), extractos vegetales (calabaza, manzana), acidulante (ácido cítrico), malta de cebada. Puede contener otros frutos de cáscara. Fracción de chocolate con leche contiene cacao: 31%. Fracción de chocolate negro contiene cacao: 41 %"],"conservation":" Conservar en lugar fresco y seco","ean":"7610400075510"},{"full_name":"LINDT SWISS LUXURY SELECTION bombones suizos surtidos estuche 230 g","name":"bombones suizos surtidos estuche 230 g","brand":"LINDT SWISS LUXURY SELECTION ","img":"https://sgfm.elcorteingles.es/SGFM/dctm/MEDIA03/201711/06/00120602300806____3__600x600.jpg","price":"15,32 €","price_unit":"(66,61 € / Kilo)","categories":["Supermercado","Desayunos Dulces y pan","Desayunos, dulces y pan","Chocolates y bombones","Bombones","LINDT SWISS LUXURY SELECTION bombones suizos surtidos estuche 230 g"],"general_information":["Denominación del alimento: Chocolate","País de origen: Suiza","Nombre del operador: Lindt & Sprüngli","Dirección del operador: C/ Marina 16-18 Torre Mapfre, P39. 08005 (Barcelona)","Cantidad Neta: 230 g"],"ingredients":[" Azúcar, manteca de cacao, pasta de cacao, almendras, leche en polvo, avellanas, leche desnatada en polvo, grasa láctea anhidra, grasas vegetales (palma, palmiste, karité, coco), aceite vegetal de girasol, lactosa, leche condensada, Kirsch, jarabe de glucosa, nata, mantequilla, harina de trigo, emulgente (lecitina de soja), humectante (sorbitoles, invertasa), cacao magro en polvo, clara de huevo, azúcar líquido invertido, harina de arroz, almidón de trigo, café, extracto de malta de cebada, habas de cacao, cáscara de naranja, pistachos, aromas, gelificante (goma arábiga), semillas de albaricoque, zumo de naranja concentrado, arroz inflado, almidón de patata, agente de recubrimiento (goma arábiga, goma laca), gluten de trigo, dextrosa, colorante (curcumina, complejos cúpricos de clorofilas y clorofilinas, caramelo de sulfito cáustico, extracto de pimentón, capsantina, capsorrubina, annato, bixina, norbixina, dióxido de titanio), malta de trigo, almidón modificado, sal, maltodextrina, estabilizante (trifosfatos), proteínas de la leche, gasificante (carbonatos de sodio, carbonatos de amonio), colorante (clorofila y clorofilinas), extractos vegetales (calabaza, manzana), malta de cebada, acidulante (ácido cítrico). Puede contener otros frutos de cáscara. Fracción de chocolate con leche contiene cacao: 31%. Fracción de chocolate negro contiene cacao: 41 %"],"conservation":" Conservar en lugar fresco y seco","ean":"7610400075503"},{"full_name":"LINDT SWISS PREMIUM surtido de napolitanas estuche 250 g","name":"surtido de napolitanas estuche 250 g","brand":"LINDT SWISS PREMIUM ","img":"https://sgfm.elcorteingles.es/SGFM/00/04/3/0200202700043/0200202700043000g01011.jpg","price":"13,39 €","price_unit":"(53,56 € / Kilo)","categories":["Supermercado","Desayunos Dulces y pan","Desayunos, dulces y pan","Chocolates y bombones","Bombones","LINDT SWISS PREMIUM surtido de napolitanas estuche 250 g"],"general_information":["Denominación del alimento: Chocolate","País de origen: Suiza","Nombre del operador: Lindt & Sprüngli","Dirección del operador: C/ Marina 16-18 Torre Mapfre, P39. 08005 (Barcelona)","Cantidad Neta: 250 g"],"ingredients":[" Azúcar, manteca de cacao, leche en polvo, pasta de cacao, grasas vegetales (palmiste, coco, palma), avellanas, lactosa, leche desnatada en polvo, almendras, sirope de glucosa, emulgente (lecitina de soja), extracto de malta de cebada, grasa láctea anhidra, aromas, vainilla. Fracción de chocolate con leche contiene cacao 30% mínimo. Fracción de chocolate negro contiene cacao 49% mínimo."],"conservation":" Conservar en lugar fresco y seco","ean":"0000076104121"},{"full_name":"LINDT SWISS THINS láminas de chocolate con leche extrafinas estuche 125 g","name":"láminas de chocolate con leche extrafinas estuche 125 g","brand":"LINDT SWISS THINS ","img":"https://sgfm.elcorteingles.es/SGFM/00/11/8/0200202700118/0200202700118000g01011.jpg","price":"6,76 €","price_unit":"(54,08 € / Kilo)","categories":["Supermercado","Desayunos Dulces y pan","Desayunos, dulces y pan","Chocolates y bombones","Bombones","LINDT SWISS THINS láminas de chocolate con leche extrafinas estuche 125 g"],"general_information":["Denominación del alimento: Chocolate","País de origen: Suiza","Nombre del operador: Lindt & Sprüngli","Dirección del operador: C/ Marina 16-18 Torre Mapfre, P39. 08005 (Barcelona)","Cantidad Neta: 125 g"],"ingredients":[" Azúcar, manteca de cacao, pasta de cacao, leche en polvo, lactosa, leche desnatada en polvo, grasa láctea anhidra, emulgente (lecitina de soja), extracto de malta de cebada, aromas. Puede contener avellanas, almendras. Fracción de chocolate con leche contiene: Cacao: 38% mínimo. Sólidos lácteos: 14% mínimo."],"conservation":" Conservar en lugar fresco y seco","ean":"7610400029810"},{"full_name":"LINDT SWISS THINS láminas de chocolate negro extrafinas estuche 125 g","name":"láminas de chocolate negro extrafinas estuche 125 g","brand":"LINDT SWISS THINS ","img":"https://sgfm.elcorteingles.es/SGFM/00/09/6/0120602700096/0120602700096000g01011.jpg","price":"6,76 €","price_unit":"(54,08 € / Kilo)","categories":["Supermercado","Desayunos Dulces y pan","Desayunos, dulces y pan","Chocolates y bombones","Bombones","LINDT SWISS THINS láminas de chocolate negro extrafinas estuche 125 g"],"general_information":["Denominación del alimento: Chocolate","País de origen: Suiza","Nombre del operador: Lindt & Sprüngli","Dirección del operador: C/ Marina 16-18 Torre Mapfre, P39. 08005 (Barcelona)","Cantidad Neta: 125 g"],"ingredients":[" Azúcar, pasta de cacao, manteca de cacao, emulgente (lecitina de soja), vainilla. Puede contener trazas de avellanas, almendra y leche. Cacao: 52% min."],"conservation":" Conservar en lugar fresco y seco","ean":"7610400029827"},{"full_name":"LINDT BATONS KIRSCH barritas de chocolate rellenas de licor Kirsch estuche 125 g","name":"barritas de chocolate rellenas de licor Kirsch estuche 125 g","brand":"LINDT BATONS KIRSCH ","img":"https://sgfm.elcorteingles.es/SGFM/dctm/MEDIA03/201612/16/00120602601294____1__600x600.jpg","price":"8,24 €","price_unit":"(65,92 € / Kilo)","categories":["Supermercado","Desayunos Dulces y pan","Desayunos, dulces y pan","Chocolates y bombones","Bombones","LINDT BATONS KIRSCH barritas de chocolate rellenas de licor Kirsch estuche 125 g"],"general_information":["Denominación del alimento: Chocolate","País de origen: Francia","Nombre del operador: Lindt & Sprüngli","Dirección del operador: C/ Marina 16-18 Torre Mapfre, P39. 08005 (Barcelona)","Cantidad Neta: 125 g"],"ingredients":[" Barritas de chocolate con relleno líquido de Kirsh. Ingredientes:azúcar, pasta de cacao, kirsch (12%), manteca de cacao, cacao magro en polvo, grasa láctea anhidra,leche desnatada en polvo, gelificante (goma arábiga), emulgente (lecitina de soja), aroma.Puede contener trigo, avellanas, almendras y otros frutos de cáscara.Fracción de chocolate negro contiene: Cacao: 49% mín."],"conservation":" Conservar en lugar fresco y seco","ean":"7610400061049"},{"full_name":"LINDT CONNAISSEURS surtido de bombones estuche 180 g","name":"surtido de bombones estuche 180 g","brand":"LINDT CONNAISSEURS ","img":"https://sgfm.elcorteingles.es/SGFM/00/23/0/0200202400230/0200202400230000g01011.jpg","price":"10,91 €","price_unit":"(60,61 € / Kilo)","categories":["Supermercado","Desayunos Dulces y pan","Desayunos, dulces y pan","Chocolates y bombones","Bombones","LINDT CONNAISSEURS surtido de bombones estuche 180 g"],"general_information":["Denominación del alimento: Chocolate","País de origen: Francia","Nombre del operador: Lindt & Sprüngli","Dirección del operador: C/ Marina 16-18 Torre Mapfre, P39. 08005 (Barcelona)","Cantidad Neta: 180 g","Número de raciones por envase: 18"],"ingredients":[" Azúcar, praliné de avellanas 16% (avellanas, azúcar), lactosa, manteca de cacao, pasta de cacao, grasa vegetal, leche en polvo, avellanas 4%, masa de hojaldre 1% (azúcar, harina de trigo, grasa láctea, lactosuero en polvo, extracto de malta de cebada, gasificante (carbonato ácido de sodio), grasa láctea anhidra, praliné de almendras 0.8% (almendras, azúcar), almendras 0.5%, leche desnatada en polvo, emulgente: lecitina de soja, jarabe de glucosa, extracto de malta de cebada, aromas, aroma: vainilla, gasificante: carbonato ácido de sodio, miel."],"conservation":" Conservar en lugar fresco y seco","ean":"3046920692021"},{"full_name":"LINDT CHAMPS ELYSEES bombones surtidos estuche 973 g","name":"bombones surtidos estuche 973 g","brand":"LINDT CHAMPS ELYSEES ","img":"https://sgfm.elcorteingles.es/SGFM/dctm/MEDIA02/CONTENIDOS/201410/31/00120602300368____2__600x600.jpg","price":"29,99 €","price_unit":"(30,82 € / Kilo)","categories":["Supermercado","Desayunos Dulces y pan","Desayunos, dulces y pan","Chocolates y bombones","Bombones","LINDT CHAMPS ELYSEES bombones surtidos estuche 973 g"],"general_information":["Denominación del alimento: Chocolate","País de origen: Francia","Nombre del operador: Lindt & Sprüngli","Dirección del operador: C/ Marina 16-18 Torre Mapfre, P39. 08005 (Barcelona)","Cantidad Neta: 973 g","Número de raciones por envase: 94"],"ingredients":[" Ingredientes :azúcar, pasta de cacao, manteca de cacao, lactosa, grasas vegetales (coco, palma, karité), leche en polvo,praliné de avellanas (6%) (avellana, azúcar), grasa láctea anhidra, avellanas (2%), praliné de almendras (1%) (almendras, azúcar), leche desnatada en polvo, azúcar invertido, jarabe de glucosa, emulgente (lecitina de soja), barquillo (0,2%) (harinas de trigo y de arroz, azúcar, gasificante (carbonatos de sodio), grasa vegetal de palma), cacao magro, merengue lácteo (0,2%) (azúcar, almidón de trigo, proteínas de la leche), nueces (0,2%), estabilizante (sorbitoles) extracto de malta de cebada, naranja, manzana, aroma (vainilla), aroma natural de café, aromas, fibras de piña, espesantes (alginato sódico, fosfatos de calcio), conservador (ácido sórbico), aromas naturales, agente de recubrimiento (goma arábiga), acidulante (ácido cítrico), aroma natural de vainilla. Puede contener huevo y otros frutos de cáscara."],"conservation":" Conservar en lugar fresco y seco","ean":"3046920004763"},{"full_name":"LINDT Champs Élysées Noir bombones de chocolate negro estuche 470 g","name":"Champs Élysées Noir bombones de chocolate negro estuche 470 g","brand":"LINDT ","img":"https://sgfm.elcorteingles.es/SGFM/dctm/MEDIA03/201710/02/00120602302059____1__600x600.jpg","price":"14,99 €","price_unit":"(31,89 € / Kilo)","categories":["Supermercado","Desayunos Dulces y pan","Desayunos, dulces y pan","Chocolates y bombones","Bombones","LINDT Champs Élysées Noir bombones de chocolate negro estuche 470 g"],"general_information":["Denominación del alimento: Chocolate","País de origen: Francia","Nombre del operador: Lindt & Sprüngli","Dirección del operador: C/ Marina 16-18 Torre Mapfre, P39. 08005 (Barcelona)","Cantidad Neta: 470 g"],"ingredients":[" Surtido de bombones de chocolate negro con relleno.Ingredientes: azúcar, pasta de cacao, lactosa, grasas vegetales (coco, karité, palma), praliné de avellanas (9%) (avellanas (X,X%), azúcar), manteca de cacao, praliné de almendras (3%) (almendras (Y,Y%), azúcar), grasa láctea anhidra, avellanas (2%), almendras (2%), leche en polvo, barquillo (0,5%) (harinas de trigo y de arroz, azúcar, gasificante (carbonatos de sodio), sal), leche desnatada en polvo, cacao magro, emulgente (lecitina de soja), naranja, extracto de malta de cebada, manzana, aroma (vainilla), fibras de piña, aromas naturales, espesantes (alginato sódico, fosfatos de calcio), acidulante (ácido cítrico), aroma natural de vainilla.Fracción de chocolate negro 44% mínimo.Puede contener huevo y otros frutos de cáscara."],"conservation":" Conservar en lugar fresco y seco","ean":"3046920002622"},{"full_name":"LINDT CHAMPS ELYSEES bombones surtidos estuche 469 g","name":"bombones surtidos estuche 469 g","brand":"LINDT CHAMPS ELYSEES ","img":"https://sgfm.elcorteingles.es/SGFM/dctm/MEDIA03/201707/28/00120602301887____1__600x600.jpg","price":"12,00 €","price_unit":"(25,59 € / Kilo)","categories":["Supermercado","Desayunos Dulces y pan","Desayunos, dulces y pan","Chocolates y bombones","Bombones","LINDT CHAMPS ELYSEES bombones surtidos estuche 469 g"],"general_information":["Denominación del alimento: Chocolate","País de origen: Francia","Nombre del operador: Lindt & Sprüngli","Dirección del operador: C/ Marina 16-18 Torre Mapfre, P39. 08005 (Barcelona)","Cantidad Neta: 469 g"],"ingredients":[" Surtido de bombones de chocolate (negro, con leche extrafino y blanco) con relleno.Ingredientes: azúcar, manteca de cacao, pasta de cacao, grasas vegetales (coco, karité palma), lactosa, praliné de avellanas (9%) (avellanas (X,X%), azúcar), leche en polvo, praliné de almendras (2%) (almendras (Y,Y%), azúcar), grasa láctea anhidra, avellanas (1%), almendras (1%), leche desnatada en polvo, azúcar líquido invertido,jarabe de glucosa, barquillo (0,4%) (harinas de trigo y de arroz, azúcar, gasificante (carbonatos de sodio), sal, aroma natural de vainilla), emulgente (lecitina de soja), cacao magro, estabilizante (sorbitoles), merengue lácteo (0,3%) (azúcar, almidón de trigo, proteínas de leche, vainillina), extracto de malta de cebada, aromas, aromas naturales , conservador (ácido sórbico).Fracción de chocolate con leche contiene Cacao: 30%.Fracción de chocolate negro contiene Cacao: 44%.Fracción de chocolate blanco contiene Cacao: 30%.Puede contener huevo y otros frutos de cáscara."],"conservation":" Conservar en lugar fresco y seco","ean":"3046920002714"},{"full_name":"LINDT DULCES DESEOS bombones surtidos estuche 600 g","name":"bombones surtidos estuche 600 g","brand":"LINDT DULCES DESEOS ","img":"https://sgfm.elcorteingles.es/SGFM/dctm/MEDIA02/CONTENIDOS/201510/19/00120602601112____1__600x600.jpg","price":"20,39 €","price_unit":"(33,98 € / Kilo)","categories":["Supermercado","Desayunos Dulces y pan","Desayunos, dulces y pan","Chocolates y bombones","Bombones","LINDT DULCES DESEOS bombones surtidos estuche 600 g"],"general_information":[],"ingredients":[],"ean":"3046920080125"},{"full_name":"LINDT DULCES DESEOS bombones surtidos estuche 345 g","name":"bombones surtidos estuche 345 g","brand":"LINDT DULCES DESEOS ","img":"https://sgfm.elcorteingles.es/SGFM/dctm/MEDIA02/CONTENIDOS/201510/19/00120602601104____1__600x600.jpg","price":"8,57 €","price_unit":"(24,84 € / Kilo)","categories":["Supermercado","Desayunos Dulces y pan","Desayunos, dulces y pan","Chocolates y bombones","Bombones","LINDT DULCES DESEOS bombones surtidos estuche 345 g"],"general_information":["Denominación del alimento: Chocolate","País de origen: Francia","Nombre del operador: Lindt & Sprüngli","Dirección del operador: C/ Marina 16-18 Torre Mapfre, P39. 08005 (Barcelona)","Cantidad Neta: 345 g","Número de raciones por envase: 34"],"ingredients":[" Azúcar, manteca de cacao, pasta de cacao, lactosa, praliné de avellanas (avellanas, azúcar) 7%, leche en polvo, grasa de palma, praliné de almendras (almendras, azúcar) 4%, grasa láctea anhidra, avellanas 2%, almendras, azúcar invertido, jarabe de glucosa, leche desnatada en polvo, cacao magro, emulgente (lecitina de soja), estabilizador (sorbitol), barquillo (harinas de trigo y de arroz, azúcar, gasificante (bicarbonato de sodio), aceite de palma) 0.2%, extracto de malta de cebada, naranja, manzana, aroma natural, aromas, fibras de piña, conservante (ácido sórbico), espesantes (alginato de sodio, ortofosfato de calcio), acidificante (ácido cítrico). Puede contener huevo y otros frutos de cáscaras. Fracción de chocolate negro contiene: cacao 44% mínimo. Fracción de chocolate con leche contiene: cacao 30% mínimo. Fracción de chocolate blanco contiene: cacao 30% mínimo."],"conservation":" Conservar en lugar fresco y seco","ean":"3046920082402"},{"full_name":"LINDT DULCES DESEOS bombones surtidos estuche 150 g","name":"bombones surtidos estuche 150 g","brand":"LINDT DULCES DESEOS ","img":"https://sgfm.elcorteingles.es/SGFM/dctm/MEDIA02/CONTENIDOS/201510/19/00120602601096____1__600x600.jpg","price":"5,71 €            ","price_unit":"(33,27 € / Kilo)","categories":["Supermercado","Desayunos Dulces y pan","Desayunos, dulces y pan","Chocolates y bombones","Bombones","LINDT DULCES DESEOS bombones surtidos estuche 150 g"],"general_information":["Denominación del alimento: Chocolate","País de origen: Francia","Nombre del operador: Lindt & Sprüngli","Dirección del operador: C/ Marina 16-18 Torre Mapfre, P39. 08005 (Barcelona)","Cantidad Neta: 150 g"],"ingredients":[" Azúcar, pasta de cacao, manteca de cacao, lactosa, praliné de avellanas 7% (avellanas, azúcar),  leche en polvo, grasa de palma, praliné de almendras 4% (almendras, azúcar), grasa láctea anhidra, avellanas  2%, almendras, azúcar invertido, jarabe de glucosa, leche desnatada en polvo, cacao magro, emulgente (lecitina de soja), estabilizador (sorbitol), barquillo 0,2% (harinas de trigo y de arroz, azúcar, gasificante, (bicarbonato de sodio), aceite de palma), extracto de malta de cebada, naranja, manzana, aroma natural, aromas, fibras de piña, conservante (ácido sórbico), espesantes (alginato de sodio, ortofosfato de calcio, acidificante (ácido cítrico). Puede contener huevo y otros frutos de cáscaras. Fracción de chocolate negro contiene cacao: 44 % mínimo. Fracción de chocolate con leche contiene cacao: 30 % mínimo. Fracción de chocolate blanco contiene cacao: 30 % mínimo."],"conservation":" Conservar en lugar fresco y seco","ean":"3046920080118"},{"full_name":"LINDT La Fete Batons palitos de chocolate forrados de Marc de Champagne estuche 125 g","name":"La Fete Batons palitos de chocolate forrados de Marc de Champagne estuche 125 g","brand":"LINDT ","img":"https://sgfm.elcorteingles.es/SGFM/dctm/MEDIA03/201710/26/00120602601633____1__600x600.jpg","price":"7,99 €","price_unit":"(63,92 € / Kilo)","categories":["Supermercado","Desayunos Dulces y pan","Desayunos, dulces y pan","Chocolates y bombones","Bombones","LINDT La Fete Batons palitos de chocolate forrados de Marc de Champagne estuche 125 g"],"general_information":["Denominación del alimento: Chocolate","País de origen: Francia","Nombre del operador: Lindt & Sprüngli","Dirección del operador: C/ Marina 16-18 Torre Mapfre, P39. 08005 (Barcelona)","Cantidad Neta: 125 g"],"ingredients":[" Chocolate negro con relleno de Marc de Champagne.Ingredientes: azúcar, pasta de cacao, Marc de Champagne (12%), manteca de cacao magro en polvo, grasa láctea anhidra, leche desnatada en polvo, gelificante (goma arábiga), emulgente (lecitina de soja), aromas.Puede contener trigo, avellanas, almendras y otros frutos de cáscara.Fracción de chocolate negro contiene cacao: 49 % mín."],"conservation":" Conservar en lugar fresco y seco","ean":"7610400085007"},{"full_name":"LINDT HELLO surtido de bombones pralinés lata 45 g","name":"surtido de bombones pralinés lata 45 g","brand":"LINDT HELLO ","img":"https://sgfm.elcorteingles.es/SGFM/00/83/8/0120602400838/0120602400838000g01011.jpg","price":"5,24 €","price_unit":"(116,44 € / Kilo)","categories":["Supermercado","Desayunos Dulces y pan","Desayunos, dulces y pan","Chocolates y bombones","Bombones","LINDT HELLO surtido de bombones pralinés lata 45 g"],"general_information":["Denominación del alimento: Chocolate","País de origen: Alemania","Nombre del operador: Lindt & Sprüngli","Dirección del operador: C/ Marina 16-18 Torre Mapfre, P39. 08005 (Barcelona)","Cantidad Neta: 45 g"],"ingredients":[" Azúcar, manteca de cacao, leche en polvo, pasta de cacao, lactosa, leche desnatada en polvo, grasa láctea anhidra, emulgente (lecitina de soja), extracto de malta de cebada, aroma. Puede contener avellanas, almendras. Cacao: 32% mínimo."],"conservation":" Conservar en lugar fresco y seco","ean":"4000539221002"},{"full_name":"LINDT Leche pralinés de chocolate con leche 0% azúcares añadidos y sin gluten bolsa 168,8 g","name":"Leche pralinés de chocolate con leche 0% azúcares añadidos y sin gluten bolsa 168,8 g","brand":"LINDT ","img":"https://sgfm.elcorteingles.es/SGFM/dctm/MEDIA03/201710/02/00120602601617____1__600x600.jpg","price":"7,99 €","price_unit":"(47,33 € / Kilo)","categories":["Supermercado","Desayunos Dulces y pan","Desayunos, dulces y pan","Chocolates y bombones","Bombones","LINDT Leche pralinés de chocolate con leche 0% azúcares añadidos y sin gluten bolsa 168,8 g"],"general_information":["Denominación del alimento: Chocolate","País de origen: España","Nombre del operador: Lindt & Sprüngli","Dirección del operador: C/ Marina 16-18 Torre Mapfre, P39. 08005 (Barcelona)","Cantidad Neta: 221 g"],"ingredients":[" Chocolate con leche sin azúcares añadidos, con edulcorante.Ingredientes: edulcorante (maltitol), manteca de cacao, leche en polvo, pasta de cacao, grasa láctea anhidra, emulgente (lecitinas), aromas.Puede contener avellanas, almendras.Fracción de chocolate con leche contiene: Cacao: 35% mínimo.Contiene azúcares naturalmente presentes.Un consumo excesivo puede producir efectos laxantes.SIN GLUTEN"],"conservation":" Conservar en lugar fresco y seco","ean":"8410117619460"},{"full_name":"LINDT Negro pralinés de chocolate negro 0% azúcares añadidos y sin gluten bolsa 168,8 g","name":"Negro pralinés de chocolate negro 0% azúcares añadidos y sin gluten bolsa 168,8 g","brand":"LINDT ","img":"https://sgfm.elcorteingles.es/SGFM/dctm/MEDIA03/201710/02/00200202601597____1__600x600.jpg","price":"7,99 €","price_unit":"(47,33 € / Kilo)","categories":["Supermercado","Desayunos Dulces y pan","Desayunos, dulces y pan","Chocolates y bombones","Bombones","LINDT Negro pralinés de chocolate negro 0% azúcares añadidos y sin gluten bolsa 168,8 g"],"general_information":["Denominación del alimento: Chocolate","País de origen: España","Nombre del operador: Lindt & Sprüngli","Dirección del operador: C/ Marina 16-18 Torre Mapfre, P39. 08005 (Barcelona)","Cantidad Neta: 221 g"],"ingredients":[" Chocolate negro sin azúcares añadidos, con edulcorante Ingredientes: edulcorante (maltitol), manteca de cacao, leche en polvo,pasta de cacao, emulgente (lecitinas), aromas.Fracción de chocolate con leche contiene: Cacao: 55% mínimo.Contiene azúcares naturalmente presentes Puede contener avellanas, almendras. Un consumo excesivo puede producir efectos laxantes.SIN GLUTEN."],"conservation":" Conservar en lugar fresco y seco","ean":"8410117619477"},{"full_name":"FERRERO PRESTIGE bombones surtidos estuche 319 g","name":"bombones surtidos estuche 319 g","brand":"FERRERO PRESTIGE ","img":"https://sgfm.elcorteingles.es/SGFM/dctm/MEDIA02/CONTENIDOS/201410/29/00200202300703____1__600x600.jpg","price":"11,35 €            ","price_unit":"(34,45 € / Kilo)","categories":["Supermercado","Desayunos Dulces y pan","Desayunos, dulces y pan","Chocolates y bombones","Bombones","FERRERO PRESTIGE bombones surtidos estuche 319 g"],"general_information":["Denominación del alimento: Surtido de Especialidades (Rocher, Pocket Coffe, Mon Cheri, Küsschen)","Nombre del operador: Ferrero Ibérica, S.A.","Dirección del operador: WTC Almeda Park, Edificio 2 - 08940 Cornellà de Llobregat (Barcelona)","Cantidad Neta: 319 g"],"ingredients":[" Rocher: Chocolate con leche 30% (azúcar, manteca de cacao, pasta de cacao, leche desnatada en polvo, mantequilla concentrada, emulgentes: lecitinas (soja), vainillina), avellanas (28,5%), azúcar, manteca de palma, harina de trigo, suero lácteo en polvo, cacao desgrasado, emulgentes: lecitinas (soja), gasificantes (carbonato ácido de sodio), sal, vainillina. Pocket Coffee: Café líquido azucarado 54% (azúcar, café líquido 34%), chocolate negro 23% (pasta de cacao, azúcar, manteca de cacao, extracto de café, emulgentes: lecitinas (soja); vainillina); chocolate con leche extrafino 14,5% (azúcar, pasta de cacao, leche entera en polvo, manteca de cacao, extracto de café, emulgentes: lecitinas (soja); vainillina); manteca de cacao, pasta de cacao, lactosa, azúcar, extracto de café, emulgentes: lecitinas (soja), vainillina. Mon Cheri: Chocolate negro 49% (azúcar, pasta de cacao, manteca de cacao, emulgentes: lecitinas (soja); vainillina), azúcar, cereza (18%), licor 13% (jarabe de glucosa, agua, alcohol, azúcar, aromas), manteca de cacao. Puede contener leche. Khüsschen: Chocolate con leche 31% (azúcar, pasta de cacao, manteca de cacao, leche entera en polvo, mantequilla concentrada, emulgentes: lecitinas (soja), vainillina), avellanas (26,5%), chocolate negro 15% (azúcar, pasta de cacao, manteca de cacao, emulgentes: lecitinas (soja), vainillina), manteca de palma, azúcar, suero lácteo en polvo, cacao desgrasado, vainillina. Puede contener gluten y almendras."],"conservation":" Conservar en lugar fresco y seco","ean":"8000500119822"},{"full_name":"FERRERO PRESTIGE bombones surtidos estuche 246 g","name":"bombones surtidos estuche 246 g","brand":"FERRERO PRESTIGE ","img":"https://sgfm.elcorteingles.es/SGFM/dctm/MEDIA03/201703/28/00120602300848____1__600x600.jpg","price":"9,19 €            ","price_unit":"(36,54 € / Kilo)","categories":["Supermercado","Desayunos Dulces y pan","Desayunos, dulces y pan","Chocolates y bombones","Bombones","FERRERO PRESTIGE bombones surtidos estuche 246 g"],"general_information":["Denominación del alimento: Surtido de Especialidades (Rocher, Pocket Coffe, Mon Cheri)","Nombre del operador: Ferrero Ibérica, S.A.","Dirección del operador: WTC Almeda Park, Edificio 2 - 08940 Cornellà de Llobregat (Barcelona)","Cantidad Neta: 246 g"],"ingredients":[" Rocher: Chocolate con leche 30% (azúcar, manteca de cacao, pasta de cacao, leche desnatada en polvo, mantequilla concentrada, emulgentes: lecitinas (soja), vainillina), avellanas (28,5%), azúcar, manteca de palma, harina de trigo, suero lácteo en polvo, cacao desgrasado, emulgentes: lecitinas (soja), gasificantes (carbonato ácido de sodio), sal, vainillina. Pocket Coffee: Café líquido azucarado 54% (azúcar, café líquido 34%), chocolate negro 23% (pasta de cacao, azúcar, manteca de cacao, extracto de café, emulgentes: lecitinas (soja); vainillina); chocolate con leche extrafino 14,5% (azúcar, pasta de cacao, leche entera en polvo, manteca de cacao, extracto de café, emulgentes: lecitinas (soja); vainillina); manteca de cacao, pasta de cacao, lactosa, azúcar, extracto de café, emulgentes: lecitinas (soja), vainillina. Mon Cheri: Chocolate negro 49% (azúcar, pasta de cacao, manteca de cacao, emulgentes: lecitinas (soja); vainillina), azúcar, cereza (18%), licor 13% (jarabe de glucosa, agua, alcohol, azúcar, aromas), manteca de cacao. Puede contener leche."],"conservation":" Conservar en lugar fresco y seco","ean":"8000500005187"},{"full_name":"FERRERO COLLECTION bombones 15 unidades estuche 172 g","name":"bombones 15 unidades estuche 172 g","brand":"FERRERO COLLECTION ","img":"https://sgfm.elcorteingles.es/SGFM/00/91/1/0120602400911/0120602400911000g01011.jpg","price":"6,95 €","price_unit":"(40,41 € / Kilo)","categories":["Supermercado","Desayunos Dulces y pan","Desayunos, dulces y pan","Chocolates y bombones","Bombones","FERRERO COLLECTION bombones 15 unidades estuche 172 g"],"general_information":["Denominación del alimento: Surtido de Especialidades (Rocher, Rondnoir, Raffaello)","Nombre del operador: Ferrero Ibérica, S.A.","Dirección del operador: WTC Almeda Park, Edificio 2 - 08940 Cornellà de Llobregat (Barcelona)","Cantidad Neta: 172 g"],"ingredients":[" Rocher: Chocolate con leche 30% (azúcar, manteca de cacao, pasta de cacao, leche desnatada en polvo, mantequilla concentrada, emulgentes: lecitinas (soja), vainillina), avellanas (28,5%), azúcar, manteca de palma, harina de trigo, suero lácteo en polvo, cacao desgrasado, emulgentes: lecitinas (soja), gasificantes (carbonato ácido de sodio), sal, vainillina. Rondnoir: Chocolate negro 40,5% (azúcar, pasta de cacao, manteca de cacao, emulgentes: lecitinas (soja); vainillina), azúcar, manteca de palma, harina de trigo, cacao desgrasado (5,5%), suero lácteo en polvo, leche desnatada en polvo, chocolate con leche extrafino 1,5% (azúcar, manteca de cacao, leche en polvo, pasta de cacao, emulgentes: lecitinas (soja); vainillina), almidón de trigo, aceite de girasol, manteca de cacao, emulgentes: lecitinas (soja), agentes de recubrimiento (goma arábiga), proteínas de la leche, pasta de cacao, gasificantes (carbonato ácido de sodio, carbonato ácido de amonio), sal, vainillina. Puede contener almendras y avellanas. Raffaello: Coco seco 25,5%, grasas vegetales (palma, shea), azúcar, almendra (8%), leche desnatada en polvo, suero lácteo en polvo, harina de trigo, almidón, emulgentes: lecitinas (soja),  aromas, gasificantes (carbonato ácido de sodio), sal."],"conservation":" Conservar en lugar fresco y seco","ean":"8000500247150"},{"full_name":"FERRERO RAFFAELLO bombones estuche 40 g","name":"bombones estuche 40 g","brand":"FERRERO RAFFAELLO ","img":"https://sgfm.elcorteingles.es/SGFM/dctm/MEDIA03/201609/07/00120602400895____1__600x600.jpg","price":"1,42 €","price_unit":"(35,50 € / Kilo)","categories":["Supermercado","Desayunos Dulces y pan","Desayunos, dulces y pan","Chocolates y bombones","Bombones","FERRERO RAFFAELLO bombones estuche 40 g"],"general_information":["Denominación del alimento: Crujientes especialidades de coco con almendra entera","Nombre del operador: Ferrero Ibérica, S.A.","Dirección del operador: WTC Almeda Park, Edificio 2 - 08940 Cornellà de Llobregat (Barcelona)","Cantidad Neta: 40 g"],"ingredients":[" Coco seco 25,5%, grasas vegetales (palma, shea), azúcar, almendra (8%), leche desnatada en polvo, suero lácteo en polvo, harina de trigo, almidón, emulgentes: lecitinas (soja),  aromas, gasificantes (carbonato ácido de sodio), sal."],"conservation":" Conservar en lugar fresco y seco","ean":"5413548040639"},{"full_name":"FERRERO ROCHER bombones 42 unidades estuche 525 g","name":"bombones 42 unidades estuche 525 g","brand":"FERRERO ROCHER ","img":"https://sgfm.elcorteingles.es/SGFM/dctm/MEDIA02/CONTENIDOS/201510/23/00120602600031____1__600x600.jpg","price":"16,99 €","price_unit":"(32,36 € / Kilo)","categories":["Supermercado","Desayunos Dulces y pan","Desayunos, dulces y pan","Chocolates y bombones","Bombones","FERRERO ROCHER bombones 42 unidades estuche 525 g"],"general_information":["Denominación del alimento: Crujientes especialidades de chocolate con leche y avellanas, con relleno cremoso y avellana entera","Nombre del operador: Ferrero Ibérica, S.A.","Dirección del operador: WTC Almeda Park, Edificio 2 - 08940 Cornellà de Llobregat (Barcelona)","Cantidad Neta: 525 g"],"ingredients":[" Chocolate con leche 30% (azúcar, manteca de cacao, pasta de cacao, leche desnatada en polvo, mantequilla concentrada, emulgentes: lecitinas (soja), vainillina), avellanas (28,5%), azúcar, manteca de palma, harina de trigo, suero lácteo en polvo, cacao desgrasado, emulgentes: lecitinas (soja), gasificantes (carbonato ácido de sodio), sal, vainillina."],"conservation":" Conservar en lugar fresco y seco","ean":"8000500011461"},{"full_name":"FERRERO ROCHER bombones 30 unidades estuche 375 g","name":"bombones 30 unidades estuche 375 g","brand":"FERRERO ROCHER ","img":"https://sgfm.elcorteingles.es/SGFM/dctm/MEDIA03/201611/14/00120602600213____2__600x600.jpg","price":"7,35 €","price_unit":"(19,60 € / Kilo)","categories":["Supermercado","Desayunos Dulces y pan","Desayunos, dulces y pan","Chocolates y bombones","Bombones","FERRERO ROCHER bombones 30 unidades estuche 375 g"],"general_information":["Denominación del alimento: Crujientes especialidades de chocolate con leche y avellanas, con relleno cremoso y avellana entera","Nombre del operador: Ferrero Ibérica, S.A.","Dirección del operador: WTC Almeda Park, Edificio 2 - 08940 Cornellà de Llobregat (Barcelona)","Cantidad Neta: 375 g"],"ingredients":[" Chocolate con leche 30% (azúcar, manteca de cacao, pasta de cacao, leche desnatada en polvo, mantequilla concentrada, emulgentes: lecitinas (soja), vainillina), avellanas (28,5%), azúcar, manteca de palma, harina de trigo, suero lácteo en polvo, cacao desgrasado, emulgentes: lecitinas (soja), gasificantes (carbonato ácido de sodio), sal, vainillina."],"conservation":" Conservar en lugar fresco y seco","ean":"8000500167113"},{"full_name":"FERRERO ROCHER bombones 24 unidades estuche 300 g","name":"bombones 24 unidades estuche 300 g","brand":"FERRERO ROCHER ","img":"https://sgfm.elcorteingles.es/SGFM/00/22/1/0120602600221/0120602600221000g01011.jpg","price":"8,10 €            ","price_unit":"(26,50 € / Kilo)","categories":["Supermercado","Desayunos Dulces y pan","Desayunos, dulces y pan","Chocolates y bombones","Bombones","FERRERO ROCHER bombones 24 unidades estuche 300 g"],"general_information":["Denominación del alimento: Crujientes especialidades de chocolate con leche y avellanas, con relleno cremoso y avellana entera","Nombre del operador: Ferrero Ibérica, S.A.","Dirección del operador: WTC Almeda Park, Edificio 2 - 08940 Cornellà de Llobregat (Barcelona)","Cantidad Neta: 300 g"],"ingredients":[" Chocolate con leche 30% (azúcar, manteca de cacao, pasta de cacao, leche desnatada en polvo, mantequilla concentrada, emulgentes: lecitinas (soja), vainillina), avellanas (28,5%), azúcar, manteca de palma, harina de trigo, suero lácteo en polvo, cacao desgrasado, emulgentes: lecitinas (soja), gasificantes (carbonato ácido de sodio), sal, vainillina."],"conservation":" Conservar en lugar fresco y seco","ean":"8000500009673"},{"full_name":"FERRERO ROCHER bombones 17 unidades estuche 212 g formato cono","name":"bombones 17 unidades estuche 212 g","brand":"FERRERO ROCHER ","img":"https://sgfm.elcorteingles.es/SGFM/dctm/MEDIA03/201710/19/00120602600189____1__600x600.jpg","price":"8,39 €","price_unit":"(39,58 € / Kilo)","categories":["Supermercado","Desayunos Dulces y pan","Desayunos, dulces y pan","Chocolates y bombones","Bombones","FERRERO ROCHER bombones 17 unidades estuche 212 g formato cono"],"general_information":["Denominación del alimento: Crujientes especialidades de chocolate con leche y avellanas, con relleno cremoso y avellana entera","Nombre del operador: Ferrero Ibérica, S.A.","Dirección del operador: WTC Almeda Park, Edificio 2 - 08940 Cornellà de Llobregat (Barcelona)","Cantidad Neta: 212.5 g"],"ingredients":[" Chocolate con leche 30% (azúcar, manteca de cacao, pasta de cacao, leche desnatada en polvo, mantequilla concentrada, emulgentes: lecitinas (soja), vainillina), avellanas (28,5%), azúcar, manteca de palma, harina de trigo, suero lácteo en polvo, cacao desgrasado, emulgentes: lecitinas (soja), gasificantes (carbonato ácido de sodio), sal, vainillina."],"conservation":" Conservar en lugar fresco y seco","ean":"8000500094976"},{"full_name":"FERRERO ROCHER bombones 16 unidades estuche 200 g","name":"bombones 16 unidades estuche 200 g","brand":"FERRERO ROCHER ","img":"https://sgfm.elcorteingles.es/SGFM/dctm/MEDIA02/CONTENIDOS/201411/19/00120602500447____1__600x600.jpg","price":"4,11 €","price_unit":"(20,55 € / Kilo)","categories":["Supermercado","Desayunos Dulces y pan","Desayunos, dulces y pan","Chocolates y bombones","Bombones","FERRERO ROCHER bombones 16 unidades estuche 200 g"],"general_information":["Denominación del alimento: Crujientes especialidades de chocolate con leche y avellanas, con relleno cremoso y avellana entera","Nombre del operador: Ferrero Ibérica, S.A.","Dirección del operador: WTC Almeda Park, Edificio 2 - 08940 Cornellà de Llobregat (Barcelona)","Cantidad Neta: 200 g"],"ingredients":[" Chocolate con leche 30% (azúcar, manteca de cacao, pasta de cacao, leche desnatada en polvo, mantequilla concentrada, emulgentes: lecitinas (soja), vainillina), avellanas (28,5%), azúcar, manteca de palma, harina de trigo, suero lácteo en polvo, cacao desgrasado, emulgentes: lecitinas (soja), gasificantes (carbonato ácido de sodio), sal, vainillina."],"conservation":" Conservar en lugar fresco y seco","ean":"8000500003787"},{"full_name":"FERRERO ROCHER bombones 6 unidades estuche 75 g","name":"bombones 6 unidades estuche 75 g","brand":"FERRERO ROCHER ","img":"https://sgfm.elcorteingles.es/SGFM/dctm/MEDIA03/201710/19/00120602600734____1__600x600.jpg","price":"2,99 €            ","price_unit":"(33,87 € / Kilo)","categories":["Supermercado","Desayunos Dulces y pan","Desayunos, dulces y pan","Chocolates y bombones","Bombones","FERRERO ROCHER bombones 6 unidades estuche 75 g"],"general_information":["Denominación del alimento: Crujientes especialidades de chocolate con leche y avellanas, con relleno cremoso y avellana entera","Nombre del operador: Ferrero Ibérica, S.A.","Dirección del operador: WTC Almeda Park, Edificio 2 - 08940 Cornellà de Llobregat (Barcelona)","Cantidad Neta: 75 g"],"ingredients":[" Chocolate con leche 30% (azúcar, manteca de cacao, pasta de cacao, leche desnatada en polvo, mantequilla concentrada, emulgentes: lecitinas (soja), vainillina), avellanas (28,5%), azúcar, manteca de palma, harina de trigo, suero lácteo en polvo, cacao desgrasado, emulgentes: lecitinas (soja), gasificantes (carbonato ácido de sodio), sal, vainillina."],"conservation":" Conservar en lugar fresco y seco","ean":"8000500160466"},{"full_name":"FERRERO ROCHER bombones 4 unidades estuche 50 g","name":"bombones 4 unidades estuche 50 g","brand":"FERRERO ROCHER ","img":"https://sgfm.elcorteingles.es/SGFM/dctm/MEDIA02/CONTENIDOS/201508/27/00120602501551____1__600x600.jpg","price":"1,65 €","price_unit":"(33 € / Kilo)","categories":["Supermercado","Desayunos Dulces y pan","Desayunos, dulces y pan","Chocolates y bombones","Bombones","FERRERO ROCHER bombones 4 unidades estuche 50 g"],"general_information":["Denominación del alimento: Crujientes especialidades de chocolate con leche y avellanas, con relleno cremoso y avellana entera","Nombre del operador: Ferrero Ibérica, S.A.","Dirección del operador: WTC Almeda Park, Edificio 2 - 08940 Cornellà de Llobregat (Barcelona)","Cantidad Neta: 50 g"],"ingredients":[" Chocolate con leche 30% (azúcar, manteca de cacao, pasta de cacao, leche desnatada en polvo, mantequilla concentrada, emulgentes: lecitinas (soja), vainillina), avellanas (28,5%), azúcar, manteca de palma, harina de trigo, suero lácteo en polvo, cacao desgrasado, emulgentes: lecitinas (soja), gasificantes (carbonato ácido de sodio), sal, vainillina."],"conservation":" Conservar en lugar fresco y seco","ean":"0000080177043"},{"full_name":"FERRERO GOLDEN GALLERY bombones surtidos caja 316 g","name":"bombones surtidos caja 316 g","brand":"FERRERO GOLDEN GALLERY ","img":"https://sgfm.elcorteingles.es/SGFM/dctm/MEDIA03/201609/20/00120602600890____2__600x600.jpg","price":"11,65 €            ","price_unit":"(34,78 € / Kilo)","categories":["Supermercado","Desayunos Dulces y pan","Desayunos, dulces y pan","Chocolates y bombones","Bombones","FERRERO GOLDEN GALLERY bombones surtidos caja 316 g"],"general_information":["Denominación del alimento: Surtido de Especialidades (Rocher, Manderly Avellana, Tenderly White, Rondnoir, Tenderly Torroncino, Cappuccino)","Nombre del operador: Ferrero Ibérica, S.A.","Dirección del operador: WTC Almeda Park, Edificio 2 - 08940 Cornellà de Llobregat (Barcelona)","Cantidad Neta: 315.5 g"],"ingredients":[" Rocher: Chocolate con leche 30% (azúcar, manteca de cacao, pasta de cacao, leche desnatada en polvo, mantequilla concentrada, emulgentes: lecitinas (soja), vainillina), avellanas (28,5%), azúcar, manteca de palma, harina de trigo, suero lácteo en polvo, cacao desgrasado, emulgentes: lecitinas (soja), gasificantes (carbonato ácido de sodio), sal, vainillina. Manderly Avellana: Azúcar, avellanas (22%), grasas vegetales (palma, shea), suero de leche en polvo, leche desnatada en polvo, harina de trigo, almendras (5%), chocolate con leche extrafino (azúcar, manteca de cacao, leche entera en polvo, pasta de cacao, emulgentes: lecitinas (soja); vainillina), almidón de trigo, aceite de girasol, emulgentes: lecitinas (soja), azúcar caramelizado, proteínas de la leche, gasificantes (carbonato ácido de sodio, carbonato ácido de amonio), sal, vainillina. Tenderly White: Chocolate blanco 52% (manteca de cacao, azúcar, leche desnatada en polvo, mantequilla concentrada, emulgentes: lecitinas (soja); vainillina), azúcar, manteca de palma, suero lácteo en polvo, almendras (3%), harina de trigo, fécula de patata, aceite de girasol, proteínas de la leche, sirope de glucosa, emulsionantes: lecitinas (soja), aromas, gasificante (carbonato ácido de amonio). Puede contener avellanas.  Rondnoir: Chocolate negro 40,5% (azúcar, pasta de cacao, manteca de cacao, emulgentes: lecitinas (soja); vainillina), azúcar, manteca de palma, harina de trigo, cacao desgrasado (5,5%), suero lácteo en polvo, leche desnatada en polvo, chocolate con leche extrafino 1,5% (azúcar, manteca de cacao, leche en polvo, pasta de cacao, emulgentes: lecitinas (soja); vainillina), almidón de trigo, aceite de girasol, manteca de cacao, emulgentes: lecitinas (soja), agentes de recubrimiento (goma arábiga), proteínas de la leche, pasta de cacao, gasificantes (carbonato ácido de sodio, carbonato ácido de amonio), sal, vainilla. Puede contener almendras y avellanas. Tenderly Torroncino: Chocolate con leche extrafino 49,5% (azúcar, manteca de cacao, leche entera en polvo, leche desnatada en polvo, pasta de cacao, mantequilla concentrada, emulgentes: lecitinas (soja); vainillina), avellanas (20,5%), manteca de palma, azúcar de caña, suero lácteo en polvo, almendras (2,5%), leche entera en polvo, cacao desgrasado, aceite esencial de limón, emulgentes: lecitinas (soja), aromas. Puede contener gluten. Cappuccino: Grasas vegetales (palma, shea), azúcar, suero lácteo en polvo, leche desnatada en polvo (12,5%), harina de trigo, dextrosa, chocolate negro 2% (azúcar, pasta de cacao, manteca de cacao, emulgentes: lecitinas (soja); vainillina),  extracto de café soluble (2%), almidón detrigo, aceite de girasol, emulgentes: lecitinas (soja); proteína de la leche, gasificantes (carbonato ácido de amonio, carbonato ácido de sodio), vainillina, sal."],"conservation":" Conservar en lugar fresco y seco","ean":"8000500262450"},{"full_name":"FERRERO GOLDEN GALLERY bombones surtidos caja 207 g","name":"bombones surtidos caja 207 g","brand":"FERRERO GOLDEN GALLERY ","img":"https://sgfm.elcorteingles.es/SGFM/dctm/MEDIA03/201609/20/00120602600882____2__600x600.jpg","price":"7,99 €","price_unit":"(38,60 € / Kilo)","categories":["Supermercado","Desayunos Dulces y pan","Desayunos, dulces y pan","Chocolates y bombones","Bombones","FERRERO GOLDEN GALLERY bombones surtidos caja 207 g"],"general_information":[],"ingredients":[],"ean":"8000500262443"},{"full_name":"FERRERO GOLDEN GALLERY World Chocolate Club bombones surtidos estuche 285 g","name":"World Chocolate Club bombones surtidos estuche 285 g","brand":"FERRERO GOLDEN GALLERY ","img":"https://sgfm.elcorteingles.es/SGFM/dctm/MEDIA03/201711/20/00120602601849____1__600x600.jpg","price":"9,49 €","price_unit":"(33,30 € / Kilo)","categories":["Supermercado","Desayunos Dulces y pan","Desayunos, dulces y pan","Chocolates y bombones","Bombones","FERRERO GOLDEN GALLERY World Chocolate Club bombones surtidos estuche 285 g"],"general_information":["Denominación del alimento: Surtido de Especialidades","Nombre del operador: Ferrero Ibérica, S.A.","Dirección del operador: WTC Almeda Park, Edificio 2 - 08940 Cornellà de Llobregat (Barcelona)","Cantidad Neta: 285 g"],"ingredients":[" White Northen Light: Azúcar, chocolate blanco 26% (manteca de cacao, azúcar, leche desnatada en polvo, mantequilla concentrada, emulgentes: lecitinas (soja), vainillina), chocolate negro 16,5% (azúcar, pasta de cacao, manteca de cacao, emulgentes: lecitinas (soja), vainillina), mantequilla con sal, grasas vegetales (palmiste, palma, shea), sirope de glucosa, cacao desgrasado (3,5%), humectante: sirope de sorbitol, leche en polvo, aromas, emulgentes: lecitinas (soja), estabilizante: invertasa. Puede contener gluten, huevo y frutos secos. Coffee Forest Adventure: Chocolate negro 64% (azúcar, pasta de cacao, manteca de cacao, emulgentes: lecitinas (soja), vainillina) azúcar, manteca de coco, manteca de cacao (8,5%), leche desnatada en polvo, leche en polvo, mantequilla concentrada, pasta de cacao (0,5%), café soluble 0,5%, café molido, emulgentes: lecitinas (soja), vainillina. Puede contener gluten, huevo y frutos secos. Liberty Golden Caramel: Chocolate negro 60,5% (azúcar, pasta de cacao, manteca de cacao, emulgentes: lecitinas (soja), vainillina), caramelo 22%, mantequilla con sal, leche fresca pasteurizada, leche condensada, concentrado de zumo de naranja (2%), chocolate blanco 1,5% (azúcar, manteca de cacao, leche en polvo, leche desnatada en polvo, mantequilla concentrada, emulgentes: lecitinas (soja), aroma), emulgentes: lecitinas (soja), grasa de palmiste, aromas, acidificante: ácido cítrico. Puede contener gluten, huevo y frutos secos. Ocean Breeze Salted Caramel: Chocolate con leche 71% (azúcar, leche en polvo, manteca de cacao, pasta de cacao, emulgentes: lecitinas (soja), vainillina), caramelo 10%, avellanas, mantequilla con sal 2,5%, azúcar, leche fresca pasteurizada, leche condensada, avellanas azucaradas, grasa de palmiste, emulgentes: lecitinas (soja), sal, aroma. Puede contener gluten, huevo y frutos secos. Turkish Duke Hazelnut: Azúcar, avellanas (22%), chocolate con leche 20% (azúcar, leche en polvo, manteca de cacao, pasta de cacao, emulgentes: lecitinas (soja), vainillina), grasa de palmiste, lactosa, cacao desgrasado (3,5%), leche desnatada en polvo, emulgentes: lecitinas (soja), aroma. Puede contener gluten, huevo y frutos secos. Arilpa Dark Chocolate: Chocolate negro 61% (azúcar, pasta de cacao, manteca de cacao, emulgentes: lecitinas (soja), vainillina), chocolate con leche extrafino 20,5% (azúcar, leche en polvo, manteca de cacao, pasta de cacao, mantequilla concentrada, emulgentes: lecitinas (soja), vainillina), mantequilla con sal, humectante: sirope de sorbitol, copos de chocolate 2,5% (azúcar, pasta de cacao, manteca de cacao, leche en polvo, mantequilla concentrada,aroma), azúcar, cacao desgrasado 1,5%, emulgentes: lecitinas (soja), estabilizante: invertasa, regulador de acidez: acetato de sodio. Puede contener gluten, huevo y frutos secos. Milk Dessert Dream: Chocolate con leche 52% (azúcar, manteca de cacao, leche en polvo, leche desnatada en polvo, pasta de cacao, mantequilla concentrada, emulgentes: lecitinas (soja), vainillina), azúcar, mantequilla con sal, grasas vegetales (palmiste, palma, shea), leche condensada (4%), leche en polvo (2,5%), sirope de glucosa, cacao desgrasado, emulgentes: lecitinas (soja), estabilizante: invertasa, aromas, sal. Puede contener gluten, huevo y frutos secos. Coral Beach Apricot: Chocolate con leche 39% (azúcar, leche en polvo, manteca de cacao, pasta de cacao, emulgentes: lecitinas (soja), vainillina), azúcar, grasa de palmiste, albaricoques desidratados 6,5%, sirope de glucosa, azúcar de caña, avellanas (3%), mantequilla con sal, avellanas azucaradas, chocolate blanco 2% (azúcar, manteca de cacao, leche en polvo, leche desnatada en polvo, mantequilla concentrada, emulgentes: lecitinas (soja), aromas), lactosa, cacao desgrasado, humectante: sirope de sorbitol, almendras, leche desnatada en polvo, sirope de glucosa desidratado, emulgentes: lecitinas (soja), aromas, sal, acidificante: ácido crítrico. Puede contener gluten, huevo y frutos secos. Milk Chocolate Nigiri: Chocolate con leche 37,5% (azúcar, leche en polvo, manteca de cacao, pasta de cacao, emulgentes: lecitinas (soja), vainillina), azúcar, avellanas (13,5%), grasa de palmiste, leche desnatada en polvo, chocolate blanco 2% (azúcar, manteca de cacao, leche en polvo, emulgentes: lecitinas (soja), aromas), cacao desgrasado, almendras (1%), emulgentes: lecitinas (soja). Puede contener gluten, huevo y frutos secos. Mediterranean Lemon Mousse: Chocolate blanco 30% (manteca de cacao, azúcar, leche desnatada en polvo, mantequilla concentrada, emulgentes: lecitinas (soja); vainillina), chocolate con leche extrafino 21,5% (azúcar, manteca de cacao, leche en polvo, pasta de cacao, emulgentes: lecitinas (soja) vainillina), azúcar, grasas vegetales (palmiste, palma, shea), mantequilla, nata líquida pasteurizada, leche en polvo, sirope de glucosa, zumo de limón en polvo (1%), aceite esencial de limón, emulgentes: lecitinas (soja), vainillina. Puede contener gluten, huevo y frutos secos."],"conservation":" Conservar en lugar fresco y seco","ean":"8000500280508"},{"full_name":"FERRERO GOLDEN GALLERY World Chocolate Club bombones surtidos estuche 134 g","name":"World Chocolate Club bombones surtidos estuche 134 g","brand":"FERRERO GOLDEN GALLERY ","img":"https://sgfm.elcorteingles.es/SGFM/dctm/MEDIA03/201711/20/00120602601831____1__600x600.jpg","price":"5,49 €","price_unit":"(40,97 € / Kilo)","categories":["Supermercado","Desayunos Dulces y pan","Desayunos, dulces y pan","Chocolates y bombones","Bombones","FERRERO GOLDEN GALLERY World Chocolate Club bombones surtidos estuche 134 g"],"general_information":["Denominación del alimento: Surtido de Especialidades","Nombre del operador: Ferrero Ibérica, S.A.","Dirección del operador: WTC Almeda Park, Edificio 2 - 08940 Cornellà de Llobregat (Barcelona)","Cantidad Neta: 134 g"],"ingredients":[" White Northen Light: Azúcar, chocolate blanco 26% (manteca de cacao, azúcar, leche desnatada en polvo, mantequilla concentrada, emulgentes: lecitinas (soja), vainillina), chocolate negro 16,5% (azúcar, pasta de cacao, manteca de cacao, emulgentes: lecitinas (soja), vainillina), mantequilla con sal, grasas vegetales (palmiste, palma, shea), sirope de glucosa, cacao desgrasado (3,5%), humectante: sirope de sorbitol, leche en polvo, aromas, emulgentes: lecitinas (soja), estabilizante: invertasa. Puede contener gluten, huevo y frutos secos. Coffee Forest Adventure: Chocolate negro 64% (azúcar, pasta de cacao, manteca de cacao, emulgentes: lecitinas (soja), vainillina) azúcar, manteca de coco, manteca de cacao (8,5%), leche desnatada en polvo, leche en polvo, mantequilla concentrada, pasta de cacao (0,5%), café soluble 0,5%, café molido, emulgentes: lecitinas (soja), vainillina. Puede contener gluten, huevo y frutos secos. Liberty Golden Caramel: Chocolate negro 60,5% (azúcar, pasta de cacao, manteca de cacao, emulgentes: lecitinas (soja), vainillina), caramelo 22%, mantequilla con sal, leche fresca pasteurizada, leche condensada, concentrado de zumo de naranja (2%), chocolate blanco 1,5% (azúcar, manteca de cacao, leche en polvo, leche desnatada en polvo, mantequilla concentrada, emulgentes: lecitinas (soja), aroma), emulgentes: lecitinas (soja), grasa de palmiste, aromas, acidificante: ácido cítrico. Puede contener gluten, huevo y frutos secos. Ocean Breeze Salted Caramel: Chocolate con leche 71% (azúcar, leche en polvo, manteca de cacao, pasta de cacao, emulgentes: lecitinas (soja), vainillina), caramelo 10%, avellanas, mantequilla con sal 2,5%, azúcar, leche fresca pasteurizada, leche condensada, avellanas azucaradas, grasa de palmiste, emulgentes: lecitinas (soja), sal, aroma. Puede contener gluten, huevo y frutos secos. Turkish Duke Hazelnut: Azúcar, avellanas (22%), chocolate con leche 20% (azúcar, leche en polvo, manteca de cacao, pasta de cacao, emulgentes: lecitinas (soja), vainillina), grasa de palmiste, lactosa, cacao desgrasado (3,5%), leche desnatada en polvo, emulgentes: lecitinas (soja), aroma. Puede contener gluten, huevo y frutos secos. Arilpa Dark Chocolate: Chocolate negro 61% (azúcar, pasta de cacao, manteca de cacao, emulgentes: lecitinas (soja), vainillina), chocolate con leche extrafino 20,5% (azúcar, leche en polvo, manteca de cacao, pasta de cacao, mantequilla concentrada, emulgentes: lecitinas (soja), vainillina), mantequilla con sal, humectante: sirope de sorbitol, copos de chocolate 2,5% (azúcar, pasta de cacao, manteca de cacao, leche en polvo, mantequilla concentrada,aroma), azúcar, cacao desgrasado 1,5%, emulgentes: lecitinas (soja), estabilizante: invertasa, regulador de acidez: acetato de sodio. Puede contener gluten, huevo y frutos secos. Milk Dessert Dream: Chocolate con leche 52% (azúcar, manteca de cacao, leche en polvo, leche desnatada en polvo, pasta de cacao, mantequilla concentrada, emulgentes: lecitinas (soja), vainillina), azúcar, mantequilla con sal, grasas vegetales (palmiste, palma, shea), leche condensada (4%), leche en polvo (2,5%), sirope de glucosa, cacao desgrasado, emulgentes: lecitinas (soja), estabilizante: invertasa, aromas, sal. Puede contener gluten, huevo y frutos secos. Coral Beach Apricot: Chocolate con leche 39% (azúcar, leche en polvo, manteca de cacao, pasta de cacao, emulgentes: lecitinas (soja), vainillina), azúcar, grasa de palmiste, albaricoques desidratados 6,5%, sirope de glucosa, azúcar de caña, avellanas (3%), mantequilla con sal, avellanas azucaradas, chocolate blanco 2% (azúcar, manteca de cacao, leche en polvo, leche desnatada en polvo, mantequilla concentrada, emulgentes: lecitinas (soja), aromas), lactosa, cacao desgrasado, humectante: sirope de sorbitol, almendras, leche desnatada en polvo, sirope de glucosa desidratado, emulgentes: lecitinas (soja), aromas, sal, acidificante: ácido crítrico. Puede contener gluten, huevo y frutos secos. Milk Chocolate Nigiri: Chocolate con leche 37,5% (azúcar, leche en polvo, manteca de cacao, pasta de cacao, emulgentes: lecitinas (soja), vainillina), azúcar, avellanas (13,5%), grasa de palmiste, leche desnatada en polvo, chocolate blanco 2% (azúcar, manteca de cacao, leche en polvo, emulgentes: lecitinas (soja), aromas), cacao desgrasado, almendras (1%), emulgentes: lecitinas (soja). Puede contener gluten, huevo y frutos secos. Mediterranean Lemon Mousse: Chocolate blanco 30% (manteca de cacao, azúcar, leche desnatada en polvo, mantequilla concentrada, emulgentes: lecitinas (soja); vainillina), chocolate con leche extrafino 21,5% (azúcar, manteca de cacao, leche en polvo, pasta de cacao, emulgentes: lecitinas (soja) vainillina), azúcar, grasas vegetales (palmiste, palma, shea), mantequilla, nata líquida pasteurizada, leche en polvo, sirope de glucosa, zumo de limón en polvo (1%), aceite esencial de limón, emulgentes: lecitinas (soja), vainillina. Puede contener gluten, huevo y frutos secos."],"conservation":" Conservar en lugar fresco y seco","ean":"8000500280478"},{"full_name":"FERRERO ROCHER Grand bombones de chocolate estuche 125 g","name":"Grand bombones de chocolate estuche 125 g","brand":"FERRERO ROCHER ","img":"https://sgfm.elcorteingles.es/SGFM/dctm/MEDIA02/CONTENIDOS/201512/23/00120602501528____2__600x600.jpg","price":"4,99 €","price_unit":"(39,92 € / Kilo)","categories":["Supermercado","Desayunos Dulces y pan","Desayunos, dulces y pan","Chocolates y bombones","Bombones","FERRERO ROCHER Grand bombones de chocolate estuche 125 g"],"general_information":["Denominación del alimento: Chocolate con leche y avellanas con 2 Ferrero Rocher en el interior","Nombre del operador: Ferrero Ibérica, S.A.","Dirección del operador: WTC Almeda Park, Edificio 2 - 08940 Cornellà de Llobregat (Barcelona)","Cantidad Neta: 125 g"],"ingredients":[" Grand Ferrero Rocher: Chocolate con leche (azúcar, manteca de cacao, pasta de cacao, leche desnatada en polvo, mantequilla concentrada, emulgentes: lecitinas (soja), vainillina), avellanas 20%. Cacao: 33,5% mínimo. Ferrero Rocher (2 unidades en interior): Chocolate con leche 30% (azúcar, manteca de cacao, pasta de cacao, leche desnatada en polvo, mantequilla concentrada, emulgentes: lecitinas (soja), vainillina), avellanas 28,5%, azúcar, manteca de palma, harina de trigo, suero lácteo en polvo, cacao desgrasado, emulgentes: lecitinas (soja), gasificantes (carbonato ácido de sodio), sal, vainillina."],"conservation":" Conservar en lugar fresco y seco","ean":"8000500168554"},{"full_name":"FERRERO RAFFAELLO bombones estuche 150 g","name":"bombones estuche 150 g","brand":"FERRERO RAFFAELLO ","img":"https://sgfm.elcorteingles.es/SGFM/dctm/MEDIA03/201611/14/00120602400341____2__600x600.jpg","price":"3,29 €","price_unit":"(21,93 € / Kilo)","categories":["Supermercado","Desayunos Dulces y pan","Desayunos, dulces y pan","Chocolates y bombones","Bombones","FERRERO RAFFAELLO bombones estuche 150 g"],"general_information":["Denominación del alimento: Crujientes especialidades de coco con almendra entera","Nombre del operador: Ferrero Ibérica, S.A.","Dirección del operador: WTC Almeda Park, Edificio 2 - 08940 Cornellà de Llobregat (Barcelona)","Cantidad Neta: 150 g"],"ingredients":[" Coco seco 25,5%, grasas vegetales (palma, shea), azúcar, almendra (8%), leche desnatada en polvo, suero lácteo en polvo, harina de trigo, almidón, emulgentes: lecitinas (soja),  aromas, gasificantes (carbonato ácido de sodio), sal."],"conservation":" Conservar en lugar fresco y seco","ean":"8000500023976"},{"full_name":"FERRERO COLLECTION bombones surtidos 24 unidades estuche 249 g","name":"bombones surtidos 24 unidades estuche 249 g","brand":"FERRERO COLLECTION ","img":"https://sgfm.elcorteingles.es/SGFM/dctm/MEDIA03/201709/25/00120602300640____1__600x600.jpg","price":"10,70 €","price_unit":"(42,97 € / Kilo)","categories":["Supermercado","Desayunos Dulces y pan","Desayunos, dulces y pan","Chocolates y bombones","Bombones","FERRERO COLLECTION bombones surtidos 24 unidades estuche 249 g"],"general_information":["Denominación del alimento: Surtido de Especialidades (Rocher, Rondnoir, Raffaello)","Nombre del operador: Ferrero Ibérica, S.A.","Dirección del operador: WTC Almeda Park, Edificio 2 - 08940 Cornellà de Llobregat (Barcelona)","Cantidad Neta: 269 g"],"ingredients":[" Rocher: Chocolate con leche 30% (azúcar, manteca de cacao, pasta de cacao, leche desnatada en polvo, mantequilla concentrada, emulgentes: lecitinas (soja), vainillina), avellanas (28,5%), azúcar, manteca de palma, harina de trigo, suero lácteo en polvo, cacao desgrasado, emulgentes: lecitinas (soja), gasificantes (carbonato ácido de sodio), sal, vainillina. Rondnoir: Chocolate negro 40,5% (azúcar, pasta de cacao, manteca de cacao, emulgentes: lecitinas (soja); vainillina), azúcar, manteca de palma, harina de trigo, cacao desgrasado (5,5%), suero lácteo en polvo, leche desnatada en polvo, chocolate con leche extrafino 1,5% (azúcar, manteca de cacao, leche en polvo, pasta de cacao, emulgentes: lecitinas (soja); vainillina), almidón de trigo, aceite de girasol, manteca de cacao, emulgentes: lecitinas (soja), agentes de recubrimiento (goma arábiga), proteínas de la leche, pasta de cacao, gasificantes (carbonato ácido de sodio, carbonato ácido de amonio), sal, vainillina. Puede contener almendras y avellanas. Raffaello: Coco seco 25,5%, grasas vegetales (palma, shea), azúcar, almendra (8%), leche desnatada en polvo, suero lácteo en polvo, harina de trigo, almidón, emulgentes: lecitinas (soja),  aromas, gasificantes (carbonato ácido de sodio), sal."],"conservation":" Conservar en lugar fresco y seco","ean":"8000500247167"},{"full_name":"MON CHERI bombones 30 unidades estuche 315 g","name":"bombones 30 unidades estuche 315 g","brand":"MON CHERI ","img":"https://sgfm.elcorteingles.es/SGFM/dctm/MEDIA02/CONTENIDOS/201510/23/00120602600239____1__600x600.jpg","price":"6,84 €","price_unit":"(21,71 € / Kilo)","categories":["Supermercado","Desayunos Dulces y pan","Desayunos, dulces y pan","Chocolates y bombones","Bombones","MON CHERI bombones 30 unidades estuche 315 g"],"general_information":["Denominación del alimento: Bombones de chocolate negro con cereza y licor","Nombre del operador: Ferrero Ibérica, S.A.","Dirección del operador: WTC Almeda Park, Edificio 2 - 08940 Cornellà de Llobregat (Barcelona)","Cantidad Neta: 315 g"],"ingredients":[" Chocolate negro 49% (azúcar, pasta de cacao, manteca de cacao, emulgentes: lecitinas (soja); vainillina), azúcar, cereza (18%), licor 13% (jarabe de glucosa, agua, alcohol, azúcar, aromas), manteca de cacao.  Puede contener leche."],"conservation":" Conservar en lugar fresco y seco","ean":"4008400811727"},{"full_name":"MON CHERI bombones 25 unidades estuche 262 g","name":"bombones 25 unidades estuche 262 g","brand":"MON CHERI ","img":"https://sgfm.elcorteingles.es/SGFM/dctm/MEDIA03/201712/04/00120602600973____4__600x600.jpg","price":"8,47 €            ","price_unit":"(31,41 € / Kilo)","categories":["Supermercado","Desayunos Dulces y pan","Desayunos, dulces y pan","Chocolates y bombones","Bombones","MON CHERI bombones 25 unidades estuche 262 g"],"general_information":["Denominación del alimento: Bombones de chocolate negro con cereza y licor","Nombre del operador: Ferrero Ibérica, S.A.","Dirección del operador: WTC Almeda Park, Edificio 2 - 08940 Cornellà de Llobregat (Barcelona)","Cantidad Neta: 262.5 g"],"ingredients":[" Chocolate negro 49% (azúcar, pasta de cacao, manteca de cacao, emulgentes: lecitinas (soja); vainillina), azúcar, cereza (18%), licor 13% (jarabe de glucosa, agua, alcohol, azúcar, aromas), manteca de cacao.  Puede contener leche."],"conservation":" Conservar en lugar fresco y seco","ean":"8000500222508"},{"full_name":"MON CHERI bombones 16 unidades estuche 168 g","name":"bombones 16 unidades estuche 168 g","brand":"MON CHERI ","img":"https://sgfm.elcorteingles.es/SGFM/dctm/MEDIA03/201611/14/00120602500421____1__600x600.jpg","price":"4,29 €","price_unit":"(25,54 € / Kilo)","categories":["Supermercado","Desayunos Dulces y pan","Desayunos, dulces y pan","Chocolates y bombones","Bombones","MON CHERI bombones 16 unidades estuche 168 g"],"general_information":["Denominación del alimento: Bombones de chocolate negro con cereza y licor","Nombre del operador: Ferrero Ibérica, S.A.","Dirección del operador: WTC Almeda Park, Edificio 2 - 08940 Cornellà de Llobregat (Barcelona)","Cantidad Neta: 168 g"],"ingredients":[" Chocolate negro 49% (azúcar, pasta de cacao, manteca de cacao, emulgentes: lecitinas (soja); vainillina), azúcar, cereza (18%), licor 13% (jarabe de glucosa, agua, alcohol, azúcar, aromas), manteca de cacao.  Puede contener leche."],"conservation":" Conservar en lugar fresco y seco","ean":"8000500034743"},{"full_name":"MON CHERI bombones 8 unidades estuche 89 g","name":"bombones 8 unidades estuche 89 g","brand":"MON CHERI ","img":"https://sgfm.elcorteingles.es/SGFM/dctm/MEDIA03/201710/19/00120602501387____1__600x600.jpg","price":"2,99 €","price_unit":"(33,60 € / Kilo)","categories":["Supermercado","Desayunos Dulces y pan","Desayunos, dulces y pan","Chocolates y bombones","Bombones","MON CHERI bombones 8 unidades estuche 89 g"],"general_information":["Denominación del alimento: Bombones de chocolate negro con cereza y licor","Nombre del operador: Ferrero Ibérica, S.A.","Dirección del operador: WTC Almeda Park, Edificio 2 - 08940 Cornellà de Llobregat (Barcelona)","Cantidad Neta: 84 g"],"ingredients":[" Chocolate negro 49% (azúcar, pasta de cacao, manteca de cacao, emulgentes: lecitinas (soja); vainillina), azúcar, cereza (18%), licor 13% (jarabe de glucosa, agua, alcohol, azúcar, aromas), manteca de cacao.  Puede contener leche."],"conservation":" Conservar en lugar fresco y seco","ean":"8000500152515"},{"full_name":"MON CHERI bombones 5 unidades estuche 52 g","name":"bombones 5 unidades estuche 52 g","brand":"MON CHERI ","img":"https://sgfm.elcorteingles.es/SGFM/dctm/MEDIA03/201609/08/00120602500025____3__600x600.jpg","price":"1,80 €","price_unit":"(34,62 € / Kilo)","categories":["Supermercado","Desayunos Dulces y pan","Desayunos, dulces y pan","Chocolates y bombones","Bombones","MON CHERI bombones 5 unidades estuche 52 g"],"general_information":["Denominación del alimento: Bombones de chocolate negro con cereza y licor","Nombre del operador: Ferrero Ibérica, S.A.","Dirección del operador: WTC Almeda Park, Edificio 2 - 08940 Cornellà de Llobregat (Barcelona)","Cantidad Neta: 52.5 g"],"ingredients":[" Chocolate negro 49% (azúcar, pasta de cacao, manteca de cacao, emulgentes: lecitinas (soja); vainillina), azúcar, cereza (18%), licor 13% (jarabe de glucosa, agua, alcohol, azúcar, aromas), manteca de cacao.  Puede contener leche."],"conservation":" Conservar en lugar fresco y seco","ean":"0000040084084"},{"full_name":"AFTER EIGHT láminas de menta estuche 300 g","name":"láminas de menta estuche 300 g","brand":"AFTER EIGHT ","img":"https://sgfm.elcorteingles.es/SGFM/dctm/MEDIA03/201703/17/00120602401331____1__600x600.jpg","price":"4,39 €","price_unit":"(14,63 € / Kilo)","categories":["Supermercado","Desayunos Dulces y pan","Desayunos, dulces y pan","Chocolates y bombones","Bombones","AFTER EIGHT láminas de menta estuche 300 g"],"general_information":["Denominación del alimento: Láminas de crema sabor a menta recubiertas de chocolate.  El chocolate contiene grasas vegetales además de manteca de cacao.","País de origen: Reino Unido","Nombre del operador: Nestlé España, S.A.","Dirección del operador: Nestlé España S.A Edificio Nestlé 08950 Esplugues de Llobregat (Barcelona)","Cantidad Neta: 300 g"],"ingredients":[" Azúcar, cacao, jarabe de glucosa, grasa vegetal (palma, shea, illipe, hueso de mango, kokum gurgi, sal) grasa láctea, manteca de cacao, emulgente (lecitina de girasol), aceite natural de menta, acidulante (ácido cítrico), estabilizante (invertasa). Puede contener cacahuete, frutos secos y leche"],"conservation":" Conservar en lugar fresco y seco.","ean":"5000426171518"},{"full_name":"AFTER EIGHT láminas de chocolate, menta y naranja caja 300 g","name":"láminas de chocolate, menta y naranja caja 300 g","brand":"AFTER EIGHT ","img":"https://sgfm.elcorteingles.es/SGFM/dctm/MEDIA03/201710/10/00120602401364____1__600x600.jpg","price":"5,15 €","price_unit":"(17,17 € / Kilo)","categories":["Supermercado","Desayunos Dulces y pan","Desayunos, dulces y pan","Chocolates y bombones","Bombones","AFTER EIGHT láminas de chocolate, menta y naranja caja 300 g"],"general_information":["Denominación del alimento: Láminas de chocolate negro (39.6%) rellenas de crema sabor a menta y naranja (60.4%)","Nombre del operador: Nestlé España, S.A.","Dirección del operador: NESTLÉ ESPAÑA, S.A.- , Edificio Nestlé, 08950 Esplugues de Llobregat (Barcelona)","Cantidad Neta: 300 g"],"ingredients":[" Azúcar, cacao, jarabe de glucosa, manteca de cacao, grasa láctea, aroma natural de naranja, estabilizante (invertasa), emulgente (lecitina), sal, aceite de menta, acidulante (ácido cítrico), aroma natural a vainilla, leche desnatada en polvo, suero de leche en polvo."],"conservation":" Conservar en lugar fresco y seco. Preservar del calor.","ean":"7613031247103"},{"full_name":"AFTER EIGHT bombones surtidos rellenos de crema de menta estuche 122 g","name":"bombones surtidos rellenos de crema de menta estuche 122 g","brand":"AFTER EIGHT ","img":"https://sgfm.elcorteingles.es/SGFM/dctm/MEDIA03/201609/23/00120602401208____2__600x600.jpg","price":"4,08 €","price_unit":"(33,44 € / Kilo)","categories":["Supermercado","Desayunos Dulces y pan","Desayunos, dulces y pan","Chocolates y bombones","Bombones","AFTER EIGHT bombones surtidos rellenos de crema de menta estuche 122 g"],"general_information":["Denominación del alimento: Bombones de chocolate rellenos de crema sabor a menta (33%)","País de origen: Alemania","Nombre del operador: Nestlé España, S.A.","Dirección del operador: Nestlé España S.A Edificio Nestlé 08950 Esplugues de Llobregat (Barcelona)","Cantidad Neta: 122 g"],"ingredients":[" Azúcar, cacao, leche en polvo, manteca de cacao, jarabe de azúcar invertido, jarabe de glucosa, lactosa, aceite de mantequilla, emulgente (lecitina de girasol), aceite de menta, aroma natural de vainilla. Puede contener cacahuete, frutos secos, huevo, soja y gluten."],"conservation":" Conservar en lugar limpio, fresco y seco.","ean":"7613035787308"},{"full_name":"MIDEL bombones rellenos de leche con sorpresa envase 150 g diseños surtidos en rosa azul según existencias","name":"bombones rellenos de leche con sorpresa envase 150 g","brand":"MIDEL ","img":"https://sgfm.elcorteingles.es/SGFM/dctm/MEDIA03/201611/22/00120602601385____1__600x600.jpg","price":"5,86 €","price_unit":"(39,07 € / Kilo)","categories":["Supermercado","Desayunos Dulces y pan","Desayunos, dulces y pan","Chocolates y bombones","Bombones","MIDEL bombones rellenos de leche con sorpresa envase 150 g diseños surtidos en rosa azul según existencias"],"general_information":[],"ingredients":[],"ean":"8411823511260"},{"full_name":"VALOR Chocolatíssimo puro bombones rellenos de praliné de avellana con trozos de almendra estuche 250 g","name":"Chocolatíssimo puro bombones rellenos de praliné de avellana con trozos de almendra estuche 250 g","brand":"VALOR ","img":"https://sgfm.elcorteingles.es/SGFM/dctm/MEDIA03/201609/14/00120602401232____1__600x600.jpg","price":"4,78 €","price_unit":"(19,12 € / Kilo)","categories":["Supermercado","Desayunos Dulces y pan","Desayunos, dulces y pan","Chocolates y bombones","Bombones","VALOR Chocolatíssimo puro bombones rellenos de praliné de avellana con trozos de almendra estuche 250 g"],"general_information":["Denominación del alimento: Bombón de chocolate","Nombre del operador: Chocolates Valor,S.A.","Dirección del operador: Av. Pianista Gonzalo Soriano, 13 - 03570 - Villajoyosa (Alicante)","Cantidad Neta: 250 g","Otras menciones obligatorias en la etiqueta: Cacao: 52% mínimo en el chocolate"],"ingredients":[" Azúcar, pasta de cacao, grasa vegetal (palma y palmiste), manteca de cacao, pasta de avellana (5%), cubitos de almendra tostada (4%), lactosuero en polvo (leche), cacao desgrasado en polvo, emulgente: lecitina de soja, aromas."],"conservation":" Conservar en lugar fresco y seco, alejado de olores.","ean":"8410109106657"},{"full_name":"VALOR Chocolatissimo bombones de chocolate con leche rellenos de praliné de almendra y barquillo estuche 250 g","name":"Chocolatissimo bombones de chocolate con leche rellenos de praliné de almendra y barquillo estuche 250 g","brand":"VALOR ","img":"https://sgfm.elcorteingles.es/SGFM/dctm/MEDIA03/201711/22/00120602401224____1__600x600.jpg","price":"4,78 €","price_unit":"(19,12 € / Kilo)","categories":["Supermercado","Desayunos Dulces y pan","Desayunos, dulces y pan","Chocolates y bombones","Bombones","VALOR Chocolatissimo bombones de chocolate con leche rellenos de praliné de almendra y barquillo estuche 250 g"],"general_information":["Denominación del alimento: Bombones de chocolate con leche con barquillo (5%)","Nombre del operador: Chocolates Valor,S.A.","Dirección del operador: Av. Pianista Gonzalo Soriano, 13 - 03570 - Villajoyosa (Alicante)","Cantidad Neta: 250 g","Otras menciones obligatorias en la etiqueta: Cacao: 30% mínimo en el chocolate con leche"],"ingredients":[" Azúcar, grasa vegetal (palma, palmiste), manteca de cacao, lactosuero en polvo (leche), leche en polvo,  pasta de cacao, barquillo (harina de trigo, azúcar, grasa vegetal (girasol, colza), grasa de leche anhidra,  lactosa (leche), proteínas de leche, sal, extracto de malta (cebada), gasificante: bicarbonato de sodio, emulgente: lecitina de girasol, antioxidante: E306), pasta de almendra (4%), cacao desgrasado en polvo, mantequilla anhidra (leche), emulgente: lecitina de soja, aromas. Puede contener trazas de avellana."],"conservation":" Conservar en lugar fresco y seco, alejado de olores.","ean":"8410109106664"},{"full_name":"VALOR Chocolatissimo surtido bombones de chocolate con leche, puro y negro estuche 250 g","name":"Chocolatissimo surtido bombones de chocolate con leche, puro y negro estuche 250 g","brand":"VALOR ","img":"https://sgfm.elcorteingles.es/SGFM/dctm/MEDIA03/201609/14/00120602401216____1__600x600.jpg","price":"4,78 €","price_unit":"(19,12 € / Kilo)","categories":["Supermercado","Desayunos Dulces y pan","Desayunos, dulces y pan","Chocolates y bombones","Bombones","VALOR Chocolatissimo surtido bombones de chocolate con leche, puro y negro estuche 250 g"],"general_information":["Denominación del alimento: Bombón de chocolate","Nombre del operador: Chocolates Valor,S.A.","Dirección del operador: Av. Pianista Gonzalo Soriano, 13 - 03570 - Villajoyosa (Alicante)","Cantidad Neta: 250 g","Otras menciones obligatorias en la etiqueta: Cacao: 70 y 52 % mínimo en el chocolate. Cacao: 30% mínimo en el chocolate con leche."],"ingredients":[" Azúcar, grasa vegetal (palma, palmiste), pasta de cacao, manteca de cacao, lactosuero en polvo (leche), cacao desgrasado en polvo, leche en polvo, barquillo (2%) (harina de trigo, azúcar, grasa vegetal (girasol, colza), grasa de leche anhidra, lactosa (leche), proteínas de leche, sal, extracto de malta (cebada), gasificante: bicarbonato de sodio, emulgente: lecitina de girasol, antioxidante: E306), pasta de  almendra, pasta de avellana (1%), cubito de almendra tostadas (1%), mantequilla anhidra (leche), emulgente: lecitina de soja, aromas."],"conservation":" Conservar en lugar fresco y seco, alejado de olores.","ean":"8410109106671"},{"full_name":"VALOR Chocolatíssimo Selección Oro bombones surtidos sin azúcar y sin gluten estuche 200 g","name":"Chocolatíssimo Selección Oro bombones surtidos sin azúcar y sin gluten estuche 200 g","brand":"VALOR ","img":"https://sgfm.elcorteingles.es/SGFM/dctm/MEDIA03/201709/19/00120602401372____1__600x600.jpg","price":"4,60 €","price_unit":"(23 € / Kilo)","categories":["Supermercado","Desayunos Dulces y pan","Desayunos, dulces y pan","Chocolates y bombones","Bombones","VALOR Chocolatíssimo Selección Oro bombones surtidos sin azúcar y sin gluten estuche 200 g"],"general_information":["Denominación del alimento: Bombones surtidos sin azúcares añadidos y con edulcorantes","Nombre del operador: Chocolates Valor,S.A.","Dirección del operador: Av. Pianista Gonzalo Soriano, 13 - 03570 - Villajoyosa (Alicante)","Cantidad Neta: 200 g","Otras menciones obligatorias en la etiqueta: Cacao: 52% mínimo en el chocolate y 36% en el chocolate con leche. Un consumo excesivo puede producir efectos laxantes. Contiene azúcares naturalmente presentes."],"ingredients":[" Edulcorante: maltitol, pasta de cacao, grasa vegetal (palma, palmiste), manteca de cacao, leche desnatada en polvo, leche en polvo, lactosuero en polvo (leche), pasta de almendras (1,5%), pasta de  avellanas (1%), cacao desgrasado en polvo, emulgente: lecitina de soja, aromas, edulcorante: glucósidos de esteviol."],"conservation":" Conservar en lugar fresco y seco, alejado de olores.","ean":"8410109110517"},{"full_name":"1880 bombonias de chocolate con almendra marcona envasadas una a una estuche 160 g","name":"bombonias de chocolate con almendra marcona envasadas una a una estuche 160 g","brand":"1880 ","img":"https://sgfm.elcorteingles.es/SGFM/01/13/0/0120602501130/0120602501130000g01011.jpg","price":"5,57 €","price_unit":"(34,81 € / Kilo)","categories":["Supermercado","Desayunos Dulces y pan","Desayunos, dulces y pan","Chocolates y bombones","Bombones","1880 bombonias de chocolate con almendra marcona envasadas una a una estuche 160 g"],"general_information":["Denominación del alimento: Almendras caramelizadas al cacao","País de origen: España","Nombre del operador: Almendra y Miel S.A.","Dirección del operador: Edificio Museo del Turrón; Pol. Ind. Ciudad del Turrón s/n; 03100 - JIJONA (Alicante) Spain","Cantidad Neta: 160 g"],"ingredients":[" Cobertura de chocolate blanco (50%)(azúcar, manteca de cacao), lechedesnatada  en polvo,lactosuero en polvo, mantequillaanhidra,emulgente (lecitina de soja y E-476),aroma), almendras marcona (32%), azúcar, cacao en polvo desgrasado(1%).Cacao mínimo26,5%. Puede contener trazas de otros frutos de cascara, trigo, cacahuete"],"conservation":" Consevese en un lugar fresco, seco y alejado de olores","ean":"8410317134138"},{"full_name":"1880 bombones de dulce de leche caja 165 g","name":"bombones de dulce de leche caja 165 g","brand":"1880 ","img":"https://sgfm.elcorteingles.es/SGFM/dctm/MEDIA02/CONTENIDOS/201411/03/00120602301473____1__600x600.jpg","price":"5,82 €","price_unit":"(35,27 € / Kilo)","categories":["Supermercado","Desayunos Dulces y pan","Desayunos, dulces y pan","Chocolates y bombones","Bombones","1880 bombones de dulce de leche caja 165 g"],"general_information":["Denominación del alimento: bombones de Dulce de leche","País de origen: España","Nombre del operador: Almendra y Miel S.A.","Dirección del operador: Edificio Museo del Turrón; Pol. Ind. Ciudad del Turrón s/n; 03100 - JIJONA (Alicante) Spain","Cantidad Neta: 165 g"],"ingredients":[" Azúcar, leche en polvo(18%),manteca de cacao,jarabe de glucosa, lactosuero en polvo, grasas vegetales ( palma, coco, illipe), pasta de cacao, mantequilla anhidra,  emulgente (E-322, lecitina de soja )y aroma, conservadores (E-200, E-202). Puede contener trazas de otros frutos de cascara, trigo huevo y cacahuete"],"conservation":" Consevese en un lugar fresco, seco y alejado de olores","ean":"8410317150169"},{"full_name":"1880 bombones de turrón caja 165 g","name":"bombones de turrón caja 165 g","brand":"1880 ","img":"https://sgfm.elcorteingles.es/SGFM/dctm/MEDIA02/CONTENIDOS/201411/03/00120602301465____1__600x600.jpg","price":"5,82 €","price_unit":"(35,27 € / Kilo)","categories":["Supermercado","Desayunos Dulces y pan","Desayunos, dulces y pan","Chocolates y bombones","Bombones","1880 bombones de turrón caja 165 g"],"general_information":["Denominación del alimento: Bombones de Turrón","País de origen: España","Nombre del operador: Almendra y Miel S.A.","Dirección del operador: Edificio Museo del Turrón; Pol. Ind. Ciudad del Turrón s/n; 03100 - JIJONA (Alicante) Spain","Cantidad Neta: 165 g"],"ingredients":[" Azúcar, manteca de cacao, almendra(10%), lactosuero en polvo, pasta de cacao, lecheentera en polvo, mantequillaanhidra, grasas vegetales ( palma, coco, illipe), ralladura de limón, emulgente (E-322, lecitina de soja y E-471) y vainillina. Puede contener trazas de otros frutos de cascara, trigo y  cacahuete"],"conservation":" Consevese en un lugar fresco, seco y alejado de olores","ean":"8410317150152"},{"full_name":"EL LOBO trufas de arándanos estuche 150 g","name":"trufas de arándanos estuche 150 g","brand":"EL LOBO ","img":"https://sgfm.elcorteingles.es/SGFM/dctm/MEDIA02/CONTENIDOS/201511/16/00120602601252____1__600x600.jpg","price":"2,31 €","price_unit":"(15,40 € / Kilo)","categories":["Supermercado","Desayunos Dulces y pan","Desayunos, dulces y pan","Chocolates y bombones","Bombones","EL LOBO trufas de arándanos estuche 150 g"],"general_information":["Denominación del alimento: Trufas sabor arándanos","País de origen: España","Nombre del operador: Almendra y Miel S.A.","Dirección del operador: Edificio Museo del Turrón; Pol. Ind. Ciudad del Turrón s/n; 03100 - JIJONA (Alicante) Spain","Cantidad Neta: 150 g"],"ingredients":[" Grasas vegetales(coco, palma, illipe), azúcar, cacao desgrasado en polvo (23%), lactosuero en polvo, aromas, y emulgente (lecitina de soja) y acidulante (E-330). . Puede contener trazas de trigo, frutos de cáscara y/o cacahuete"],"conservation":" Consevese en un lugar fresco, seco y alejado de olores","ean":"8410317227250"},{"full_name":"EL LOBO trufas de naranja estuche 150 g","name":"trufas de naranja estuche 150 g","brand":"EL LOBO ","img":"https://sgfm.elcorteingles.es/SGFM/dctm/MEDIA02/CONTENIDOS/201511/16/00120602601260____1__600x600.jpg","price":"2,31 €","price_unit":"(15,40 € / Kilo)","categories":["Supermercado","Desayunos Dulces y pan","Desayunos, dulces y pan","Chocolates y bombones","Bombones","EL LOBO trufas de naranja estuche 150 g"],"general_information":["Denominación del alimento: Trufas sabor naranja","País de origen: España","Nombre del operador: Almendra y Miel S.A.","Dirección del operador: Edificio Museo del Turrón; Pol. Ind. Ciudad del Turrón s/n; 03100 - JIJONA (Alicante) Spain","Cantidad Neta: 150 g"],"ingredients":[" Grasas vegetales( palma,coco, illipe), azúcar, cacao desgrasado en polvo (23%), lactosuero en polvo, aromas, y emulgente (lecitina de soja) y acidulante (E-330).  Puede contener trazas de trigo, frutos de cáscara y/o cacahuete"],"conservation":" Consevese en un lugar fresco, seco y alejado de olores","ean":"8410317227236"},{"full_name":"MERCI bombones surtidos estuche 675 g","name":"bombones surtidos estuche 675 g","brand":"MERCI ","img":"https://sgfm.elcorteingles.es/SGFM/00/41/4/0200202300414/0200202300414000g01011.jpg","price":"15,19 €","price_unit":"(22,50 € / Kilo)","categories":["Supermercado","Desayunos Dulces y pan","Desayunos, dulces y pan","Chocolates y bombones","Bombones","MERCI bombones surtidos estuche 675 g"],"general_information":["Denominación del alimento: Surtido de especialidades de chocolate y chocolate con leche, con y sin relleno","Nombre del operador: Storck Iberica S.L.U.","Dirección del operador: Ctra. Real 340, n.° 122-A, 5.a Planta 08960 Sant Just Desvern (Barcelona)","Cantidad Neta: 675 g"],"ingredients":[" Ingredientes según las variedades: azúcar, manteca de cacao, pasta de cacao, leche en polvo, avellanas, grasas vegetales (palma, karité), leche en polvo rica en materia grasa, almendras, lactosa, grasa de leche anhidra, suero lácteo en polvo, mantequilla concentrada, cacao desgrasado en polvo, leche desnatada en polvo, dextrosa, emulgente: lecitina (soja), fructosa, café molido al tueste natural, jarabe de glucosa, jarabe de azúcar invertido, aromas, sal. Chocolate con leche relleno de crema de avellanas: 32 % mínimo de cacao en el chocolate. Chocolate con leche: 32 % mínimo de cacao en el chocolate. Chocolate con leche con trozos de almendras y avellanas: 32 % mínimo de cacao en el chocolate. Chocolate con leche relleno de praliné: 32 % mínimo de cacao en el chocolate. Chocolate semi-amargo: 45 % mínimo de cacao en el chocolate. Chocolate relleno de mazapán: 50 % mínimo de cacao en el chocolate. Chocolate relleno de mousse al cacao: 50 % mínimo de cacao en el chocolate. Chocolate blanco y chocolate con nata con café: 33 % mínimo de cacao en el chocolate con nata y 28 % mínimo de cacao en el chocolate blanco. Todos los tipos pueden contener también trazas de avellanas, almendras, cacahuetes, otros frutos de cáscara y huevo."],"conservation":" ¡Proteger del calor!","ean":"4014400907728"},{"full_name":"MERCI surtido de bombones estuche 400 g","name":"surtido de bombones estuche 400 g","brand":"MERCI ","img":"https://sgfm.elcorteingles.es/SGFM/00/36/4/0200202300364/0200202300364000g01011.jpg","price":"7,69 €","price_unit":"(19,22 € / Kilo)","categories":["Supermercado","Desayunos Dulces y pan","Desayunos, dulces y pan","Chocolates y bombones","Bombones","MERCI surtido de bombones estuche 400 g"],"general_information":["Denominación del alimento: Surtido de especialidades de chocolate con relleno y sin relleno","Nombre del operador: Storck Iberica S.L.U.","Dirección del operador: Ctra. Real 340, n.° 122-A, 5.a Planta 08960 Sant Just Desvern (Barcelona)","Cantidad Neta: 400 g"],"ingredients":[" Ingredientes según las variedades: azúcar, manteca de cacao, pasta de cacao, leche en polvo, grasas vegetales (palma, karité), avellanas, leche en polvo rica en materia grasa, almendras, lactosa, suero lácteo en polvo, grasa de leche anhidra, mantequilla concentrada, cacao desgrasado en polvo, leche desnatada en polvo, dextrosa, emulgente: lecitina (soja), fructosa, café molido al tueste natural, jarabe de glucosa, jarabe de azúcar invertido, aromas, sal. Chocolate con leche relleno de crema de avellanas; cacao: 32 % mínimo en el chocolate. Chocolate con leche; cacao: 32 % mínimo en el chocolate. Chocolate con leche con trozos de almendras y avellanas; cacao: 32 % mínimo en el chocolate. Chocolate con leche relleno de praliné; cacao: 32 % mínimo en el chocolate. Chocolate semi-amargo; cacao: 45 % mínimo en el chocolate. Chocolate relleno de mazapán; cacao: 50 % mínimo en el chocolate. Chocolate relleno de mousse al cacao; cacao: 50 % mínimo en el chocolate. Chocolate blanco y chocolate con nata con café; cacao: 33 % mínimo en el chocolate con nata y 28 % en el chocolate blanco. Todos los tipos pueden contener también trazas de avellanas, almendras, cacahuetes, otros frutos de cáscara y huevo."],"conservation":" ¡Proteger del calor!","ean":"4014400900217"},{"full_name":"MERCI bombones surtidos estuche 250 g","name":"bombones surtidos estuche 250 g","brand":"MERCI ","img":"https://sgfm.elcorteingles.es/SGFM/00/35/6/0200202300356/0200202300356000g01011.jpg","price":"4,58 €","price_unit":"(18,32 € / Kilo)","categories":["Supermercado","Desayunos Dulces y pan","Desayunos, dulces y pan","Chocolates y bombones","Bombones","MERCI bombones surtidos estuche 250 g"],"general_information":["Denominación del alimento: Surtido de especialidades de chocolate y chocolate relleno","Nombre del operador: Storck Iberica S.L.U.","Dirección del operador: Ctra. Real 340, n.° 122-A, 5.a Planta 08960 Sant Just Desvern (Barcelona)","Cantidad Neta: 250 g"],"ingredients":[" Ingredientes seguún variedades: azúcar, manteca de cacao, pasta de cacao, leche en polvo, grasas vegetales (palma, karité), avellanas, almendras, leche en polvo rica en materia grasa, lactosa, suero lácteo en polvo, grasa de leche anhidra, mantequilla concentrada, dextrosa, leche desnatada en polvo, cacao desgrasado en polvo, emulgente: lecitina (soja), fructosa, jarabe de glucosa, café molido al tueste natural, jarabe de azúcar invertido, aromas, sal. Chocolate con leche relleno de crema de avellanas: 32 % mínimo de cacao en el chocolate con leche. Chocolate con leche: 32 % mínimo de cacao. Chocolate con leche con trozos de almendras y avellanas: 32 % mínimo de cacao en el chocolate con leche. Chocolate con leche relleno de praliné: 32 % mínimo de cacao en el chocolate con leche. Chocolate semi-amargo: 45 % mínimo de cacao. Chocolate relleno de mazapán: 50 % mínimo de cacao en el chocolate. Chocolate relleno de mousse al cacao: 50 % mínimo de cacao en el chocolate. Chocolate blanco y chocolate con nata con café: 33 % mínimo de cacao en el chocolate con nata y 28 % mínimo de cacao en el chocolate blanco. Todos los tipos pueden contener también trazas de avellanas, almendras, cacahuetes y otros frutos de cáscara y huevo."],"conservation":" ¡Proteger del calor!","ean":"4014400901191"},{"full_name":"MERCI bombones de almendra crujiente estuche 250 g","name":"bombones de almendra crujiente estuche 250 g","brand":"MERCI ","img":"https://sgfm.elcorteingles.es/SGFM/dctm/MEDIA02/CONTENIDOS/201510/14/00120602301614____1__600x600.jpg","price":"4,58 €","price_unit":"(18,32 € / Kilo)","categories":["Supermercado","Desayunos Dulces y pan","Desayunos, dulces y pan","Chocolates y bombones","Bombones","MERCI bombones de almendra crujiente estuche 250 g"],"general_information":[],"ingredients":[],"ean":"4014400917956"},{"full_name":"MERCI bombones con leche estuche 250 g","name":"bombones con leche estuche 250 g","brand":"MERCI ","img":"https://sgfm.elcorteingles.es/SGFM/00/56/2/0200202300562/0200202300562000g01011.jpg","price":"4,58 €","price_unit":"(18,32 € / Kilo)","categories":["Supermercado","Desayunos Dulces y pan","Desayunos, dulces y pan","Chocolates y bombones","Bombones","MERCI bombones con leche estuche 250 g"],"general_information":["Denominación del alimento: Surtido de especialidades de chocolate con leche y chocolate con leche relleno","Nombre del operador: Storck Iberica S.L.U.","Dirección del operador: Ctra. Real 340, n.° 122-A, 5.a Planta 08960 Sant Just Desvern (Barcelona)","Cantidad Neta: 250 g"],"ingredients":[" Azúcar, manteca de cacao, leche en polvo, avellanas, pasta de cacao, grasas vegetales (palma, karité), lactosa, grasa de leche anhidra, mantequilla concentrada, almendras troceadas, dextrosa, suero lácteo en polvo, leche desnatada en polvo, emulgente: lecitina (soja), cacao desgrasado en polvo, aromas, sal. Chocolate con leche relleno de crema de avellanas: 32% mínimo de cacao en el chocolate. Chocolate con leche: 32% mínimo de cacao en el chocolate. Chocolate con leche con trozos de almendras y avellanas: 32% mínimo de cacao en el chocolate. Chocolate con leche relleno de praliné: 32% mínmo de cacao en el chocolate. Todos los tipos pueden contener también trazas de avellanas, almendras, cacahuetes, otros fruros de cáscara y huevo."],"conservation":" ¡Proteger del calor!","ean":"4014400901405"},{"full_name":"MERCI Petits bombones surtidos bolsa 125 g","name":"Petits bombones surtidos bolsa 125 g","brand":"MERCI ","img":"https://sgfm.elcorteingles.es/SGFM/dctm/MEDIA03/201609/23/00120602401190____1__600x600.jpg","price":"2,49 €","price_unit":"(19,92 € / Kilo)","categories":["Supermercado","Desayunos Dulces y pan","Desayunos, dulces y pan","Chocolates y bombones","Bombones","MERCI Petits bombones surtidos bolsa 125 g"],"general_information":[],"ingredients":[],"ean":"4014400911015"},{"full_name":"MERCI Crocant bombones surtidos bolsa 200 g","name":"Crocant bombones surtidos bolsa 200 g","brand":"MERCI ","img":"https://sgfm.elcorteingles.es/SGFM/dctm/MEDIA03/201609/23/00120602501676____1__600x600.jpg","price":"2,99 €","price_unit":"(14,95 € / Kilo)","categories":["Supermercado","Desayunos Dulces y pan","Desayunos, dulces y pan","Chocolates y bombones","Bombones","MERCI Crocant bombones surtidos bolsa 200 g"],"general_information":[],"ingredients":[],"ean":"4014400901627"},{"full_name":"DELAVIUDA trufas al cacao estuche 200 g","name":"trufas al cacao estuche 200 g","brand":"DELAVIUDA ","img":"https://sgfm.elcorteingles.es/SGFM/dctm/MEDIA03/201610/07/00120602501148____2__600x600.jpg","price":"2,75 €","price_unit":"(13,75 € / Kilo)","categories":["Supermercado","Desayunos Dulces y pan","Desayunos, dulces y pan","Chocolates y bombones","Bombones","DELAVIUDA trufas al cacao estuche 200 g"],"general_information":["Denominación del alimento: Trufas al Cacao","Nombre del operador: Delaviuda Alimentación, S.A.","Dirección del operador: Santa María, 4. 45100 SONSECA (Toledo) España","Cantidad Neta: 200 g"],"ingredients":[" Azúcar, Grasa vegetal (Palma, coco, palmiste y shea), Cacao desgrasado en polvo(17,6%), Suero lácteo en polvo, Cacao en polvo(0,5%), Emulgente: Lecitina de soja y girasol, Aromas. Puede contener trazas de frutos de cáscara y gluten"],"conservation":" Conservar en lugar fresco y seco. Máximo 20ºC de Temperatura y Máximo 65% de Humedad Relativa.","ean":"8410223604862"},{"full_name":"DELAVIUDA bombones artesanos estuche 360 g","name":"bombones artesanos estuche 360 g","brand":"DELAVIUDA ","img":"https://sgfm.elcorteingles.es/SGFM/dctm/MEDIA02/CONTENIDOS/201407/21/00120602300707____1__600x600.jpg","price":"13,67 €","price_unit":"(37,97 € / Kilo)","categories":["Supermercado","Desayunos Dulces y pan","Desayunos, dulces y pan","Chocolates y bombones","Bombones","DELAVIUDA bombones artesanos estuche 360 g"],"general_information":["Denominación del alimento: Bombones Surtidos","Nombre del operador: Delaviuda Alimentación, S.A.","Dirección del operador: Santa María, 4. 45100 SONSECA (Toledo) España","Cantidad Neta: 360 g"],"ingredients":[" Azúcar, Manteca de cacao, Pasta de cacao, Leche entera en polvo, Grasa vegetal (palmiste, palma, coco y shea), Avellana tostada(7%), Mantequilla, Almendras(2,07%), Caramelo(1,08%)(Azúcar, Mantequilla, Grasa vegetal (palma), Leche entera en polvo, Leche desnatada en polvo, Sal, Emulgente: Lecitina de soja), Cacao desgrasado en polvo, Suero lácteo en polvo, Preparado de café(0,67%)(Azúcar, Manteca de cacao, Pasta de cacao, Extracto de café(2%), Estabilizante: goma arábiga), Leche desnatada en polvo, Pasta de café (0,55%)(Café(66%), Manteca de cacao), Miel, Emulgente: Lecitina de soja y girasol, Fermento láctico, Almendras caramelizadas(0,32%)(Azúcar(66%), Almendras), Lactosa, Fresa liofilizada (0,14%)(Jarabe de glucosa, Azúcar, Fresa(25%), Espesante: E-401), Aromas, Emulgente:E-471, Albúmina de huevo. Puede contener trazas de otros frutos secos y gluten"],"conservation":" Conservar en lugar fresco y seco. Máximo 20ºC de Temperatura y Máximo 65% de Humedad Relativa.","ean":"8410223603919"},{"full_name":"DELAVIUDA bombones artesanos estuche 180 g","name":"bombones artesanos estuche 180 g","brand":"DELAVIUDA ","img":"https://sgfm.elcorteingles.es/SGFM/dctm/MEDIA02/CONTENIDOS/201407/21/00120602400804____1__600x600.jpg","price":"5,94 €","price_unit":"(33 € / Kilo)","categories":["Supermercado","Desayunos Dulces y pan","Desayunos, dulces y pan","Chocolates y bombones","Bombones","DELAVIUDA bombones artesanos estuche 180 g"],"general_information":["Denominación del alimento: Bombones Surtidos","Nombre del operador: Delaviuda Alimentación, S.A.","Dirección del operador: Santa María, 4. 45100 SONSECA (Toledo) España","Cantidad Neta: 180 g"],"ingredients":[" Azúcar, Manteca de cacao, Pasta de cacao, Leche entera en polvo, Grasa vegetal (palmiste, palma, coco y shea), Avellanas tostadas(7%), Mantequilla, Almendras(2,07%), Caramelo(1,08%)(Azúcar, Mantequilla, Grasa vegetal (palma), Leche entera en polvo, Leche desnatada en polvo, Sal, Emulgente: Lecitina de soja), Cacao desgrasado en polvo, Suero lácteo en polvo, Preparado de café(0,67%)(Azúcar, Manteca de cacao, Pasta de cacao, Extracto de café(2%), Estabilizante: goma arábiga), Leche desnatada en polvo, Pasta de café (0,55%)(Café(66%), Manteca de cacao), Miel, Emulgente: Lecitina de soja y girasol, Fermento láctico, Almendras caramelizadas(0,32%)(Azúcar(66%), Almendras), Lactosa, Fresa liofilizada (0,14%)(Jarabe de glucosa, Azúcar, Fresa(25%), Espesante: E-401), Aromas, Emulgente: E-471,  Albúmina de Huevo. Puede contener trazas de otros frutos de cáscara y gluten"],"conservation":" Conservar en lugar fresco y seco. Máximo 20ºC de Temperatura y Máximo 65% de Humedad Relativa.","ean":"8410223606309"},{"full_name":"DELAVIUDA Choc&Fruit bombones de chocolate con fruta estuche 160 g","name":"Choc&Fruit bombones de chocolate con fruta estuche 160 g","brand":"DELAVIUDA ","img":"https://sgfm.elcorteingles.es/SGFM/01/05/6/0120602501056/0120602501056000g01011.jpg","price":"8,06 €","price_unit":"(50,38 € / Kilo)","categories":["Supermercado","Desayunos Dulces y pan","Desayunos, dulces y pan","Chocolates y bombones","Bombones","DELAVIUDA Choc&Fruit bombones de chocolate con fruta estuche 160 g"],"general_information":["Denominación del alimento: Bombones de Frutas","Nombre del operador: Delaviuda Alimentación, S.A.","Dirección del operador: Santa María, 4. 45100 SONSECA (Toledo) España","Cantidad Neta: 160 g"],"ingredients":[" Azúcar, Pasta de cacao, Pastas de frutas(Frambuesa(6,4%), Limón(5,17%), Fruta de la pasión (4,83%), Naranja(3,01%), Jarabe de glucosa, Azúcar, Jarabe de azúcar invertido, Aromas naturales, Acidulante: Acido cítrico, Humectante:glicerina, Gelificante: pectinas, Corrector de acidez: citratos de sodio), Manteca de cacao, Leche entera en polvo, Mantequilla, Cubitos de naranja(0,54%)(Frutas(Puré concentrado de manzana, Zumo concentrado de naranja), Humectante: Glicerina, Jarabe de fructosa y glucosa, Jarabe de glucosa, Fibra de trigo, Azúcar, Almidón de arroz, Grasa vegetal (palma), Gelificante: pectinas, Corrector de acidez: ácido cítrico, Aroma natural de naranja, Antioxidante: Acido ascórbico, Colorante: Curcumina), Emulgente: Lecitina de soja y girasol, Fruta de la pasion liofilizada(0,25%)(Puré concentrado de fruta de la pasion, Jarabe de glucosa, Gelificante: pectinas), Fresa liofilizada (0,25%)(Jarabe de glucosa, Azúcar, Fresas, Espesante: alginato sódico), Limón liofilizado(0,18%)(Jarabe de glucosa, Zumo de limón concentrado, Albaricoques azucarados, Almidón modificado (patata), Espesante: alginato sódico, Aroma), Aromas natural de vainilla. Puede contener trazas de frutos de cáscara"],"conservation":" Conservar en lugar fresco y seco. Máximo 20ºC de Temperatura y Máximo 65% de Humedad Relativa.","ean":"8410223606699"},{"full_name":"LA HIGUERA Rabitos Royale bombón de higo 16 unidades estuche 252 g","name":"Rabitos Royale bombón de higo 16 unidades estuche 252 g","brand":"LA HIGUERA ","img":"https://sgfm.elcorteingles.es/SGFM/dctm/MEDIA03/201709/25/00120602600346____1__600x600.jpg","price":"13,08 €","price_unit":"(51,90 € / Kilo)","categories":["Supermercado","Desayunos Dulces y pan","Desayunos, dulces y pan","Chocolates y bombones","Bombones","LA HIGUERA Rabitos Royale bombón de higo 16 unidades estuche 252 g"],"general_information":[],"ingredients":[],"ean":"8421364000581"},{"full_name":"LA HIGUERA Rabitos Royale bombón de higo 9 unidades estuche 142 g","name":"Rabitos Royale bombón de higo 9 unidades estuche 142 g","brand":"LA HIGUERA ","img":"https://sgfm.elcorteingles.es/SGFM/dctm/MEDIA02/CONTENIDOS/201504/24/00120602500496____1__600x600.jpg","price":"8,60 €","price_unit":"(60,56 € / Kilo)","categories":["Supermercado","Desayunos Dulces y pan","Desayunos, dulces y pan","Chocolates y bombones","Bombones","LA HIGUERA Rabitos Royale bombón de higo 9 unidades estuche 142 g"],"general_information":[],"ingredients":[],"ean":"8421364000550"},{"full_name":"LACASA trufas surtidas estuche 400 g","name":"trufas surtidas estuche 400 g","brand":"LACASA ","img":"https://sgfm.elcorteingles.es/SGFM/dctm/MEDIA03/201709/14/00120602301978____1__600x600.jpg","price":"5,99 €","price_unit":"(14,98 € / Kilo)","categories":["Supermercado","Desayunos Dulces y pan","Desayunos, dulces y pan","Chocolates y bombones","Bombones","LACASA trufas surtidas estuche 400 g"],"general_information":[],"ingredients":[],"ean":"8410740910910"},{"full_name":"LACASA trufas estuche 200 g","name":"trufas estuche 200 g","brand":"LACASA ","img":"https://sgfm.elcorteingles.es/SGFM/dctm/MEDIA02/CONTENIDOS/201511/16/00120602600577____1__600x600.jpg","price":"2,23 €","price_unit":"(11,15 € / Kilo)","categories":["Supermercado","Desayunos Dulces y pan","Desayunos, dulces y pan","Chocolates y bombones","Bombones","LACASA trufas estuche 200 g"],"general_information":["Denominación del alimento: TRUFAS AL CACAO CON GRASA VEGETAL","Nombre del operador: Lacasa España S.A.U.","Dirección del operador: Autovía de Logroño km.14 (50180 Utebo, Zaragoza).","Cantidad Neta: 200 g"],"ingredients":[" Grasa vegetal de palma y coco (38%), azúcar, cacao desgrasado en polvo, suero lácteo en polvo, lactosa, aromas, emulgente (lecitina de soja) y sal. Cacao 18% mínimo. Puede contener trazas de gluten y de frutos secos."],"conservation":" Conservar en un lugar fresco y seco.","ean":"8410740050616"},{"full_name":"UÑA Cortados surtido de bombones estuche 360 g","name":"Cortados surtido de bombones estuche 360 g","brand":"UÑA ","img":"https://sgfm.elcorteingles.es/SGFM/dctm/MEDIA03/201611/17/00120602600205____2__600x600.jpg","price":"10,99 €","price_unit":"(30,53 € / Kilo)","categories":["Supermercado","Desayunos Dulces y pan","Desayunos, dulces y pan","Chocolates y bombones","Bombones","UÑA Cortados surtido de bombones estuche 360 g"],"general_information":["Denominación del alimento: SURTIDO DE BOMBONES DE CHOCOLATE.","Nombre del operador: Lacasa España S.A.U.","Dirección del operador: Autovía de Logroño km.14 (50180 Utebo, Zaragoza).","Cantidad Neta: 360 g"],"ingredients":[" BOMBÓN DE CHOCOLATE CON PRALINÉ SABOR A NARANJA (CORTADO NARANJA)INGREDIENTES: Azúcar, avellanas (17%), pasta de cacao, manteca de cacao, cacao en polvo desgrasado, leche en polvo desnatada, mantequilla, emulgente (lecitina de soja), aromas.-Cacao 33 % mínimo en chocolate.BOMBÓN DE CHOCOLATE CON PRALINÉ DE AVELLANA (CORTADO AVELLANA)INGREDIENTES: Azúcar, avellanas (17%), pasta de cacao, manteca de cacao, cacao en polvo desgrasado, leche en polvo desnatada, mantequilla, emulgente (lecitina de soja), aromas.-Cacao 33 % mínimo en chocolateBOMBÓN DE CHOCOLATE CON PRALINÉ SABOR A TRUFA (CORTADO TRUFA)INGREDIENTES: Azúcar, avellanas (16%), pasta de cacao, manteca de cacao, leche en polvo desnatada, cacao en polvo desgrasado, mantequilla, emulgente (lecitina de soja), aromas.-Cacao 29% mínimo en chocolateBOMBÓN DE CHOCOLATE CON PRALINÉ DE CAFÉ (CORTADO CAFÉ)INGREDIENTES: Azúcar, pasta de cacao, manteca de cacao, frutos secos (avellanas (11%), almendras (3%)), cacao en polvo desgrasado, leche en polvo desnatada, café tostado (2%), mantequilla, emulgente (lecitina de soja) y aromas.BOMBÓN DE CHOCOLATE CON PRALINÉ DE ALMENDRA (CORTADO CON ALMENDRA)INGREDIENTES: Azúcar, manteca de cacao, leche en polvo desnatada, frutos secos (avellanas (11%), almendras (8%)), pasta de cacao, mantequilla, emulgente (lecitina de soja) y aroma.-Cacao 22% mínimo en chocolate.Cacao 34% mínimo en chocolate.Puede contener trazas de cacahuete y de otros frutos secos.Contiene avellanas, almendras, leche, mantequilla y soja."],"conservation":" Conservar en un lugar fresco y seco.","ean":"8410740050036"},{"full_name":"UÑA Colección 1871 bombones surtidos estuche 200 g","name":"Colección 1871 bombones surtidos estuche 200 g","brand":"UÑA ","img":"https://sgfm.elcorteingles.es/SGFM/dctm/MEDIA03/201607/20/00120602501668____1__600x600.jpg","price":"7,68 €","price_unit":"(38,40 € / Kilo)","categories":["Supermercado","Desayunos Dulces y pan","Desayunos, dulces y pan","Chocolates y bombones","Bombones","UÑA Colección 1871 bombones surtidos estuche 200 g"],"general_information":["Denominación del alimento: SURTIDO DE BOMBONES DE CHOCOLATE","Nombre del operador: Lacasa España S.A.U.","Dirección del operador: Autovía de Logroño km.14 (50180 Utebo, Zaragoza).","Cantidad Neta: 200 g"],"ingredients":[" Azúcar, pasta de cacao, manteca de cacao, frutos secos(9%)(avellanas y almendras), castaña confitada(6%) (castaña, azúcar, jarabe de glucosa, antioxidante (E-330), conservadores (E-202, E-211, E-223 (sulfitos)) y aroma), fondant (azúcar, jarabe de glucosa y agua), leche entera en polvo, grasa vegetal de palma y palmiste (contiene emulgentes (E-471,lecitina de girasol),antioxidante(E-304) y aroma), cacao desgrasado en polvo, leche condensada (leche, azúcar y lactosa), leche desnatada en polvo, grasa vegetal de palma y girasol parcialmente hidrogenada, confitura de naranja(1%) (pulpa de naranja y albaricoque, azúcar, jarabe de glucosa, pectina, antioxidante (E-330) y conservador(E-202)), mantequilla, emulgente(lecitina de soja, E-471 y E-476), café(0,5%), aromas, invertasa y aceite de girasol.Contenido en cacao mínimo 28%.Puede contener trazas de cacahuete y de otros frutos secos."],"conservation":" Conservar en un lugar fresco y seco.","ean":"8410740053518"},{"full_name":"UÑA lenguas de gato de chocolate estuche 210 g","name":"lenguas de gato de chocolate estuche 210 g","brand":"UÑA ","img":"https://sgfm.elcorteingles.es/SGFM/dctm/MEDIA03/201611/17/00120602301374____2__600x600.jpg","price":"6,29 €","price_unit":"(31,45 € / Kilo)","categories":["Supermercado","Desayunos Dulces y pan","Desayunos, dulces y pan","Chocolates y bombones","Bombones","UÑA lenguas de gato de chocolate estuche 210 g"],"general_information":["Denominación del alimento: Bombones macizos de chocolate con leche.","Nombre del operador: La Casa España S.A.U.","Dirección del operador: Autovía de Logroño km. 14 (50180 Utebo, Zaragoza).","Cantidad Neta: 210,0 g"],"ingredients":[" Azúcar, manteca de cacao, leche en polvo entera, pasta de cacao, leche en polvo desnatada, emulgentes (lecitina de soja, E-471), aroma (vainillina). Puede contener otros trazas de cacahuetes y frutos secos. Contiene leche y soja."],"conservation":" Conservar en un lugar fresco y seco.","ean":"8410740050357"},{"full_name":"UÑA bombones cortados en lata con diseños surtidos lata 192 g","name":"bombones cortados en lata con diseños surtidos lata 192 g","brand":"UÑA ","img":"https://sgfm.elcorteingles.es/SGFM/dctm/MEDIA03/201609/07/00120602501650____6__600x600.jpg","price":"7,68 €","price_unit":"(40 € / Kilo)","categories":["Supermercado","Desayunos Dulces y pan","Desayunos, dulces y pan","Chocolates y bombones","Bombones","UÑA bombones cortados en lata con diseños surtidos lata 192 g"],"general_information":["Denominación del alimento: bombón de chocolate.","Nombre del operador: La Casa España S.A.U.","Dirección del operador: Autovía de Logroño km. 14 (50180 Utebo, Zaragoza).","Cantidad Neta: 192 g"],"ingredients":[" Azúcar, frutos secos (avellanas y almendras), pasta de cacao, manteca de cacao, leche en polvo desnatada, cacao en polvo desgrasado, mantequilla, emulgente (lecitina de soja), café y aromas. Puede contener trazas de cacahuetes y frutos secos. Contiene avellanas, almendras, leche, derivados (lactosa) y soja."],"conservation":" Conservar en un lugar fresco y seco.","ean":"8410740902441"},{"full_name":"UÑA Cortados surtido de bombones estuche 180 g","name":"Cortados surtido de bombones estuche 180 g","brand":"UÑA ","img":"https://sgfm.elcorteingles.es/SGFM/00/41/3/0120602500413/0120602500413000g01011.jpg","price":"6,55 €","price_unit":"(36,39 € / Kilo)","categories":["Supermercado","Desayunos Dulces y pan","Desayunos, dulces y pan","Chocolates y bombones","Bombones","UÑA Cortados surtido de bombones estuche 180 g"],"general_information":["Denominación del alimento: SURTIDO DE BOMBONES DE CHOCOLATE","Nombre del operador: Lacasa España S.A.U.","Dirección del operador: Autovía de Logroño km.14 (50180 Utebo, Zaragoza).","Cantidad Neta: 180 g"],"ingredients":[" BOMBON DE CHOCOLATE CON PRALINÉ SABOR A NARANJA (CORTADO NARANJA ):INGREDIENTES: Azúcar, avellanas (17%), pasta de cacao manteca de cacao, cacao en polvo desgrasado, leche en polvo desnatada, mantequilla, emulgente (lecitina de soja), aromas.Cacao 33 % mínimo.Contiene avellanas, leche, mantequilla y soja.Puede contener trazas de cacahuete y de otros frutos secos.BOMBON DE CHOCOLATE CON PRALINÉ DE AVELLANA (CORTADO AVELLANA):   INGREDIENTES: Azúcar, avellanas (17%), pasta de cacao manteca de cacao, cacao en polvo desgrasado, leche en polvo desnatada, mantequilla, emulgente (lecitina de soja), aromas.Cacao 33 % mínimo.Contiene avellanas, leche, mantequilla y soja.Puede contener trazas de cacahuete y de otros frutos secos.BOMBON DE CHOCOLATE CON PRALINE SABOR A TRUFA (CORTADO TRUFA): INGREDIENTES: Azúcar, avellanas (16%), pasta de cacao, manteca de cacao, leche en polvo desnatada, cacao en polvo desgrasado, mantequilla, emulgente (lecitina de soja), aromas.Cacao 29% mínimo.Contiene avellanas, leche, mantequilla y soja.Puede contener trazas de cacahuete y de otros frutos secos.BOMBON DE CHOCOLATE CON PRALINE DE CAFÉ (CORTADO CAFÉ):   INGREDIENTES: Azúcar, pasta de cacao, manteca de cacao, frutos secos (avellanas (11%),almendras (3%)), cacao en polvo desgrasado, leche en polvo desnatada, café tostado (2%), mantequilla, emulgente (lecitina de soja) y aromas.Cacao 34% mínimo.Contiene avellanas, almendras, leche, mantequilla y soja.Puede contener trazas de cacahuete y de otros frutos secos.BOMBON DE CHOCOLATE CON PRALINÉ DE ALMENDRA (CORTADO CON ALMENDRA): INGREDIENTES: Azúcar, manteca de cacao, leche en polvo desnatada, frutos secos (avellanas (11%), almendras (8%)), pasta de cacao, mantequilla, emulgente (lecitina de soja) y aroma.Cacao 22% mínimo.Contiene avellanas, almendras, leche, mantequilla y soja.Puede contener trazas de otros frutos secos.Puede contener trazas de cacahuete y de otros frutos de cáscara."],"conservation":" Conservar en un lugar fresco y seco.","ean":"8410740050029"},{"full_name":"UÑA Cortados surtido de bombones estuche 48 g","name":"Cortados surtido de bombones estuche 48 g","brand":"UÑA ","img":"https://sgfm.elcorteingles.es/SGFM/dctm/MEDIA02/CONTENIDOS/201510/19/00120602500017____1__600x600.jpg","price":"1,93 €","price_unit":"(40,21 € / Kilo)","categories":["Supermercado","Desayunos Dulces y pan","Desayunos, dulces y pan","Chocolates y bombones","Bombones","UÑA Cortados surtido de bombones estuche 48 g"],"general_information":["Denominación del alimento: SURTIDO DE BOMBONES DE CHOCOLATE.","Nombre del operador: Lacasa España S.A.U.","Dirección del operador: Autovía de Logroño km.14 (50180 Utebo, Zaragoza).","Cantidad Neta: 48 g"],"ingredients":[" Azúcar, frutos secos(17%)(avellanas y almendras), pasta de cacao, manteca de cacao, leche desnatada en polvo, cacao desgrasado en polvo, mantequilla, café(0,6%), emulgente (lecitina de soja) y aromas.Cacao 29% mínimo.Puede contener trazas de cacahuetes y de otros frutos secos."],"conservation":" Conservar en un lugar fresco y seco.","ean":"8410740052047"},{"full_name":"ZAHOR Tus Tentaciones gran selección bombones surtidos de chocolate con leche, noir y licor bolsa 120 g","name":"Tus Tentaciones gran selección bombones surtidos de chocolate con leche, noir y licor bolsa 120 g","brand":"ZAHOR ","img":"https://sgfm.elcorteingles.es/SGFM/dctm/MEDIA02/CONTENIDOS/201510/23/00120602400788____1__600x600.jpg","price":"2,94 €","price_unit":"(24,50 € / Kilo)","categories":["Supermercado","Desayunos Dulces y pan","Desayunos, dulces y pan","Chocolates y bombones","Bombones","ZAHOR Tus Tentaciones gran selección bombones surtidos de chocolate con leche, noir y licor bolsa 120 g"],"general_information":[],"ingredients":[],"ean":"8420241113703"},{"full_name":"ZAHOR Tus Tentaciones selección noir surtido de bombones de chocolate negro bolsa 120 g","name":"Tus Tentaciones selección noir surtido de bombones de chocolate negro bolsa 120 g","brand":"ZAHOR ","img":"https://sgfm.elcorteingles.es/SGFM/dctm/MEDIA02/CONTENIDOS/201510/23/00120602501346____1__600x600.jpg","price":"2,94 €","price_unit":"(24,50 € / Kilo)","categories":["Supermercado","Desayunos Dulces y pan","Desayunos, dulces y pan","Chocolates y bombones","Bombones","ZAHOR Tus Tentaciones selección noir surtido de bombones de chocolate negro bolsa 120 g"],"general_information":[],"ingredients":[],"ean":"8420241113710"},{"full_name":"ZAHOR Tus Tentaciones bombones de chocolate rellenos de guindas al licor bolsa 115 g","name":"Tus Tentaciones bombones de chocolate rellenos de guindas al licor bolsa 115 g","brand":"ZAHOR ","img":"https://sgfm.elcorteingles.es/SGFM/01/35/3/0120602501353/0120602501353000g01011.jpg","price":"2,95 €","price_unit":"(25,65 € / Kilo)","categories":["Supermercado","Desayunos Dulces y pan","Desayunos, dulces y pan","Chocolates y bombones","Bombones","ZAHOR Tus Tentaciones bombones de chocolate rellenos de guindas al licor bolsa 115 g"],"general_information":[],"ingredients":[],"ean":"8412060250097"},{"full_name":"ZAHOR Tus Tentaciones bombones de chocolate con leche rellenos de Marc de Champagne bolsa 120 g","name":"Tus Tentaciones bombones de chocolate con leche rellenos de Marc de Champagne bolsa 120 g","brand":"ZAHOR ","img":"https://sgfm.elcorteingles.es/SGFM/01/36/1/0120602501361/0120602501361000g01011.jpg","price":"2,25 €","price_unit":"(18,75 € / Kilo)","categories":["Supermercado","Desayunos Dulces y pan","Desayunos, dulces y pan","Chocolates y bombones","Bombones","ZAHOR Tus Tentaciones bombones de chocolate con leche rellenos de Marc de Champagne bolsa 120 g"],"general_information":[],"ingredients":[],"ean":"8420241113772"},{"full_name":"MIGUELAÑEZ trufas al cacao 100% clásicas envase 80 g","name":"trufas al cacao 100% clásicas envase 80 g","brand":"MIGUELAÑEZ ","img":"https://sgfm.elcorteingles.es/SGFM/dctm/MEDIA03/201711/08/00120966005355____1__600x600.jpg","price":"3,15 €","price_unit":"(39,38 € / Kilo)","categories":["Supermercado","Desayunos Dulces y pan","Desayunos, dulces y pan","Chocolates y bombones","Bombones","MIGUELAÑEZ trufas al cacao 100% clásicas envase 80 g"],"general_information":[],"ingredients":[],"ean":"8411823008036"},{"full_name":"MILKA I Love Milka bombones praliné nougat estuche 187 g en estuche corazón","name":"I Love Milka bombones praliné nougat estuche 187 g","brand":"MILKA ","img":"https://sgfm.elcorteingles.es/SGFM/dctm/MEDIA03/201604/11/00120602500702____2__600x600.jpg","price":"6,08 €","price_unit":"(32,51 € / Kilo)","categories":["Supermercado","Desayunos Dulces y pan","Desayunos, dulces y pan","Chocolates y bombones","Bombones","MILKA I Love Milka bombones praliné nougat estuche 187 g en estuche corazón"],"general_information":["Denominación del alimento: Bombones de chocolate con leche con relleno cremoso (40%) con avellanas.","País de origen: Alemania","Nombre del operador: Mondelez España Commercial, S.L.","Dirección del operador: C/Eucalipto, 25  - 28016 Madrid,  España","Cantidad Neta: 187 g"],"ingredients":[" Ingredientes: Azúcar, manteca de cacao, grasas vegetales (palma, shea), pasta de cacao, LECHE desnatada en polvo, suero de LECHE en polvo, AVELLANAS (4,5%), grasa de LECHE, emulgentes (lecitina de SOJA, E476, lecitina de girasol, E442), aromas. PUEDE CONTENER OTROS FRUTOS DE CASCARA Y TRIGO."],"ean":"7622300215286"},{"full_name":"SANCOSA Pedras de Santiago bombones artesanos estuche 265","name":"Pedras de Santiago bombones artesanos estuche 265 ","brand":"SANCOSA ","img":"https://sgfm.elcorteingles.es/SGFM/dctm/MEDIA02/CONTENIDOS/201411/14/00120602600270____1__600x600.jpg","price":"17,18 €","price_unit":"(64,83 € / Kilo)","categories":["Supermercado","Desayunos Dulces y pan","Desayunos, dulces y pan","Chocolates y bombones","Bombones","SANCOSA Pedras de Santiago bombones artesanos estuche 265"],"general_information":[],"ingredients":[],"ean":"8437005025110"},{"full_name":"SANCOSA Pedras de Santiago bombones artesanos estuche 200","name":"Pedras de Santiago bombones artesanos estuche 200 ","brand":"SANCOSA ","img":"https://sgfm.elcorteingles.es/SGFM/dctm/MEDIA02/CONTENIDOS/201411/14/00120602500470____1__600x600.jpg","price":"10,22 €","categories":["Supermercado","Desayunos Dulces y pan","Desayunos, dulces y pan","Chocolates y bombones","Bombones","SANCOSA Pedras de Santiago bombones artesanos estuche 200"],"general_information":[],"ingredients":[],"ean":"8437005025059"},{"full_name":"SANCOSA Pedras de Santiago bombones artesanos estuche 150","name":"Pedras de Santiago bombones artesanos estuche 150 ","brand":"SANCOSA ","img":"https://sgfm.elcorteingles.es/SGFM/dctm/MEDIA02/CONTENIDOS/201411/14/00120602500462____1__600x600.jpg","price":"7,70 €","categories":["Supermercado","Desayunos Dulces y pan","Desayunos, dulces y pan","Chocolates y bombones","Bombones","SANCOSA Pedras de Santiago bombones artesanos estuche 150"],"general_information":[],"ingredients":[],"ean":"8437005025042"},{"full_name":"SANCOSA Pedras de Hércules bombones artesanos caja 260","name":"Pedras de Hércules bombones artesanos caja 260 ","brand":"SANCOSA ","img":"https://sgfm.elcorteingles.es/SGFM/dctm/MEDIA02/CONTENIDOS/201411/14/00120602600395____1__600x600.jpg","price":"17,18 €","price_unit":"(66,08 € / Kilo)","categories":["Supermercado","Desayunos Dulces y pan","Desayunos, dulces y pan","Chocolates y bombones","Bombones","SANCOSA Pedras de Hércules bombones artesanos caja 260"],"general_information":[],"ingredients":[],"ean":"8437005025417"},{"full_name":"SANCOSA Pedras de Hércules bombones artesanos estuche 200","name":"Pedras de Hércules bombones artesanos estuche 200 ","brand":"SANCOSA ","img":"https://sgfm.elcorteingles.es/SGFM/dctm/MEDIA02/CONTENIDOS/201411/14/00120602500587____1__600x600.jpg","price":"10,22 €","price_unit":"(51,10 € / Kilo)","categories":["Supermercado","Desayunos Dulces y pan","Desayunos, dulces y pan","Chocolates y bombones","Bombones","SANCOSA Pedras de Hércules bombones artesanos estuche 200"],"general_information":[],"ingredients":[],"ean":"8437005025332"},{"full_name":"GUYLIAN bombones belgas surtidos estuche 610 g","name":"bombones belgas surtidos estuche 610 g","brand":"GUYLIAN ","img":"https://sgfm.elcorteingles.es/SGFM/dctm/MEDIA03/201611/18/00120602601393____1__600x600.jpg","price":"19,99 €","price_unit":"(32,77 € / Kilo)","categories":["Supermercado","Desayunos Dulces y pan","Desayunos, dulces y pan","Chocolates y bombones","Bombones","GUYLIAN bombones belgas surtidos estuche 610 g"],"general_information":[],"ingredients":[],"ean":"5410976682011"},{"full_name":"GUYLIAN Trufflina de Luxe trufas de chocolate belga con láminas de chocolate con leche estuche 180 g","name":"Trufflina de Luxe trufas de chocolate belga con láminas de chocolate con leche estuche 180 g","brand":"GUYLIAN ","img":"https://sgfm.elcorteingles.es/SGFM/dctm/MEDIA02/CONTENIDOS/201511/03/00120602500512____2__600x600.jpg","price":"8,42 €","price_unit":"(46,78 € / Kilo)","categories":["Supermercado","Desayunos Dulces y pan","Desayunos, dulces y pan","Chocolates y bombones","Bombones","GUYLIAN Trufflina de Luxe trufas de chocolate belga con láminas de chocolate con leche estuche 180 g"],"general_information":[],"ingredients":[],"ean":"5410976539124"},{"full_name":"GUYLIAN Opus bombones belgas estuche 180 g","name":"Opus bombones belgas estuche 180 g","brand":"GUYLIAN ","img":"https://sgfm.elcorteingles.es/SGFM/dctm/MEDIA02/CONTENIDOS/201509/24/00120602601005____1__600x600.jpg","price":"8,10 €","price_unit":"(45 € / Kilo)","categories":["Supermercado","Desayunos Dulces y pan","Desayunos, dulces y pan","Chocolates y bombones","Bombones","GUYLIAN Opus bombones belgas estuche 180 g"],"general_information":[],"ingredients":[],"ean":"5410976271017"},{"full_name":"GUYLIAN bombones Frutos de Mar estuche 500","name":"bombones Frutos de Mar estuche 500 ","brand":"GUYLIAN ","img":"https://sgfm.elcorteingles.es/SGFM/dctm/MEDIA02/CONTENIDOS/201502/25/00120602600361____1__600x600.jpg","price":"21,00 €","price_unit":"(42 € / Kilo)","categories":["Supermercado","Desayunos Dulces y pan","Desayunos, dulces y pan","Chocolates y bombones","Bombones","GUYLIAN bombones Frutos de Mar estuche 500"],"general_information":[],"ingredients":[],"ean":"5410976040064"},{"full_name":"GUYLIAN bombones belgas Frutos del Mar estuche 250 g","name":"bombones belgas Frutos del Mar estuche 250 g","brand":"GUYLIAN ","img":"https://sgfm.elcorteingles.es/SGFM/00/76/4/0120602300764/0120602300764000g01011.jpg","price":"8,94 €","price_unit":"(35,76 € / Kilo)","categories":["Supermercado","Desayunos Dulces y pan","Desayunos, dulces y pan","Chocolates y bombones","Bombones","GUYLIAN bombones belgas Frutos del Mar estuche 250 g"],"general_information":[],"ingredients":[],"ean":"5410976222019"},{"full_name":"GUYLIAN bombones Frutos de Mar estuche 250 g","name":"bombones Frutos de Mar estuche 250 g","brand":"GUYLIAN ","img":"https://sgfm.elcorteingles.es/SGFM/dctm/MEDIA02/CONTENIDOS/201502/25/00120602600353____1__600x600.jpg","price":"6,38 €","price_unit":"(25,52 € / Kilo)","categories":["Supermercado","Desayunos Dulces y pan","Desayunos, dulces y pan","Chocolates y bombones","Bombones","GUYLIAN bombones Frutos de Mar estuche 250 g"],"general_information":[],"ingredients":[],"ean":"5410976140122"},{"full_name":"GUYLIAN bombones belgas I Love You estuche 105 g","name":"bombones belgas I Love You estuche 105 g","brand":"GUYLIAN ","img":"https://sgfm.elcorteingles.es/SGFM/dctm/MEDIA02/CONTENIDOS/201510/20/00120602500272____2__600x600.jpg","price":"5,40 €","price_unit":"(51,43 € / Kilo)","categories":["Supermercado","Desayunos Dulces y pan","Desayunos, dulces y pan","Chocolates y bombones","Bombones","GUYLIAN bombones belgas I Love You estuche 105 g"],"general_information":[],"ingredients":[],"ean":"5410976904014"},{"full_name":"GUYLIAN bombones frutos de mar estuche 125","name":"bombones frutos de mar estuche 125 ","brand":"GUYLIAN ","img":"https://sgfm.elcorteingles.es/SGFM/dctm/MEDIA02/CONTENIDOS/201509/24/00120602500504____2__600x600.jpg","price":"5,19 €","price_unit":"(41,52 € / Kilo)","categories":["Supermercado","Desayunos Dulces y pan","Desayunos, dulces y pan","Chocolates y bombones","Bombones","GUYLIAN bombones frutos de mar estuche 125"],"general_information":[],"ingredients":[],"ean":"5410976321019"},{"full_name":"GUYLIAN bombones belgas Classics estuche 430 g","name":"bombones belgas Classics estuche 430 g","brand":"GUYLIAN ","img":"https://sgfm.elcorteingles.es/SGFM/dctm/MEDIA03/201611/02/00120602600676____4__600x600.jpg","price":"15,09 €","price_unit":"(35,09 € / Kilo)","categories":["Supermercado","Desayunos Dulces y pan","Desayunos, dulces y pan","Chocolates y bombones","Bombones","GUYLIAN bombones belgas Classics estuche 430 g"],"general_information":[],"ingredients":[],"ean":"5410976681014"},{"full_name":"GUYLIAN Celebraciones bombones artesanales belgas 3 unidades estuche 33 g","name":"Celebraciones bombones artesanales belgas 3 unidades estuche 33 g","brand":"GUYLIAN ","img":"https://sgfm.elcorteingles.es/SGFM/dctm/MEDIA02/CONTENIDOS/201509/24/00120602400010____2__600x600.jpg","price":"1,60 €","categories":["Supermercado","Desayunos Dulces y pan","Desayunos, dulces y pan","Chocolates y bombones","Bombones","GUYLIAN Celebraciones bombones artesanales belgas 3 unidades estuche 33 g"],"general_information":[],"ingredients":[],"ean":"5410976230014"},{"full_name":"GUYLIAN Master Selection bombones belgas surtidos estuche 200 g","name":"Master Selection bombones belgas surtidos estuche 200 g","brand":"GUYLIAN ","img":"https://sgfm.elcorteingles.es/SGFM/dctm/MEDIA03/201709/14/00120602301994____1__600x600.jpg","price":"11,99 €","price_unit":"(59,95 € / Kilo)","categories":["Supermercado","Desayunos Dulces y pan","Desayunos, dulces y pan","Chocolates y bombones","Bombones","GUYLIAN Master Selection bombones belgas surtidos estuche 200 g"],"general_information":[],"ingredients":[],"ean":"5410976172017"},{"full_name":"GUYLIAN Temptations bombones belgas surtidos en caja de muñeco de nieve estuche 135 g","name":"Temptations bombones belgas surtidos en caja de muñeco de nieve estuche 135 g","brand":"GUYLIAN ","img":"https://sgfm.elcorteingles.es/SGFM/dctm/MEDIA03/201709/25/00120602401398____2__600x600.jpg","price":"5,45 €","price_unit":"(40,37 € / Kilo)","categories":["Supermercado","Desayunos Dulces y pan","Desayunos, dulces y pan","Chocolates y bombones","Bombones","GUYLIAN Temptations bombones belgas surtidos en caja de muñeco de nieve estuche 135 g"],"general_information":[],"ingredients":[],"ean":"5410976635017"},{"full_name":"GUYLIAN Temptation bombones belgas surtidos en caja árbol de Navidad estuche 96 g","name":"Temptation bombones belgas surtidos en caja árbol de Navidad estuche 96 g","brand":"GUYLIAN ","img":"https://sgfm.elcorteingles.es/SGFM/dctm/MEDIA03/201709/25/00120602401406____2__600x600.jpg","price":"3,99 €","price_unit":"(41,56 € / Kilo)","categories":["Supermercado","Desayunos Dulces y pan","Desayunos, dulces y pan","Chocolates y bombones","Bombones","GUYLIAN Temptation bombones belgas surtidos en caja árbol de Navidad estuche 96 g"],"general_information":[],"ingredients":[],"ean":"5410976637011"},{"full_name":"SORINI G. Verdi bombones lata 500 g diseños surtidos","name":"G. Verdi bombones lata 500 g","brand":"SORINI ","img":"https://sgfm.elcorteingles.es/SGFM/dctm/MEDIA03/201709/19/00120602501759____1__600x600.jpg","price":"9,99 €","price_unit":"(50,45 € / Kilo)","categories":["Supermercado","Desayunos Dulces y pan","Desayunos, dulces y pan","Chocolates y bombones","Bombones","SORINI G. Verdi bombones lata 500 g diseños surtidos"],"general_information":["Denominación del alimento: Caja Opera Verdi mixta de Pralines de Chocolate con leche rellenos de crema de cacao y de cappuccino con cereales","País de origen: Italia","Nombre del operador: Inasa Import S.L","Dirección del operador: Calle Zurbarán 7. entreplanta 4-28010 Madrid","Lugar de procedencia del alimento: Italia","Cantidad Neta: 198 g"],"ingredients":[" Azúcar, grasas vegetales - en el relleno en proporciones variables (coco, palmiste, palma), manteca de cacao, leche entera en polvo (8,2%), pasta de cacao, leche desnatada en polvo (4,3%), cacao magro en polvo (3,6%), suero lácteo en polvo, cereales (harina de maíz, harina de arroz, harina de trigo, azúcar, cacao magro en polvo, extracto de malta de cebada, sal ) 2%, café (0,3%), emulgente: lecticina de soja, aromas, Puede contener trazas de avellanas y almendras."],"conservation":" Conservar en lugar fresco y seco. No exponer al sol.","ean":"8006423465039"},{"full_name":"SORINI Bombones 1935 lata 400 g de diseños surtidos","name":"Bombones 1935 lata 400 g","brand":"SORINI ","img":"https://sgfm.elcorteingles.es/SGFM/dctm/MEDIA03/201611/10/00120602400697____1__600x600.jpg","price":"12,19 €","price_unit":"(30,48 € / Kilo)","categories":["Supermercado","Desayunos Dulces y pan","Desayunos, dulces y pan","Chocolates y bombones","Bombones","SORINI Bombones 1935 lata 400 g de diseños surtidos"],"general_information":["Denominación del alimento: Caja 1935 mixta de bombones surtidos","País de origen: Italia","Nombre del operador: Inasa Import S.L","Dirección del operador: Calle Zurbarán 7. entreplanta 4-28010 Madrid","Lugar de procedencia del alimento: Italia","Cantidad Neta: 400 g"],"ingredients":[" Azúcar, grasas vegetales en proporciones variables (coco, palmiste, palma), manteca de cacao, leche entera en polvo, pasta de cacao, leche desnatada en polvo, cacao magro en polvo, suero de leche en polvo, lactosa, cerelaes (harina de maíz, harina de arroz, harina de trigo, azúcar, cacao magro en polvo, extracto de malta de cebada, sal), café, emulgente: lecitina de soja, aromas, Puede contener trazas de almendras y avellanas,"],"conservation":" Conservar en lugar fresco y seco. No exponer al sol.","ean":"8006423464902"},{"full_name":"SORINI Cinema bombones rellenos de crema de avellanas y cereales latas con diseños surtidos lata 188 g","name":"Cinema bombones rellenos de crema de avellanas y cereales latas con diseños surtidos lata 188 g","brand":"SORINI ","img":"https://sgfm.elcorteingles.es/SGFM/dctm/MEDIA03/201603/29/00120602301721____1__600x600.jpg","price":"9,82 €","price_unit":"(52,23 € / Kilo)","categories":["Supermercado","Desayunos Dulces y pan","Desayunos, dulces y pan","Chocolates y bombones","Bombones","SORINI Cinema bombones rellenos de crema de avellanas y cereales latas con diseños surtidos lata 188 g"],"general_information":["Denominación del alimento: Caja Cinema mixta de Pralines de Chocolate con leche rellenos de crema (49%) de avellanas y cereales","País de origen: Italia","Nombre del operador: Inasa Import S.L","Dirección del operador: Calle Zurbarán 7. entreplanta 4-28010 Madrid","Lugar de procedencia del alimento: Italia","Cantidad Neta: 188 g"],"ingredients":[" Azúcar, grasas vegetales en proporciones variables (coco, palmiste, palma), manteca de cacao, leche entera en polvo, pasta de cacao, suero lacteo en polvo, cereales (harina de maíz, harina de arroz, harina de trigo, azúcar, cacao magro en polvo, extracto de malta de cebada, sal ) 4%, avellanas (2%), cacao magro en polvo, leche desnatada en polvo, emulgente: lecticina de soja, aromas, Puede contener trazas de almendras, Cacao minimo 29%,"],"conservation":" Conservar en lugar fresco y seco. No exponer al sol.","ean":"8006423460386"},{"full_name":"SORINI Be Happy bombones de chocolate con leche rellenos de crema de cacao caja 115 g","name":"Be Happy bombones de chocolate con leche rellenos de crema de cacao caja 115 g","brand":"SORINI ","img":"https://sgfm.elcorteingles.es/SGFM/dctm/MEDIA03/201603/29/00120602301713____1__600x600.jpg","price":"2,19 €","price_unit":"(19,04 € / Kilo)","categories":["Supermercado","Desayunos Dulces y pan","Desayunos, dulces y pan","Chocolates y bombones","Bombones","SORINI Be Happy bombones de chocolate con leche rellenos de crema de cacao caja 115 g"],"general_information":["Denominación del alimento: Pralines de chocolate con leche rellenos de crema (53%) de cacao Be Happy","País de origen: Italia","Nombre del operador: Inasa Import S.L","Dirección del operador: Calle Zurbarán 7. entreplanta 4-28010 Madrid","Lugar de procedencia del alimento: Italia","Cantidad Neta: 115 g"],"ingredients":[" Azúcar, grasa vegetal (coco, palmiste, palma) en el relleno en proporciones variables, manteca de cacao, cacao magro en polvo (7,2%), leche entera en polvo, pasta de cacao, suero de leche en polvo, emulgente: lecitina de soja, aromas, Puede contener trazas de avellanas, gluten y almendras,"],"conservation":" Conservar en lugar fresco y seco. No exponer al sol.","ean":"8006423302204"},{"full_name":"ALIADA chocolate negro tableta 125 g","name":"chocolate negro tableta 125 g","brand":"ALIADA ","img":"https://sgfm.elcorteingles.es/SGFM/dctm/MEDIA02/CONTENIDOS/201408/27/00120645301092____1__600x600.jpg","price":"0,90 €","price_unit":"(7,20 € / Kilo)","categories":["Supermercado","Desayunos Dulces y pan","Desayunos, dulces y pan","Chocolates y bombones","Chocolate negro","ALIADA chocolate negro tableta 125 g"],"general_information":["Denominación del alimento: Chocolate. Cacao 47% mínimo.","Nombre del operador: Elaborado para el \nGrupo El Corte Inglés\nHermosilla, 112   28009 Madrid ? España \npor CIF: A03012655","Cantidad Neta: 125 g","Número de raciones por envase: 3"],"ingredients":[" Ingredientes:\nAzúcar, pasta de cacao, manteca de cacao, emulgente: lecitina de soja, aroma (vainillina). Puede contener trazas de leche, avellanas y almendras."],"conservation":" Evitar ambientes húmedos u olores fuertes. \nAlejar de focos de calor y exposición directa al sol. \nTemparatura ideal de conservación: 16 - 20 ºC.","ean":"8433329045131"},{"full_name":"ALIADA chocolate negro 72% cacao tableta 100 g","name":"chocolate negro 72% cacao tableta 100 g","brand":"ALIADA ","img":"https://sgfm.elcorteingles.es/SGFM/dctm/MEDIA02/CONTENIDOS/201406/03/00120645301100____1__600x600.jpg","price":"0,79 €","price_unit":"(7,90 € / Kilo)","categories":["Supermercado","Desayunos Dulces y pan","Desayunos, dulces y pan","Chocolates y bombones","Chocolate negro","ALIADA chocolate negro 72% cacao tableta 100 g"],"general_information":["Denominación del alimento: Chocolate. Cacao 72% mínimo.","Nombre del operador: Elaborado para el\nGrupo El Corte Inglés\nHermosilla, 112   28009 Madrid ? España \npor CIF: A03012655","Cantidad Neta: 100 g","Número de raciones por envase: Ã  2"],"ingredients":[" Ingredientes:\nPasta de cacao, azúcar, cacao desgrasado en polvo, manteca de cacao, emulgente: lecitina de soja. Puede contener trazas de leche, avellanas y almendras."],"conservation":" Evitar ambientes húmedos u olores fuertes. \nAlejar de focos de calor y exposición directa al sol. \nTemparatura ideal de conservación: 16 - 20 ºC.","ean":"8433329045148"},{"full_name":"ALIADA chocolate negro con edulcorante sin azúcares tableta 125 g","name":"chocolate negro con edulcorante sin azúcares tableta 125 g","brand":"ALIADA ","img":"https://sgfm.elcorteingles.es/SGFM/dctm/MEDIA02/CONTENIDOS/201408/27/00120647400298____1__600x600.jpg","price":"1,30 €","price_unit":"(10,40 € / Kilo)","categories":["Supermercado","Desayunos Dulces y pan","Desayunos, dulces y pan","Chocolates y bombones","Chocolate negro","ALIADA chocolate negro con edulcorante sin azúcares tableta 125 g"],"general_information":["Denominación del alimento: Chocolate sin azúcares con edulcorante.\nUn consumo excesivo puede tener efectos laxantes\nCacao 47% mínimo.","Nombre del operador: Elaborado para el\nGrupo El Corte Inglés\nHermosilla, 112   28009 Madrid ? España \npor CIF: A03012655","Cantidad Neta: 125 g","Número de raciones por envase: 3"],"ingredients":[" Ingredientes: Edulcorante (maltitol), pasta de cacao, manteca de cacao, emulgente: lecitina de soja, aroma (vainillina). Puede contener trazas de leche,  avellanas y almendras."],"conservation":" Evitar ambientes húmedos u olores fuertes. \nAlejar de focos de calor y exposición directa al sol. \nTemparatura ideal de conservación: 16 - 20 ºC.","ean":"8433329045230"},{"full_name":"NESTLE EXTRAFINO chocolate negro sin gluten tableta 300 g","name":"chocolate negro sin gluten tableta 300 g","brand":"NESTLE EXTRAFINO ","img":"https://sgfm.elcorteingles.es/SGFM/dctm/MEDIA03/201603/07/00120643200288____1__600x600.jpg","price":"2,18 €","price_unit":"(7,27 € / Kilo)","categories":["Supermercado","Desayunos Dulces y pan","Desayunos, dulces y pan","Chocolates y bombones","Chocolate negro","NESTLE EXTRAFINO chocolate negro sin gluten tableta 300 g"],"general_information":["Denominación del alimento: Chocolate extrafino","Nombre del operador: NESTLÉ ESPAÑA, S.A.","Dirección del operador: Edificio Nestlé, 08950 Esplugues de Llobregat (Barcelona)","Cantidad Neta: 300 g"],"ingredients":[" Azúcar, cacao, manteca de cacao, emulgente (lecitina de girasol), aroma natural de vainilla. Puede contener frutos secos y leche. Cacao 49% mínimo."],"conservation":" Conservar en lugar fresco y seco.","ean":"8410100036021"},{"full_name":"NESTLE EXTRAFINO chocolate negro sin gluten tableta 125 g","name":"chocolate negro sin gluten tableta 125 g","brand":"NESTLE EXTRAFINO ","img":"https://sgfm.elcorteingles.es/SGFM/dctm/MEDIA03/201609/08/00120645301282____4__600x600.jpg","price":"1,20 €","price_unit":"(9,60 € / Kilo)","categories":["Supermercado","Desayunos Dulces y pan","Desayunos, dulces y pan","Chocolates y bombones","Chocolate negro","NESTLE EXTRAFINO chocolate negro sin gluten tableta 125 g"],"general_information":["Denominación del alimento: Chocolate extrafino","Nombre del operador: NESTLÉ ESPAÑA, S.A.","Dirección del operador: Edificio Nestlé. 08950 Esplugues de Llobregat (Barcelona).","Cantidad Neta: 125 g","Número de raciones por envase: 7"],"ingredients":[" Azúcar, cacao, manteca de cacao, emulgente (lecitina de girasol), aroma natural de vainilla. Puede contener frutos secos y leche. Cacao: 49% mínimo"],"conservation":" Conservar en lugar fresco y seco.","ean":"7613035314375"},{"full_name":"NESTLE chocolate negro sin azúcar tableta 125 g","name":"chocolate negro sin azúcar tableta 125 g","brand":"NESTLE ","img":"https://sgfm.elcorteingles.es/SGFM/00/10/4/0200247400104/0200247400104000g01011.jpg","price":"1,67 €            ","price_unit":"(11,60 € / Kilo)","categories":["Supermercado","Desayunos Dulces y pan","Desayunos, dulces y pan","Chocolates y bombones","Chocolate negro","NESTLE chocolate negro sin azúcar tableta 125 g"],"general_information":["Denominación del alimento: Chocolate con edulcorante","Nombre del operador: Nestlé España, S.A.","Dirección del operador: Edificio Nestlé 08950 Esplugues de Llobregat (Barcelona)","Cantidad Neta: 125 g","Otras menciones obligatorias en la etiqueta: Un consumo excesivo puede tener efectos laxantes."],"ingredients":[" Ingredientes: Edulcorante (maltitol), manteca de cacao, cacao, grasa láctea , emulgente (lecitina de girasol), extracto de vainilla. Puede contener frutos secos . Cacao: 47% mínimo"],"conservation":" Conservar en lugar fresco y seco","ean":"8410100030883"},{"full_name":"NESTLE DOLCA chocolate negro tableta 125 g","name":"chocolate negro tableta 125 g","brand":"NESTLE DOLCA ","img":"https://sgfm.elcorteingles.es/SGFM/dctm/MEDIA03/201603/07/00120645300276____2__600x600.jpg","price":"0,79 €","price_unit":"(6,32 € / Kilo)","categories":["Supermercado","Desayunos Dulces y pan","Desayunos, dulces y pan","Chocolates y bombones","Chocolate negro","NESTLE DOLCA chocolate negro tableta 125 g"],"general_information":["Denominación del alimento: Chocolate negro","Nombre del operador: Nestlé España, S.A.","Dirección del operador: Edificio Nestlé. 08950 Esplugues de Llobregat (Barcelona)","Cantidad Neta: 125 g"],"ingredients":[" Azúcar, cacao, manteca de cacao, emulgente (lecitina de girasol), aroma natural de vainilla. Puede contener frutos secos y leche. Cacao 44% mínimo."],"conservation":" Conservar en lugar fresco y seco","ean":"8410100036618"},{"full_name":"NESTLE chocolate negro extrafino 70% de cacao tableta 120 g","name":"chocolate negro extrafino 70% de cacao tableta 120 g","brand":"NESTLE ","img":"https://sgfm.elcorteingles.es/SGFM/dctm/MEDIA02/CONTENIDOS/201508/27/00200245301213____1__600x600.jpg","price":"1,65 €","price_unit":"(13,75 € / Kilo)","categories":["Supermercado","Desayunos Dulces y pan","Desayunos, dulces y pan","Chocolates y bombones","Chocolate negro","NESTLE chocolate negro extrafino 70% de cacao tableta 120 g"],"general_information":["Denominación del alimento: Chocolate negro","Nombre del operador: Nestlé España, S.A.","Dirección del operador: Edificio Nestlé 08950 Esplugues de Llobregat (Barcelona)","Cantidad Neta: 120 g","Número de raciones por envase: 6","Otras menciones obligatorias en la etiqueta: SIN AROMAS ARTIFICIALES"],"ingredients":[" Cacao, azúcar, manteca de cacao, grasa láctea, aroma natural de vainilla. Cacao: 70% mínimo Puede contener frutos secos ."],"conservation":" Conservar en lugar fresco y seco","ean":"7613035310506"},{"full_name":"NESTLE LES RECETTES DE L'ATELIER Nº 1 chocolate negro 70% cacao afrutado Costa de Marfil Ghana y Ecuador tableta 100 g","name":"Nº 1 chocolate negro 70% cacao afrutado Costa de Marfil Ghana y Ecuador tableta 100 g","brand":"NESTLE LES RECETTES DE L'ATELIER ","img":"https://sgfm.elcorteingles.es/SGFM/dctm/MEDIA03/201710/04/00120645301662____1__600x600.jpg","price":"2,20 €","price_unit":"(22 € / Kilo)","categories":["Supermercado","Desayunos Dulces y pan","Desayunos, dulces y pan","Chocolates y bombones","Chocolate negro","NESTLE LES RECETTES DE L'ATELIER Nº 1 chocolate negro 70% cacao afrutado Costa de Marfil Ghana y Ecuador tableta 100 g"],"general_information":["Denominación del alimento: Chocolate negro","Nombre del operador: Nestlé España, S.A.","Dirección del operador: Nestlé España S. A. Edificio Nestlé 08950 Esplugues de Llobregat (Barcelona)","Cantidad Neta: 100 g"],"ingredients":[" Cacao, azúcar, manteca de cacao, grasa láctea, extracto de vainilla. Puede contener huevo, gluten, frutos secos. Cacao: 70% mínimo."],"conservation":" Conservar en lugar limpio, fresco y seco","ean":"7613036203968"},{"full_name":"NESTLE LES RECETTES DE L'ATELIER Nº 3 chocolate negro 78% cacao floral de origen puro Ecuador tableta 100 g","name":"Nº 3 chocolate negro 78% cacao floral de origen puro Ecuador tableta 100 g","brand":"NESTLE LES RECETTES DE L'ATELIER ","img":"https://sgfm.elcorteingles.es/SGFM/dctm/MEDIA03/201710/04/00120645301670____1__600x600.jpg","price":"2,20 €","price_unit":"(22 € / Kilo)","categories":["Supermercado","Desayunos Dulces y pan","Desayunos, dulces y pan","Chocolates y bombones","Chocolate negro","NESTLE LES RECETTES DE L'ATELIER Nº 3 chocolate negro 78% cacao floral de origen puro Ecuador tableta 100 g"],"general_information":["Denominación del alimento: Chocolate negro","Nombre del operador: Nestlé España, S.A.","Dirección del operador: Nestlé España S. A. Edificio Nestlé 08950 Esplugues de Llobregat (Barcelona)","Cantidad Neta: 100 g"],"ingredients":[" Cacao, azúcar, manteca de cacao, extracto de vainilla. Puede contener huevo, gluten, leche y frutos secos. Cacao: 78% mínimo."],"conservation":" Conservar en lugar limpio, fresco y seco","ean":"7613036203999"},{"full_name":"NESTLE LES RECETTES DE L'ATELIER chocolate negro con naranja confitada tableta 115 g","name":"chocolate negro con naranja confitada tableta 115 g","brand":"NESTLE LES RECETTES DE L'ATELIER ","img":"https://sgfm.elcorteingles.es/SGFM/dctm/MEDIA03/201710/04/00120643000951____1__600x600.jpg","price":"2,20 €","price_unit":"(19,13 € / Kilo)","categories":["Supermercado","Desayunos Dulces y pan","Desayunos, dulces y pan","Chocolates y bombones","Chocolate negro","NESTLE LES RECETTES DE L'ATELIER chocolate negro con naranja confitada tableta 115 g"],"general_information":["Denominación del alimento: Chocolate negro con trocitos de piel de naranja","Nombre del operador: Nestlé España, S.A.","Dirección del operador: Nestlé España S. A. Edificio Nestlé 08950 Esplugues de Llobregat (Barcelona)","Cantidad Neta: 115 g"],"ingredients":[" Cacao, azúcar, piel de naranja 10% (piel de naranja, azúcar, jarabe de glucosa-fructosa, acidulante ácido cítrico), grasa láctea, emulgente lecitina de girasol, manteca de cacao, extracto de vainilla. Puede contener huevo, gluten y frutos secos. Cacao: 54% mínimo."],"conservation":" Conservar en lugar limpio, fresco y seco","ean":"7613036209359"},{"full_name":"NESTLE LES RECETTES DE L'ATELIER chocolate negro con almendras tostadas tableta 115 g","name":"chocolate negro con almendras tostadas tableta 115 g","brand":"NESTLE LES RECETTES DE L'ATELIER ","img":"https://sgfm.elcorteingles.es/SGFM/dctm/MEDIA03/201710/04/00200243000858____1__600x600.jpg","price":"2,20 €","price_unit":"(19,13 € / Kilo)","categories":["Supermercado","Desayunos Dulces y pan","Desayunos, dulces y pan","Chocolates y bombones","Chocolate negro","NESTLE LES RECETTES DE L'ATELIER chocolate negro con almendras tostadas tableta 115 g"],"general_information":["Denominación del alimento: Chocolate negro y almendras","Nombre del operador: Nestlé España, S.A.","Dirección del operador: Nestlé España S. A. Edificio Nestlé 08950 Esplugues de Llobregat (Barcelona)","Cantidad Neta: 115 g"],"ingredients":[" Cacao, azúcar, almendras (7,8%), grasa láctea, emulgente lecitina de girasol, manteca de cacao, extracto de vainilla. Puede contener otros frutos secos, huevo y gluten. Cacao: 54% mínimo."],"conservation":" Conservar en lugar limpio, fresco y seco","ean":"7613036209120"},{"full_name":"NESTLE LES RECETTES DE L'ATELIER chocolate negro con caramelo al punto de sal tableta 115 g","name":"chocolate negro con caramelo al punto de sal tableta 115 g","brand":"NESTLE LES RECETTES DE L'ATELIER ","img":"https://sgfm.elcorteingles.es/SGFM/dctm/MEDIA03/201710/04/00200243000841____1__600x600.jpg","price":"2,20 €","price_unit":"(19,13 € / Kilo)","categories":["Supermercado","Desayunos Dulces y pan","Desayunos, dulces y pan","Chocolates y bombones","Chocolate negro","NESTLE LES RECETTES DE L'ATELIER chocolate negro con caramelo al punto de sal tableta 115 g"],"general_information":["Denominación del alimento: Chocolate negro con trocitos de caramelo","Nombre del operador: Nestlé España, S.A.","Dirección del operador: Nestlé España S. A. Edificio Nestlé 08950 Esplugues de Llobregat (Barcelona)","Cantidad Neta: 115 g"],"ingredients":[" Cacao, azúcar, caramelo salado (10%) (azúcar, nata, leche en polvo, sal, manteca de cacao, suero de leche en polvo, aroma natural de vainilla), grasa láctea, emulgente lecitina de girasol, manteca de cacao, extracto de vainilla. Puede contener huevo, gluten y frutos secos. Cacao: 54% mínimo."],"conservation":" Conservar en lugar limpio, fresco y seco","ean":"7613036209090"},{"full_name":"LINDT EXCELLENCE chocolate negro 70% cacao 4 tabletas en lata exclusiva 400 g","name":"chocolate negro 70% cacao 4 tabletas en lata exclusiva  400 g","brand":"LINDT EXCELLENCE ","img":"https://sgfm.elcorteingles.es/SGFM/dctm/MEDIA03/201705/31/00120645301571____1__600x600.jpg","price":"8,40 €","price_unit":"(21 € / Kilo)","categories":["Supermercado","Desayunos Dulces y pan","Desayunos, dulces y pan","Chocolates y bombones","Chocolate negro","LINDT EXCELLENCE chocolate negro 70% cacao 4 tabletas en lata exclusiva 400 g"],"general_information":[],"ingredients":[],"ean":"8410117618678"},{"full_name":"LINDT EXCELLENCE chocolate negro 70 % cacao pack 2 tabletas 100 g","name":"chocolate negro 70 % cacao pack 2 tabletas 100 g","brand":"LINDT EXCELLENCE ","img":"https://sgfm.elcorteingles.es/SGFM/00/87/0/0120645300870/0120645300870000g01011.jpg","price":"4,42 €            ","price_unit":"(21,70 € / Kilo)","categories":["Supermercado","Desayunos Dulces y pan","Desayunos, dulces y pan","Chocolates y bombones","Chocolate negro","LINDT EXCELLENCE chocolate negro 70 % cacao pack 2 tabletas 100 g"],"general_information":["Denominación del alimento: Chocolate","País de origen: Francia","Nombre del operador: Lindt & Sprüngli","Dirección del operador: C/ Marina 16-18 Torre Mapfre, P39. 08005 (Barcelona)","Cantidad Neta: 200 g"],"ingredients":[" Azúcar, pasta de cacao, manteca de cacao, vaina de vainilla Bourbon. Puede contener frutos de cáscaras, leche, soja, granos de sésamo y trigo. Cacao 70% mínimo"],"conservation":" Conservar en lugar fresco y seco","ean":"3046920028219"},{"full_name":"LINDT EXCELLENCE chocolate negro 70 % cacao pack 2 tabletas 100 g con regalo de Lindt Excellence chocolate negro con sésamo tableta 100 g","name":"chocolate negro 70 % cacao pack 2 tabletas 100 g","brand":"LINDT EXCELLENCE ","img":"https://sgfm.elcorteingles.es/SGFM/dctm/MEDIA03/201709/25/00120645301589____1__600x600.jpg","price":"4,58 €","price_unit":"(15,27 € / Kilo)","categories":["Supermercado","Desayunos Dulces y pan","Desayunos, dulces y pan","Chocolates y bombones","Chocolate negro","LINDT EXCELLENCE chocolate negro 70 % cacao pack 2 tabletas 100 g con regalo de Lindt Excellence chocolate negro con sésamo tableta 100 g"],"general_information":[],"ingredients":[],"ean":"8410117617411"},{"full_name":"LINDT EXCELLENCE chocolate negro 85 % cacao pack 2 tabletas 100 g","name":"chocolate negro 85 % cacao pack 2 tabletas  100 g","brand":"LINDT EXCELLENCE ","img":"https://sgfm.elcorteingles.es/SGFM/dctm/MEDIA03/201609/14/00120645301431____1__600x600.jpg","price":"4,55 €","price_unit":"(22,75 € / Kilo)","categories":["Supermercado","Desayunos Dulces y pan","Desayunos, dulces y pan","Chocolates y bombones","Chocolate negro","LINDT EXCELLENCE chocolate negro 85 % cacao pack 2 tabletas 100 g"],"general_information":[],"ingredients":[],"ean":"3046920032155"},{"full_name":"LINDT EXCELLENCE Orange Intense chocolate negro con trocitos de naranja pack 2 tabletas 100 g","name":"Orange Intense chocolate negro con trocitos de naranja pack 2 tabletas 100 g","brand":"LINDT EXCELLENCE ","img":"https://sgfm.elcorteingles.es/SGFM/00/88/8/0120645300888/0120645300888000g01011.jpg","price":"4,63 €            ","price_unit":"(21,90 € / Kilo)","categories":["Supermercado","Desayunos Dulces y pan","Desayunos, dulces y pan","Chocolates y bombones","Chocolate negro","LINDT EXCELLENCE Orange Intense chocolate negro con trocitos de naranja pack 2 tabletas 100 g"],"general_information":["Denominación del alimento: Chocolate","País de origen: Francia","Nombre del operador: Lindt & Sprüngli","Dirección del operador: C/ Marina 16-18 Torre Mapfre, P39. 08005 (Barcelona)","Cantidad Neta: 200 g"],"ingredients":[" Azúcar, pasta de cacao, almendras (6%), manteca de cacao, grasa láctea anhidra, naranja (2%), manzana, piña, emulgente (lecitina de soja), aroma natural de naranja, acidulante (ácido cítrico), espesantes (alginato de sodio, ortofosfato cálcico), aroma (vainilla). Puede contener trigo, granos de sésamo y otros frutos de cáscaras. Cacao: 47% mínimo."],"conservation":" Conservar en lugar fresco y seco","ean":"3046920028103"},{"full_name":"LINDT EXCELLENCE chocolate negro 70 % cacao tableta 100 g","name":"chocolate negro 70 % cacao tableta 100 g","brand":"LINDT EXCELLENCE ","img":"https://sgfm.elcorteingles.es/SGFM/00/30/0/0120645300300/0120645300300000g01011.jpg","price":"2,18 €","price_unit":"(21,80 € / Kilo)","categories":["Supermercado","Desayunos Dulces y pan","Desayunos, dulces y pan","Chocolates y bombones","Chocolate negro","LINDT EXCELLENCE chocolate negro 70 % cacao tableta 100 g"],"general_information":["Denominación del alimento: Chocolate","País de origen: Francia","Nombre del operador: Lindt & Sprüngli","Dirección del operador: C/ Marina 16-18 Torre Mapfre, P39. 08005 (Barcelona)","Cantidad Neta: 100 g"],"ingredients":[" Azúcar, pasta de cacao, manteca de cacao, vaina de vainilla Bourbon. Puede contener frutos de cáscaras, leche, soja, granos de sésamo y trigo. Cacao 70% mínimo"],"conservation":" Conservar en lugar fresco y seco","ean":"3046920028004"},{"full_name":"LINDT EXCELLENCE chocolate negro 78% cacao tableta 100 g","name":"chocolate negro 78% cacao tableta 100 g","brand":"LINDT EXCELLENCE ","img":"https://sgfm.elcorteingles.es/SGFM/dctm/MEDIA03/201704/24/00120645301522____1__600x600.jpg","price":"2,39 €","price_unit":"(23,90 € / Kilo)","categories":["Supermercado","Desayunos Dulces y pan","Desayunos, dulces y pan","Chocolates y bombones","Chocolate negro","LINDT EXCELLENCE chocolate negro 78% cacao tableta 100 g"],"general_information":["Denominación del alimento: Chocolate","País de origen: Alemania","Nombre del operador: Lindt & Sprüngli","Dirección del operador: C/ Marina 16-18 Torre Mapfre, P39. 08005 (Barcelona)","Cantidad Neta: 100 g"],"ingredients":[" Ingredientes: pasta de cacao, manteca de cacao, azúcar, cacao magro, grasa láctea anhidra. Puede contener frutos de cáscara, soja, granos de sésamo y trigo.Cacao: 78% mínimo."],"conservation":" Conservar en lugar fresco y seco","ean":"3046920010047"},{"full_name":"LINDT EXCELLENCE Suave chocolate negro 70% cacao tableta 100 g","name":"Suave chocolate negro 70% cacao tableta 100 g","brand":"LINDT EXCELLENCE ","img":"https://sgfm.elcorteingles.es/SGFM/00/81/3/0120645300813/0120645300813000g01011.jpg","price":"2,19 €","price_unit":"(21,90 € / Kilo)","categories":["Supermercado","Desayunos Dulces y pan","Desayunos, dulces y pan","Chocolates y bombones","Chocolate negro","LINDT EXCELLENCE Suave chocolate negro 70% cacao tableta 100 g"],"general_information":["Denominación del alimento: Chocolate","País de origen: Alemania","Nombre del operador: Lindt & Sprüngli","Dirección del operador: C/ Marina 16-18 Torre Mapfre, P39. 08005 (Barcelona)","Cantidad Neta: 100 g"],"ingredients":[" Pasta de cacao, manteca de cacao, cacao magro en polvo, azúcar, vainilla. Puede contener frutos de cáscaras, leche. Cacao 70% mínimo."],"conservation":" Conservar en lugar fresco y seco","ean":"3046920029780"},{"full_name":"LINDT EXCELLENCE hocolate negro 85 % cacao pack 5 tabletas 100 g","name":"hocolate negro 85 % cacao pack 5 tabletas 100 g","brand":"LINDT EXCELLENCE ","img":"https://sgfm.elcorteingles.es/SGFM/dctm/MEDIA03/201705/09/00120645301555____1__600x600.jpg","price":"11,95 €","price_unit":"(23,90 € / Kilo)","categories":["Supermercado","Desayunos Dulces y pan","Desayunos, dulces y pan","Chocolates y bombones","Chocolate negro","LINDT EXCELLENCE hocolate negro 85 % cacao pack 5 tabletas 100 g"],"general_information":["Denominación del alimento: Chocolate","País de origen: Francia","Nombre del operador: Lindt & Sprüngli","Dirección del operador: C/ Marina 16-18 Torre Mapfre, P39. 08005 (Barcelona)","Cantidad Neta: 500 g"],"ingredients":[" Pasta de cacao, cacao magro, manteca de cacao, azúcar moreno de caña, vaina de vainilla Bourbon. Puede contener granos de sésamo, leche, soja y frutos de cáscaras. Cacao: 85% mínimo."],"conservation":" Conservar en lugar fresco y seco","ean":"8410117609133"},{"full_name":"LINDT EXCELLENCE chocolate negro 85% cacao tableta 100 g","name":"chocolate negro 85% cacao tableta 100 g","brand":"LINDT EXCELLENCE ","img":"https://sgfm.elcorteingles.es/SGFM/00/26/8/0120645300268/0120645300268000g01011.jpg","price":"2,30 €","price_unit":"(23 € / Kilo)","categories":["Supermercado","Desayunos Dulces y pan","Desayunos, dulces y pan","Chocolates y bombones","Chocolate negro","LINDT EXCELLENCE chocolate negro 85% cacao tableta 100 g"],"general_information":["Denominación del alimento: Chocolate","País de origen: Francia","Nombre del operador: Lindt & Sprüngli","Dirección del operador: C/ Marina 16-18 Torre Mapfre, P39. 08005 (Barcelona)","Cantidad Neta: 100 g"],"ingredients":[" Pasta de cacao, cacao magro, manteca de cacao, azúcar moreno de caña, vaina de vainilla Bourbon. Puede contener granos de sésamo, leche, soja y frutos de cáscaras. Cacao: 85% mínimo."],"conservation":" Conservar en lugar fresco y seco","ean":"3046920028363"},{"full_name":"LINDT EXCELLENCE chocolate negro 90% cacao tableta 100 g","name":"chocolate negro 90% cacao tableta 100 g","brand":"LINDT EXCELLENCE ","img":"https://sgfm.elcorteingles.es/SGFM/00/66/0/0200245300660/0200245300660000g01011.jpg","price":"2,41 €","price_unit":"(24,10 € / Kilo)","categories":["Supermercado","Desayunos Dulces y pan","Desayunos, dulces y pan","Chocolates y bombones","Chocolate negro","LINDT EXCELLENCE chocolate negro 90% cacao tableta 100 g"],"general_information":["Denominación del alimento: Chocolate","País de origen: Alemania","Nombre del operador: Lindt & Sprüngli","Dirección del operador: C/ Marina 16-18 Torre Mapfre, P39. 08005 (Barcelona)","Cantidad Neta: 100 g"],"ingredients":[" Pasta de cacao, manteca de cacao, cacao magro en polvo, azúcar, vainilla. Puede contener almendras, avellanas, leche, soja. Cacao 90% mínimo."],"conservation":" Conservar en lugar fresco y seco","ean":"3046920029759"},{"full_name":"LINDT EXCELLENCE chocolate negro 99% cacao tableta 50 g","name":"chocolate negro 99% cacao tableta 50 g","brand":"LINDT EXCELLENCE ","img":"https://sgfm.elcorteingles.es/SGFM/00/33/4/0120645300334/0120645300334000g01011.jpg","price":"2,76 €","price_unit":"(55,20 € / Kilo)","categories":["Supermercado","Desayunos Dulces y pan","Desayunos, dulces y pan","Chocolates y bombones","Chocolate negro","LINDT EXCELLENCE chocolate negro 99% cacao tableta 50 g"],"general_information":["Denominación del alimento: Chocolate","País de origen: Francia","Nombre del operador: Lindt & Sprüngli","Dirección del operador: C/ Marina 16-18 Torre Mapfre, P39. 08005 (Barcelona)","Cantidad Neta: 50 g"],"ingredients":[" Pasta de cacao, cacao magro, manteca de cacao, azúcar moreno de caña. Puede contener frutos de cáscaras, leche y soja. Cacao: 99% mínimo."],"conservation":" Conservar en lugar fresco y seco","ean":"3046920028721"},{"full_name":"LINDT EXCELLENCE chocolate negro con chili tableta 100 g","name":"chocolate negro con chili tableta 100 g","brand":"LINDT EXCELLENCE ","img":"https://sgfm.elcorteingles.es/SGFM/00/54/0/0120645300540/0120645300540000g01011.jpg","price":"2,34 €","price_unit":"(23,40 € / Kilo)","categories":["Supermercado","Desayunos Dulces y pan","Desayunos, dulces y pan","Chocolates y bombones","Chocolate negro","LINDT EXCELLENCE chocolate negro con chili tableta 100 g"],"general_information":["Denominación del alimento: Chocolate","País de origen: Suiza","Nombre del operador: Lindt & Sprüngli","Dirección del operador: C/ Marina 16-18 Torre Mapfre, P39. 08005 (Barcelona)","Cantidad Neta: 100 g"],"ingredients":[" Azúcar, pasta de cacao, manteca de cacao, grasa láctea anhidra, emulgente (lecitina de soja), extracto de guindilla, aromas. Puede contener avellanas, almendras, leche. Cacao: 48% mínimo"],"conservation":" Conservar en lugar fresco y seco","ean":"7610400070577"},{"full_name":"LINDT EXCELLENCE chocolate negro menta intensa tableta 100 g","name":"chocolate negro menta intensa tableta 100 g","brand":"LINDT EXCELLENCE ","img":"https://sgfm.elcorteingles.es/SGFM/00/50/8/0120645300508/0120645300508000g01011.jpg","price":"2,34 €","price_unit":"(23,40 € / Kilo)","categories":["Supermercado","Desayunos Dulces y pan","Desayunos, dulces y pan","Chocolates y bombones","Chocolate negro","LINDT EXCELLENCE chocolate negro menta intensa tableta 100 g"],"general_information":["Denominación del alimento: Chocolate","País de origen: Francia","Nombre del operador: Lindt & Sprüngli","Dirección del operador: C/ Marina 16-18 Torre Mapfre, P39. 08005 (Barcelona)","Cantidad Neta: 100 g"],"ingredients":[" Azúcar, pasta de cacao, manteca de cacao, grasa láctea anhidra, emulgente (lecitina de soja), aroma natural (aceite esencial de menta piperita), aroma (vainilla). Puede contener trigo, granos de sésamo y frutos de cáscaras. Cacao: 47% mínimo"],"conservation":" Conservar en lugar fresco y seco","ean":"3046920028752"},{"full_name":"LINDT EXCELLENCE chocolate negro con caramelo y flor de sal tableta 100 g","name":"chocolate negro con caramelo y flor de sal tableta 100 g","brand":"LINDT EXCELLENCE ","img":"https://sgfm.elcorteingles.es/SGFM/dctm/MEDIA03/201704/24/00120643000811____1__600x600.jpg","price":"2,29 €","price_unit":"(22,90 € / Kilo)","categories":["Supermercado","Desayunos Dulces y pan","Desayunos, dulces y pan","Chocolates y bombones","Chocolate negro","LINDT EXCELLENCE chocolate negro con caramelo y flor de sal tableta 100 g"],"general_information":[],"ingredients":[],"ean":"3046920027281"},{"full_name":"LINDT EXCELLENCE chocolate negro con naranja y almendras laminadas tableta 100 g","name":"chocolate negro con naranja y almendras laminadas tableta 100 g","brand":"LINDT EXCELLENCE ","img":"https://sgfm.elcorteingles.es/SGFM/00/42/5/0120645300425/0120645300425000g01011.jpg","price":"2,34 €","price_unit":"(23,40 € / Kilo)","categories":["Supermercado","Desayunos Dulces y pan","Desayunos, dulces y pan","Chocolates y bombones","Chocolate negro","LINDT EXCELLENCE chocolate negro con naranja y almendras laminadas tableta 100 g"],"general_information":["Denominación del alimento: Chocolate","País de origen: Francia","Nombre del operador: Lindt & Sprüngli","Dirección del operador: C/ Marina 16-18 Torre Mapfre, P39. 08005 (Barcelona)","Cantidad Neta: 100 g"],"ingredients":[" Azúcar, pasta de cacao, almendras (6%), manteca de cacao, grasa láctea anhidra, naranja (2%), manzana, piña, emulgente (lecitina de soja), aroma natural de naranja, acidulante (ácido cítrico), espesantes (alginato de sodio, ortofosfato cálcico), aroma (vainilla). Puede contener trigo, granos de sésamo y otros frutos de cáscaras. Cacao: 47% mínimo."],"conservation":" Conservar en lugar fresco y seco","ean":"3046920028370"},{"full_name":"LINDT EXCELLENCE chocolate negro con trocitos de fresa tableta 100 g","name":"chocolate negro con trocitos de fresa tableta 100 g","brand":"LINDT EXCELLENCE ","img":"https://sgfm.elcorteingles.es/SGFM/00/90/4/0120645300904/0120645300904000g01011.jpg","price":"2,34 €","price_unit":"(23,40 € / Kilo)","categories":["Supermercado","Desayunos Dulces y pan","Desayunos, dulces y pan","Chocolates y bombones","Chocolate negro","LINDT EXCELLENCE chocolate negro con trocitos de fresa tableta 100 g"],"general_information":["Denominación del alimento: Chocolate","País de origen: Alemania","Nombre del operador: Lindt & Sprüngli","Dirección del operador: C/ Marina 16-18 Torre Mapfre, P39. 08005 (Barcelona)","Cantidad Neta: 100 g"],"ingredients":[" Azúcar, pasta de cacao, manteca de cacao, grasa láctea anhidra, fresa liofilizada (1%), aroma natural, emulgente (lecitina de soja), aroma (vainilla). Puede contener granos de sésamo y frutos de cáscaras. Cacao: 47% mínimo."],"conservation":" Conservar en lugar fresco y seco","ean":"3046920027458"},{"full_name":"LINDT EXCELLENCE chocolate negro suave con limón intenso tableta 100 g","name":"chocolate negro suave con limón intenso tableta 100 g","brand":"LINDT EXCELLENCE ","img":"https://sgfm.elcorteingles.es/SGFM/dctm/MEDIA02/CONTENIDOS/201506/01/00120645301266____1__600x600.jpg","price":"2,17 €","price_unit":"(21,70 € / Kilo)","categories":["Supermercado","Desayunos Dulces y pan","Desayunos, dulces y pan","Chocolates y bombones","Chocolate negro","LINDT EXCELLENCE chocolate negro suave con limón intenso tableta 100 g"],"general_information":["Denominación del alimento: Chocolate","País de origen: Francia","Nombre del operador: Lindt & Sprüngli","Dirección del operador: C/ Marina 16-18 Torre Mapfre, P39. 08005 (Barcelona)","Cantidad Neta: 100 g"],"ingredients":[" Chocolate negro con Lima .Ingredientes:Azúcar, pasta de cacao, manteca de cacao, grasa láctea anhidra, lima liofilizada (1%),corteza de lima(40%), aroma natural de limón, emulgente (lecitina de soja), aroma (vainilla).Puede contener granos de sésamo, trigo y frutos de cáscara. Cacao 47% mínimo"],"conservation":" Conservar en lugar fresco y seco","ean":"3046920017541"},{"full_name":"LINDT EXCELLENCE chocolate negro suave con un toque de flor de sal tableta 100 g","name":"chocolate negro suave con un toque de flor de sal tableta 100 g","brand":"LINDT EXCELLENCE ","img":"https://sgfm.elcorteingles.es/SGFM/00/70/6/0120645300706/0120645300706000g01011.jpg","price":"2,34 €","price_unit":"(23,40 € / Kilo)","categories":["Supermercado","Desayunos Dulces y pan","Desayunos, dulces y pan","Chocolates y bombones","Chocolate negro","LINDT EXCELLENCE chocolate negro suave con un toque de flor de sal tableta 100 g"],"general_information":["Denominación del alimento: Chocolate","País de origen: Alemania","Nombre del operador: Lindt & Sprüngli","Dirección del operador: C/ Marina 16-18 Torre Mapfre, P39. 08005 (Barcelona)","Cantidad Neta: 100 g"],"ingredients":[" Azúcar, pasta de cacao, manteca de cacao, grasa láctea anhidra, emulgente (lecitina de soja), flor de sal (0.3%), aroma vainilla). Puede contener granos de avellanas, otros frutos de cáscara, leche. Fracción de chocolate negro contiene cacao 47% mínimo."],"conservation":" Conservar en lugar fresco y seco","ean":"3046920029674"},{"full_name":"LINDT EXCELLENCE chocolate negro suave con sésamo tostado al punto tableta 100 g","name":"chocolate negro suave con sésamo tostado al punto tableta 100 g","brand":"LINDT EXCELLENCE ","img":"https://sgfm.elcorteingles.es/SGFM/dctm/MEDIA02/CONTENIDOS/201601/12/00120643000662____1__600x600.jpg","price":"2,29 €","price_unit":"(22,90 € / Kilo)","categories":["Supermercado","Desayunos Dulces y pan","Desayunos, dulces y pan","Chocolates y bombones","Chocolate negro","LINDT EXCELLENCE chocolate negro suave con sésamo tostado al punto tableta 100 g"],"general_information":["Denominación del alimento: Chocolate","País de origen: Francia","Nombre del operador: Lindt & Sprüngli","Dirección del operador: C/ Marina 16-18 Torre Mapfre, P39. 08005 (Barcelona)","Cantidad Neta: 100 g"],"ingredients":[" Ingredientes: azúcar, pasta de cacao, granos de sésamo caramelizados (granos de sésamo, azúcar) 15%, manteca de cacao, grasa láctea anhidra, emulgente (lecitina de soja), aroma (vainilla). Puede contener trigo y frutos de cáscara. Cacao 47% mínimo."],"conservation":" Conservar en lugar fresco y seco","ean":"3046920017503"},{"full_name":"LINDT LINDOR chocolate extra negro 60% cacao tableta 100 g","name":"chocolate extra negro 60% cacao tableta 100 g","brand":"LINDT LINDOR ","img":"https://sgfm.elcorteingles.es/SGFM//01/02/7/0120647201027/0120647201027000g01011.jpg","price":"1,83 €","price_unit":"(18,30 € / Kilo)","categories":["Supermercado","Desayunos Dulces y pan","Desayunos, dulces y pan","Chocolates y bombones","Chocolate negro","LINDT LINDOR chocolate extra negro 60% cacao tableta 100 g"],"general_information":["Denominación del alimento: Chocolate","País de origen: Suiza","Nombre del operador: Lindt & Sprüngli","Dirección del operador: C/ Marina 16-18 Torre Mapfre, P39. 08005 (Barcelona)","Cantidad Neta: 100 g","Número de raciones por envase: 18"],"ingredients":[" Pasta de cacao, azúcar, grasas vegetales (coco, palmiste), manteca de cacao, grasa láctea anhidra, leche en polvo, lactosa, emulgente (lecitina de soja), leche desnatada en polvo, vainilla, aromas, extracto de malta de cebada. Puede contener avellanas, almendras."],"conservation":" Conservar en lugar fresco y seco","ean":"7610400078641"},{"full_name":"LINDT chocolate negro suave 52% cacao tableta 125 g","name":"chocolate negro suave 52% cacao tableta 125 g","brand":"LINDT ","img":"https://sgfm.elcorteingles.es/SGFM/00/29/2/0120645300292/0120645300292000g01011.jpg","price":"1,90 €","price_unit":"(15,20 € / Kilo)","categories":["Supermercado","Desayunos Dulces y pan","Desayunos, dulces y pan","Chocolates y bombones","Chocolate negro","LINDT chocolate negro suave 52% cacao tableta 125 g"],"general_information":["Denominación del alimento: Chocolate","País de origen: Francia","Nombre del operador: Lindt & Sprüngli","Dirección del operador: C/ Marina 16-18 Torre Mapfre, P39. 08005 (Barcelona)","Cantidad Neta: 125 g"],"ingredients":[" Pasta de cacao, azúcar, manteca de cacao, emulgente (lecitina de soja), aroma (vainilla). Puede contener frutos de cáscara, trigo y leche. Cacao 52% mínimo"],"conservation":" Conservar en lugar fresco y seco","ean":"8410117000060"},{"full_name":"LINDT chocolate negro sin azúcares añadidos y sin gluten tableta 100 g","name":"chocolate negro sin azúcares añadidos y sin gluten tableta 100 g","brand":"LINDT ","img":"https://sgfm.elcorteingles.es/SGFM/dctm/MEDIA03/201605/25/00120647400355____1__600x600.jpg","price":"3,02 €","price_unit":"(30,20 € / Kilo)","categories":["Supermercado","Desayunos Dulces y pan","Desayunos, dulces y pan","Chocolates y bombones","Chocolate negro","LINDT chocolate negro sin azúcares añadidos y sin gluten tableta 100 g"],"general_information":["Denominación del alimento: Chocolate","País de origen: Italia","Nombre del operador: Lindt & Sprüngli","Dirección del operador: C/ Marina 16-18 Torre Mapfre, P39. 08005 (Barcelona)","Cantidad Neta: 100 g"],"ingredients":[" Ingredientes:Chocolate negro sin azúcares añadidos, con edulcorante,pasta de cacao, edulcorante (maltitol), manteca de cacao, cacao magro en polvo, leche en polvo, emulgente (lecitina de soja), vainilla.Puede contener avellanas, almendras, nueces y pistachos.Fracción de chocolate con leche contiene: Cacao: 55% mínimo.Contiene azúcares naturalmente presentes. Sin glúten."],"conservation":" Conservar en lugar fresco y seco","ean":"8013108694677"},{"full_name":"LINDT SWISS chocolate negro tableta 300 g","name":"chocolate negro tableta 300 g","brand":"LINDT SWISS ","img":"https://sgfm.elcorteingles.es/SGFM/dctm/MEDIA03/201704/19/00120645301530____1__600x600.jpg","price":"4,99 €","price_unit":"(16,63 € / Kilo)","categories":["Supermercado","Desayunos Dulces y pan","Desayunos, dulces y pan","Chocolates y bombones","Chocolate negro","LINDT SWISS chocolate negro tableta 300 g"],"general_information":["Denominación del alimento: Chocolate","País de origen: Alemania","Nombre del operador: Lindt & Sprüngli","Dirección del operador: C/ Marina 16-18 Torre Mapfre, P39. 08005 (Barcelona)","Cantidad Neta: 300 g"],"ingredients":[" Chocolate negro.Ingredientes: azúcar, pasta de cacao, manteca de cacao, emulgente (lecitina de soja), vainilla.Puede contener leche, avellanas, almendras y otros frutos de cáscara.Cacao: 49% mín."],"conservation":" Conservar en lugar fresco y seco","ean":"7610400013840"},{"full_name":"LINDT LES GRANDES chocolate negro con frambuesas y arándanos tableta 150 g","name":"chocolate negro con frambuesas y arándanos tableta 150 g","brand":"LINDT LES GRANDES ","img":"https://sgfm.elcorteingles.es/SGFM/dctm/MEDIA03/201704/24/00120643000787____1__600x600.jpg","price":"3,29 €","price_unit":"(21,93 € / Kilo)","categories":["Supermercado","Desayunos Dulces y pan","Desayunos, dulces y pan","Chocolates y bombones","Chocolate negro","LINDT LES GRANDES chocolate negro con frambuesas y arándanos tableta 150 g"],"general_information":["Denominación del alimento: Chocolate","País de origen: Suiza","Nombre del operador: Lindt & Sprüngli","Dirección del operador: C/ Marina 16-18 Torre Mapfre, P39. 08005 (Barcelona)","Cantidad Neta: 150 g"],"ingredients":[" Chocolate negro con relleno de preparado de frambuesa, arándanos rojos y galleta Ingredientes: azúcar, pasta de cacao, manteca de cacao, arándanos rojos (4,5%), frambuesas (4%), grasa láctea anhidra, lactosa, leche desnatada en polvo, jarabe de glucosa y fructosa, harina de trigo, aromas, jarabe de glucosa, maltodextrina, emulgente (lecitina de soja), fibra de trigo, malta de trigo, grasas vegetales (palma, girasol), almidón de arroz, gelificante (pectinas), corrector de acidez (ácido málico, ácido cítrico), almidón de trigo, almidón modificado, gasificante (carbonatos de sodio), sal, concentrado de extractos vegetales (zanahoria, grosella, arándano), espesante (alginato sódico).Puede contener avellanas, almendras y otros frutos de cáscara.Fracción de chocolate negro contiene cacao: 41% mínimo."],"conservation":" Conservar en lugar fresco y seco","ean":"7610400086196"},{"full_name":"LINDT LES GRANDES chocolate negro con almendras y arándanos tableta 150 g","name":"chocolate negro con almendras y arándanos tableta 150 g","brand":"LINDT LES GRANDES ","img":"https://sgfm.elcorteingles.es/SGFM/dctm/MEDIA03/201704/19/00120643000795____1__600x600.jpg","price":"3,36 €","price_unit":"(22,40 € / Kilo)","categories":["Supermercado","Desayunos Dulces y pan","Desayunos, dulces y pan","Chocolates y bombones","Chocolate negro","LINDT LES GRANDES chocolate negro con almendras y arándanos tableta 150 g"],"general_information":["Denominación del alimento: Chocolate","País de origen: Suiza","Nombre del operador: Lindt & Sprüngli","Dirección del operador: C/ Marina 16-18 Torre Mapfre, P39. 08005 (Barcelona)","Cantidad Neta: 150 g"],"ingredients":[" Chocolate negro con relleno de preparado de arándanos, arándanos rojos y almendras Ingredientes: azúcar, pasta de cacao, preparado de arándano (10%) (arándanos (58%), azúcar, fibras de avena, corrector de acidez (ácido cítrico, citratos de potasio), gelificante (alginato sódico), aromas, concentrado de extractos vegetales (zanahoria, granos de saúco)), manteca de cacao, preparado de arándanos rojos (5%) (arándanos rojos (60%), azúcar, aceite vegetal de girasol), almendras (5%), grasa láctea anhidra, lactosa, leche desnatada en polvo, arándano en polvo (1%) (arándanos (50%), maltodextrina), aromas, emulgente (lecitina de soja).Puede contener avellanas y otros frutos de cáscara.Fracción de chocolate negro contiene Cacao: 41% mínimo."],"conservation":" Conservar en lugar fresco y seco","ean":"7610400086202"},{"full_name":"PEDRO MAYO chocolate negro extrafino 62% cacao tableta 125 g","name":"chocolate negro extrafino 62% cacao tableta 125 g","brand":"PEDRO MAYO ","price":"1,82 €","price_unit":"(14,56 € / Kilo)","categories":["Supermercado","Desayunos Dulces y pan","Desayunos, dulces y pan","Chocolates y bombones","Chocolate negro","PEDRO MAYO chocolate negro extrafino 62% cacao tableta 125 g"],"general_information":[],"ingredients":[],"ean":"8426175094040"},{"full_name":"SOLE chocolate negro 56% cacao ecológico tableta 100 g","name":"chocolate negro 56% cacao ecológico tableta 100 g","brand":"SOLE ","img":"https://sgfm.elcorteingles.es/SGFM/00/04/7/0120645200047/0120645200047000g01011.jpg","price":"2,74 €","price_unit":"(27,40 € / Kilo)","categories":["Supermercado","Desayunos Dulces y pan","Desayunos, dulces y pan","Chocolates y bombones","Chocolate negro","SOLE chocolate negro 56% cacao ecológico tableta 100 g"],"general_information":[],"ingredients":[],"ean":"8411066002907"},{"full_name":"SOLE chocolate negro 73% cacao ecológico tableta 100 g","name":"chocolate negro 73% cacao ecológico tableta 100 g","brand":"SOLE ","img":"https://sgfm.elcorteingles.es/SGFM/00/05/4/0120645200054/0120645200054000g01011.jpg","price":"3,18 €","price_unit":"(31,80 € / Kilo)","categories":["Supermercado","Desayunos Dulces y pan","Desayunos, dulces y pan","Chocolates y bombones","Chocolate negro","SOLE chocolate negro 73% cacao ecológico tableta 100 g"],"general_information":[],"ingredients":[],"ean":"8411066002990"},{"full_name":"VALOR chocolate puro sin gluten tableta 300 g","name":"chocolate puro sin gluten tableta 300 g","brand":"VALOR ","img":"https://sgfm.elcorteingles.es/SGFM/dctm/MEDIA03/201610/14/00120645300169____2__600x600.jpg","price":"2,73 €","price_unit":"(9,10 € / Kilo)","categories":["Supermercado","Desayunos Dulces y pan","Desayunos, dulces y pan","Chocolates y bombones","Chocolate negro","VALOR chocolate puro sin gluten tableta 300 g"],"general_information":["Denominación del alimento: Chocolate","Nombre del operador: Chocolates Valor,S.A.","Dirección del operador: Av. Pianista Gonzalo Soriano, 13 - 03570 - Villajoyosa (Alicante)","Cantidad Neta: 300 g","Otras menciones obligatorias en la etiqueta: Cacao: 52% mínimo"],"ingredients":[" Azúcar, pasta de cacao, manteca de cacao, emulgente: lecitina de soja, aroma. Puede contener trazas de leche, avellana y almendra"],"conservation":" Conservar en lugar fresco y seco, alejado de olores.","ean":"8410109000023"},{"full_name":"VALOR chocolate negro 70% cacao sin gluten tableta 300 g","name":"chocolate negro 70% cacao sin gluten tableta 300 g","brand":"VALOR ","img":"https://sgfm.elcorteingles.es/SGFM/dctm/MEDIA03/201609/02/00120645300664____1__600x600.jpg","price":"2,70 €","price_unit":"(9 € / Kilo)","categories":["Supermercado","Desayunos Dulces y pan","Desayunos, dulces y pan","Chocolates y bombones","Chocolate negro","VALOR chocolate negro 70% cacao sin gluten tableta 300 g"],"general_information":["Denominación del alimento: Chocolate","Nombre del operador: Chocolates Valor,S.A.","Dirección del operador: Av. Pianista Gonzalo Soriano, 13 - 03570 - Villajoyosa (Alicante)","Cantidad Neta: 300 g","Otras menciones obligatorias en la etiqueta: Cacao: 70% mínimo"],"ingredients":[" Pasta de cacao,  azúcar, cacao desgrasado en polvo, manteca de cacao, emulgente: lecitina de soja. Puede contener trazas de almendra, avellana y leche."],"conservation":" Conservar en lugar fresco y seco, alejado de olores.","ean":"8410109000542"},{"full_name":"VALOR chocolate negro 70% cacao con caramelo y sal sin gluten tableta 200 g","name":"chocolate negro 70% cacao con caramelo y sal sin gluten tableta 200 g","brand":"VALOR ","img":"https://sgfm.elcorteingles.es/SGFM/dctm/MEDIA03/201708/31/00120643000886____1__600x600.jpg","price":"2,44 €","price_unit":"(12,20 € / Kilo)","categories":["Supermercado","Desayunos Dulces y pan","Desayunos, dulces y pan","Chocolates y bombones","Chocolate negro","VALOR chocolate negro 70% cacao con caramelo y sal sin gluten tableta 200 g"],"general_information":["Denominación del alimento: Chocolate con caramelo troceado y sal","Nombre del operador: Chocolates Valor,S.A.","Dirección del operador: Av. Pianista Gonzalo Soriano, 13 - 03570 - Villajoyosa (Alicante)","Cantidad Neta: 200 g","Otras menciones obligatorias en la etiqueta: Cacao: 70% mínimo."],"ingredients":[" Ingredientes: Pasta de cacao, azúcar, cacao desgrasado en polvo, trozos de caramelo (12%)  (azúcar, jarabe de glucosa, grasa vegetal (palma), mantequilla (leche), emulgente: lecitina de girasol, gasificante: bicarbonato de sodio, sal, aroma natural), manteca de cacao, sal (0,4%), emulgente: lecitina de soja. Puede contener trazas de almendras  y avellanas."],"conservation":" Conservar en lugar fresco y seco, alejado de olores.","ean":"8410109110562"},{"full_name":"VALOR chocolate negro 70% cacao con naranja y sin gluten tableta 200 g","name":"chocolate negro 70% cacao con naranja y sin gluten tableta 200 g","brand":"VALOR ","img":"https://sgfm.elcorteingles.es/SGFM/dctm/MEDIA03/201708/31/00120643000878____1__600x600.jpg","price":"2,51 €","price_unit":"(12,55 € / Kilo)","categories":["Supermercado","Desayunos Dulces y pan","Desayunos, dulces y pan","Chocolates y bombones","Chocolate negro","VALOR chocolate negro 70% cacao con naranja y sin gluten tableta 200 g"],"general_information":["Denominación del alimento: Chocolate con naranja troceada","Nombre del operador: Chocolates Valor,S.A.","Dirección del operador: Av. Pianista Gonzalo Soriano, 13 - 03570 - Villajoyosa (Alicante)","Cantidad Neta: 200 g","Otras menciones obligatorias en la etiqueta: Cacao: 70% mínimo."],"ingredients":[" Pasta de cacao, azúcar, cacao desgrasado en polvo, manteca de cacao, naranja deshidratada (1,5%), emulgente: lecitina de soja, aroma. Puede contener trazas de almendras, avellanas y leche."],"conservation":" Conservar en lugar fresco y seco, alejado de olores.","ean":"8410109110524"},{"full_name":"VALOR chocolate negro 70% con pepitas de cacao sin gluten tableta 170 g","name":"chocolate negro 70% con pepitas de cacao sin gluten tableta 170 g","brand":"VALOR ","img":"https://sgfm.elcorteingles.es/SGFM/dctm/MEDIA03/201609/19/00120643000761____1__600x600.jpg","price":"2,04 €","price_unit":"(12 € / Kilo)","categories":["Supermercado","Desayunos Dulces y pan","Desayunos, dulces y pan","Chocolates y bombones","Chocolate negro","VALOR chocolate negro 70% con pepitas de cacao sin gluten tableta 170 g"],"general_information":["Denominación del alimento: Chocolate","Nombre del operador: Chocolates Valor,S.A.","Dirección del operador: Av. Pianista Gonzalo Soriano, 13 - 03570 - Villajoyosa (Alicante)","Cantidad Neta: 170 g","Otras menciones obligatorias en la etiqueta: Cacao: 72% mínimo"],"ingredients":[" Pasta de cacao, azúcar, cacao desgrasado en polvo, manteca de cacao, granillo de cacao tostado (7%), emulgente: lecitina de soja. Puede contener trazas de almendra, avellana y leche."],"conservation":" Conservar en lugar fresco y seco, alejado de olores.","ean":"8410109106824"},{"full_name":"VALOR chocolate negro 82% sin gluten tableta 170 g","name":"chocolate negro 82% sin gluten tableta 170 g","brand":"VALOR ","img":"https://sgfm.elcorteingles.es/SGFM/dctm/MEDIA03/201702/21/00200245301254____2__600x600.jpg","price":"2,04 €","price_unit":"(12 € / Kilo)","categories":["Supermercado","Desayunos Dulces y pan","Desayunos, dulces y pan","Chocolates y bombones","Chocolate negro","VALOR chocolate negro 82% sin gluten tableta 170 g"],"general_information":["Denominación del alimento: Chocolate","Nombre del operador: Chocolates Valor,S.A.","Dirección del operador: Av. Pianista Gonzalo Soriano, 13 - 03570 - Villajoyosa (Alicante)","Cantidad Neta: 170 g","Otras menciones obligatorias en la etiqueta: Cacao: 82% mínimo."],"ingredients":[" Pasta de cacao,  cacao desgrasado en polvo, manteca de cacao, azúcar, emulgente: lecitina de soja, aroma natural de vainilla. Puede contener trazas de almendras, avellanas y leche."],"conservation":" Conservar en lugar fresco y seco, alejado de olores.","ean":"8410109103205"},{"full_name":"VALOR chocolate puro 0% azúcares añadidos edulcorado con stevia y sin gluten tableta 125 g","name":"chocolate puro 0% azúcares añadidos edulcorado con stevia y sin gluten tableta 125 g","brand":"VALOR ","img":"https://sgfm.elcorteingles.es/SGFM/dctm/MEDIA03/201610/14/00120647400132____2__600x600.jpg","price":"1,65 €","price_unit":"(13,20 € / Kilo)","categories":["Supermercado","Desayunos Dulces y pan","Desayunos, dulces y pan","Chocolates y bombones","Chocolate negro","VALOR chocolate puro 0% azúcares añadidos edulcorado con stevia y sin gluten tableta 125 g"],"general_information":["Denominación del alimento: Chocolate  sin azúcares con edulcorantes","Nombre del operador: Chocolates Valor,S.A.","Dirección del operador: Av. Pianista Gonzalo Soriano, 13 - 03570 - Villajoyosa (Alicante)","Cantidad Neta: 125 g","Otras menciones obligatorias en la etiqueta: Cacao: 52% mínimo. Un consumo excesivo puede tener efectos laxantes. Producto apto para diabéticos."],"ingredients":[" Edulcorante: maltitol, pasta de cacao, manteca de cacao, emulgente: lecitina de soja, edulcorante: Glucósidos de esteviol, aroma.   Puede contener trazas de almendra, avellana y leche."],"conservation":" Conservar en lugar fresco y seco, alejado de olores.","ean":"8410109005158"},{"full_name":"VALOR chocolate negro 70% sin azúcares añadidos con stevia y sin gluten tableta 125 g","name":"chocolate negro 70% sin azúcares añadidos con stevia y sin gluten tableta 125 g","brand":"VALOR ","img":"https://sgfm.elcorteingles.es/SGFM/dctm/MEDIA03/201610/14/00120647400199____2__600x600.jpg","price":"2,07 €","price_unit":"(16,56 € / Kilo)","categories":["Supermercado","Desayunos Dulces y pan","Desayunos, dulces y pan","Chocolates y bombones","Chocolate negro","VALOR chocolate negro 70% sin azúcares añadidos con stevia y sin gluten tableta 125 g"],"general_information":["Denominación del alimento: Chocolate sin azúcares con edulcorantes","Nombre del operador: Chocolates Valor,S.A.","Dirección del operador: Av. Pianista Gonzalo Soriano, 13 - 03570 - Villajoyosa (Alicante)","Cantidad Neta: 125 g","Otras menciones obligatorias en la etiqueta: Cacao: 70% mínimo. Un consumo excesivo puede tener efectos laxantes. Producto apto para diabéticos."],"ingredients":[" Pasta de cacao, edulcorante: maltitol, cacao desgrasado en polvo, manteca de cacao,  emulgente: lecitina de soja, edulcorante: glucósidos de esteviol, aromas. Puede contener trazas de almendra, avellana y leche."],"conservation":" Conservar en lugar fresco y seco, alejado de olores.","ean":"8410109003222"},{"full_name":"VALOR chocolate negro 85% sin azúcares añadidos con stevia y sin gluten tableta 100 g","name":"chocolate negro 85% sin azúcares añadidos con stevia y sin gluten tableta 100 g","brand":"VALOR ","img":"https://sgfm.elcorteingles.es/SGFM/dctm/MEDIA03/201703/16/00120647400371____1__600x600.jpg","price":"1,65 €","price_unit":"(16,50 € / Kilo)","categories":["Supermercado","Desayunos Dulces y pan","Desayunos, dulces y pan","Chocolates y bombones","Chocolate negro","VALOR chocolate negro 85% sin azúcares añadidos con stevia y sin gluten tableta 100 g"],"general_information":["Denominación del alimento: Chocolate sin azúcares con edulcorantes","Nombre del operador: Chocolates Valor,S.A.","Dirección del operador: Av. Pianista Gonzalo Soriano, 13 - 03570 - Villajoyosa (Alicante)","Cantidad Neta: 100 g","Otras menciones obligatorias en la etiqueta: Cacao: 85% mínimo. Un consumo excesivo puede producir efectos laxantes."],"ingredients":[" Pasta de cacao, manteca de cacao,  cacao desgrasado en polvo, edulcorante: maltitol, emulgente: lecitina de soja, edulcorante: glucósidos de esteviol. Puede contener trazas de almendra, avellana y leche."],"conservation":" Conservar en lugar fresco y seco, alejado de olores.","ean":"8410109109832"},{"full_name":"VALOR chocolate negro 70% cacao con naranja 0% azúcares y edulcorado con stevia sin gluten tableta 100 g","name":"chocolate negro 70% cacao con naranja 0% azúcares y edulcorado con stevia sin gluten tableta 100 g","brand":"VALOR ","img":"https://sgfm.elcorteingles.es/SGFM/dctm/MEDIA03/201703/16/00120647400389____1__600x600.jpg","price":"1,72 €","price_unit":"(17,20 € / Kilo)","categories":["Supermercado","Desayunos Dulces y pan","Desayunos, dulces y pan","Chocolates y bombones","Chocolate negro","VALOR chocolate negro 70% cacao con naranja 0% azúcares y edulcorado con stevia sin gluten tableta 100 g"],"general_information":["Denominación del alimento: Chocolate sin azúcares añadidos con edulcorantes y con naranja","Nombre del operador: Chocolates Valor,S.A.","Dirección del operador: Av. Pianista Gonzalo Soriano, 13 - 03570 - Villajoyosa (Alicante)","Cantidad Neta: 100 g","Otras menciones obligatorias en la etiqueta: Cacao: 70% mínimo. Un consumo excesivo puede producir efectos laxantes. Contiene azúcares naturalmente presentes."],"ingredients":[" Pasta de cacao, edulcorante: maltitol, cacao desgrasado en polvo, manteca de cacao,  naranja deshidratada troceada (1,5%), emulgente: lecitina de soja, edulcorante: glucósidos de esteviol, aromas. Puede contener trazas de almendra, avellana y leche."],"conservation":" Conservar en lugar fresco y seco, alejado de olores.","ean":"8410109109825"},{"full_name":"SUCHARD Bio chocolate ecológico 70% cacao trinitario de República Dominicana tableta 90 g","name":"Bio chocolate ecológico 70% cacao trinitario de República Dominicana tableta 90 g","brand":"SUCHARD ","img":"https://sgfm.elcorteingles.es/SGFM/dctm/MEDIA03/201708/31/00120645301597____1__600x600.jpg","price":"2,09 €","price_unit":"(23,22 € / Kilo)","categories":["Supermercado","Desayunos Dulces y pan","Desayunos, dulces y pan","Chocolates y bombones","Chocolate negro","SUCHARD Bio chocolate ecológico 70% cacao trinitario de República Dominicana tableta 90 g"],"general_information":["Denominación del alimento: Chocolate negro Biológico con 70% cacao .","País de origen: Italia","Nombre del operador: Mondelez España Commercial, S.L.","Dirección del operador: C/Eucalipto, 25  - 28016 Madrid,  España","Cantidad Neta: 90 g"],"ingredients":[" Ingredientes: Pasta de cacao #, azúcar de caña #, manteca de cacao #, emulgente (lecitina de SOJA), extracto de vainilla #.# = Certificado Biológico Cacao: 70% mínimo. PUEDE CONTENER FRUTOS DE CÁSCARA, LECHE."],"ean":"7622210780348"},{"full_name":"SUCHARD Bio chocolate ecológico 85% cacao trinitario de República Dominicana tableta 90 g","name":"Bio chocolate ecológico 85% cacao trinitario de República Dominicana tableta 90 g","brand":"SUCHARD ","img":"https://sgfm.elcorteingles.es/SGFM/dctm/MEDIA03/201708/31/00120645301605____1__600x600.jpg","price":"2,09 €","price_unit":"(23,22 € / Kilo)","categories":["Supermercado","Desayunos Dulces y pan","Desayunos, dulces y pan","Chocolates y bombones","Chocolate negro","SUCHARD Bio chocolate ecológico 85% cacao trinitario de República Dominicana tableta 90 g"],"general_information":["Denominación del alimento: Chocolate negro Biológico con 85% cacao .","País de origen: Italia","Nombre del operador: Mondelez España Commercial, S.L.","Dirección del operador: C/Eucalipto, 25  - 28016 Madrid,  España","Cantidad Neta: 90 g"],"ingredients":[" Ingredientes: Pasta de cacao #, manteca de cacao #, cacao magro en polvo #, azúcar de caña #, extracto de vainilla #.# = Certificado Biológico Cacao: 85% mínimo. PUEDE CONTENER FRUTOS DE CÁSCARA, LECHE."],"ean":"7622210780355"},{"full_name":"TORRAS Stevia chocolate negro sin azúcares tableta 100 g","name":"Stevia chocolate negro sin azúcares tableta 100 g","brand":"TORRAS ","img":"https://sgfm.elcorteingles.es/SGFM//01/08/4/0120645301084/0120645301084000g01011.jpg","price":"1,63 €","price_unit":"(16,30 € / Kilo)","categories":["Supermercado","Desayunos Dulces y pan","Desayunos, dulces y pan","Chocolates y bombones","Chocolate negro","TORRAS Stevia chocolate negro sin azúcares tableta 100 g"],"general_information":["Denominación del alimento: Chocolate negro con edulcorantes","País de origen: España","Nombre del operador: Chocolates Torras","Dirección del operador: Carretera de Girona-Banyoles km. 15 17844 Cornellà de Terri","Cantidad Neta: 100,0 g","Otras menciones obligatorias en la etiqueta: Edulcorado con edulcorante natural extraido de la planta Stevia"],"ingredients":[" Pasta de cacao, edulcorantes: eritritol, glucósidos de esteviol (0.027%),\nmanteca de cacao, inulina, cacao en polvo, emulgente: lecitina de soja, aroma\nnatural de vainilla."],"conservation":" Conservar en un lugar fresco y seco, alejado de los olores.","ean":"8410342007032"},{"full_name":"TORRAS chocolate negro fondant 0% azúcares con 72% de cacao sin gluten tableta 100 g","name":"chocolate negro fondant 0% azúcares con 72% de cacao sin gluten tableta 100 g","brand":"TORRAS ","img":"https://sgfm.elcorteingles.es/SGFM/dctm/MEDIA03/201606/13/00120645301324____2__600x600.jpg","price":"2,14 €","price_unit":"(21,40 € / Kilo)","categories":["Supermercado","Desayunos Dulces y pan","Desayunos, dulces y pan","Chocolates y bombones","Chocolate negro","TORRAS chocolate negro fondant 0% azúcares con 72% de cacao sin gluten tableta 100 g"],"general_information":["Denominación del alimento: Chocolate negro","Nombre del operador: Chocolates Torras S.A.","Dirección del operador: Crta. Girona a Banyoles km 15, 17844 Cornella del Terri, Girona.","Cantidad Neta: 100 g","Número de raciones por envase: 10","Otras menciones obligatorias en la etiqueta: Un consumo excesivo puede producir efectos laxantes.  Puede contener trazas de frutos de cáscara, leche, sesamo y soja. Sin azúcares añadidos"],"ingredients":[" Pasta de cacao, edulcorante (maltitol), manteca de cacao, cacao desgrasado en polvo, inulina, emulgente, (lecitina de girasol) y aroma natural de vainilla."],"conservation":" Conservar en lugar fresco y seco.","ean":"8410342004789"},{"full_name":"TORRAS chocolate negro con canela edulcorado con Stevia sin gluten tableta 125 g","name":"chocolate negro con canela edulcorado con Stevia sin gluten tableta 125 g","brand":"TORRAS ","img":"https://sgfm.elcorteingles.es/SGFM/dctm/MEDIA02/CONTENIDOS/201511/11/00120643000597____1__600x600.jpg","price":"1,86 €","price_unit":"(14,88 € / Kilo)","categories":["Supermercado","Desayunos Dulces y pan","Desayunos, dulces y pan","Chocolates y bombones","Chocolate negro","TORRAS chocolate negro con canela edulcorado con Stevia sin gluten tableta 125 g"],"general_information":["Denominación del alimento: Chocolate negro con edulcorante","Nombre del operador: Chocolates Torras S.A.","Dirección del operador: Crta. Girona a Banyoles km 15, 17844 Cornella del Terri, Girona.","Cantidad Neta: 125 g","Número de raciones por envase: 10","Otras menciones obligatorias en la etiqueta: Un consumo excesivo puede producir efectos laxantes. Puede contener trazas de frutos de cáscara, leche, sesamo y soja"],"ingredients":[" Pasta de cacao, edulcorante (maltitol),  manteca de cacao, cacao desgrasado en polvo, inulina, emulgente (lecitina de girasol) y aroma natural de vainilla. Puede contener frutos de cáscara y leche."],"conservation":" Conservar en lugar fresco y seco.","ean":"8410342000569"},{"full_name":"TORRAS chocolate negro África 85& cacao sin azúcares tableta 100 g","name":"chocolate negro África 85& cacao sin azúcares tableta 100 g","brand":"TORRAS ","img":"https://sgfm.elcorteingles.es/SGFM/dctm/MEDIA03/201606/13/00120645301415____1__600x600.jpg","price":"1,99 €","price_unit":"(19,90 € / Kilo)","categories":["Supermercado","Desayunos Dulces y pan","Desayunos, dulces y pan","Chocolates y bombones","Chocolate negro","TORRAS chocolate negro África 85& cacao sin azúcares tableta 100 g"],"general_information":["Denominación del alimento: Chocolate negro 85% con edulcorante","Nombre del operador: Chocolates Torras S.A.","Dirección del operador: Crta. Girona a Banyoles km15, 17844 Cornella del Terri, Girona.","Cantidad Neta: 100 g","Número de raciones por envase: 10"],"ingredients":[" Pasta de cacao, manteca de cacao, edulcorante (maltitol), cacao en polvo desgrasado, emulgente (lecitina de girasol), aroma natural vainilla."],"conservation":" Conservar en lugar fresco y seco","ean":"8410342004710"},{"full_name":"TORRAS Zero chocolate negro fondant con coco 0% azúcares añadiidos sin gluten tableta 125 g","name":"Zero chocolate negro fondant con coco 0% azúcares añadiidos sin gluten tableta 125 g","brand":"TORRAS ","img":"https://sgfm.elcorteingles.es/SGFM/dctm/MEDIA03/201705/22/00120643000829____10__600x600.jpg","price":"2,19 €","price_unit":"(17,52 € / Kilo)","categories":["Supermercado","Desayunos Dulces y pan","Desayunos, dulces y pan","Chocolates y bombones","Chocolate negro","TORRAS Zero chocolate negro fondant con coco 0% azúcares añadiidos sin gluten tableta 125 g"],"general_information":["Denominación del alimento: Chocolate negro","Nombre del operador: Chocolates Torras S.A.","Dirección del operador: Crta. Girona a Banyoles km 15, 17844 Cornella del Terri, Girona.","Cantidad Neta: 125 g","Número de raciones por envase: 10","Otras menciones obligatorias en la etiqueta: Un consumo excesivo puede producir efectos laxantes.  Puede contener trazas de frutos de cáscara, leche, sesamo y soja. Sin azúcares añadidos"],"ingredients":[" Edulcorante: maltitol, Pasta de cacao, manteca de cacao, coco (8%), inulina, cacao en polvo desgrasado, emulgente: lecitina de girasol, aroma de coco y natural de vainilla."],"conservation":" Conservar en lugar fresco y seco.","ean":"8410342004659"},{"full_name":"TORRAS Organic chocolate negro ecológico con maca y jengibre sin gluten tableta 100 g","name":"Organic chocolate negro ecológico con maca y jengibre sin gluten tableta 100 g","brand":"TORRAS ","img":"https://sgfm.elcorteingles.es/SGFM/dctm/MEDIA03/201705/09/00120643000860____1__600x600.jpg","price":"2,65 €","price_unit":"(26,50 € / Kilo)","categories":["Supermercado","Desayunos Dulces y pan","Desayunos, dulces y pan","Chocolates y bombones","Chocolate negro","TORRAS Organic chocolate negro ecológico con maca y jengibre sin gluten tableta 100 g"],"general_information":[],"ingredients":[],"ean":"8410342006738"},{"full_name":"TORRAS Organic chocolate negro ecológico con bayas de goji y açai sin gluten tableta 100 g","name":"Organic chocolate negro ecológico con bayas de goji y açai sin gluten tableta 100 g","brand":"TORRAS ","img":"https://sgfm.elcorteingles.es/SGFM/dctm/MEDIA03/201705/09/00120643000837____1__600x600.jpg","price":"2,65 €","price_unit":"(26,50 € / Kilo)","categories":["Supermercado","Desayunos Dulces y pan","Desayunos, dulces y pan","Chocolates y bombones","Chocolate negro","TORRAS Organic chocolate negro ecológico con bayas de goji y açai sin gluten tableta 100 g"],"general_information":[],"ingredients":[],"ean":"8410342006707"},{"full_name":"TORRAS Organic chocolate negro ecológico con quinoa y soja sin gluten tableta 100 g","name":"Organic chocolate negro ecológico con quinoa y soja sin gluten tableta 100 g","brand":"TORRAS ","img":"https://sgfm.elcorteingles.es/SGFM/dctm/MEDIA03/201705/09/00120643000852____1__600x600.jpg","price":"2,65 €","price_unit":"(26,50 € / Kilo)","categories":["Supermercado","Desayunos Dulces y pan","Desayunos, dulces y pan","Chocolates y bombones","Chocolate negro","TORRAS Organic chocolate negro ecológico con quinoa y soja sin gluten tableta 100 g"],"general_information":[],"ingredients":[],"ean":"8410342006721"},{"full_name":"TORRAS Organic chocolate negro ecológico con sésamo caramelizado y polen sin gluten tableta 100 g","name":"Organic chocolate negro ecológico con sésamo caramelizado y polen sin gluten tableta 100 g","brand":"TORRAS ","img":"https://sgfm.elcorteingles.es/SGFM/dctm/MEDIA03/201705/09/00120643000845____1__600x600.jpg","price":"2,65 €","price_unit":"(26,50 € / Kilo)","categories":["Supermercado","Desayunos Dulces y pan","Desayunos, dulces y pan","Chocolates y bombones","Chocolate negro","TORRAS Organic chocolate negro ecológico con sésamo caramelizado y polen sin gluten tableta 100 g"],"general_information":[],"ingredients":[],"ean":"8410342006714"},{"full_name":"ALTERNATIVA 3 cacao puro bio desgrasado ecológico sin lactosa ni gluten estuche 150 g","name":"cacao puro bio desgrasado ecológico sin lactosa ni gluten estuche 150 g","brand":"ALTERNATIVA 3 ","img":"https://sgfm.elcorteingles.es/SGFM/dctm/MEDIA03/201605/25/00120646401065____1__600x600.jpg","price":"3,41 €","price_unit":"(22,73 € / Kilo)","categories":["Supermercado","Desayunos Dulces y pan","Desayunos, dulces y pan","Chocolates y bombones","Chocolate negro","ALTERNATIVA 3 cacao puro bio desgrasado ecológico sin lactosa ni gluten estuche 150 g"],"general_information":["Denominación del alimento: Cacao puro","Nombre del operador: Alternativa 3, S.C.C.L.","Dirección del operador: Ctra. Castellar, 526, 08227 Terrassa, Barcelona","Cantidad Neta: 150 g","Otras menciones obligatorias en la etiqueta: Sin alérgenos. Comercio justo. Ecológico."],"ingredients":[" Cacao en polvo desgrasado 20-22%."],"conservation":" Conservar en lugar fresco y seco","ean":"8435030599996"},{"full_name":"ALTERNATIVA 3 chocolate negro Ecuador 65% cacao ecológico y comercio justo tableta 80 g","name":"chocolate negro Ecuador 65% cacao ecológico y comercio justo tableta 80 g","brand":"ALTERNATIVA 3 ","img":"https://sgfm.elcorteingles.es/SGFM/dctm/MEDIA03/201701/30/00120645200088____1__600x600.jpg","price":"2,48 €","price_unit":"(31 € / Kilo)","categories":["Supermercado","Desayunos Dulces y pan","Desayunos, dulces y pan","Chocolates y bombones","Chocolate negro","ALTERNATIVA 3 chocolate negro Ecuador 65% cacao ecológico y comercio justo tableta 80 g"],"general_information":["Denominación del alimento: Chocolate 65% cacao","País de origen: Ecuador","Nombre del operador: Alternativa 3, S.C.C.L.","Dirección del operador: Ctra. Castellar, 526, 08227 Terrassa, Barcelona","Cantidad Neta: 80 g","Otras menciones obligatorias en la etiqueta: Sin gluten ni lecitina de soja. Cacao de Ecuador y azúcar de Filipinas."],"ingredients":[" Pasta de cacao, azúcar de caña, manteca de cacao. Puede contener leche y frutos secos."],"conservation":" Conservar en lugar fresco y seco","ean":"8435030573910"},{"full_name":"ALTERNATIVA 3 chocolate negro Perú 75% cacao ecológico y comercio justo tableta 80 g","name":"chocolate negro Perú 75% cacao ecológico y comercio justo tableta 80 g","brand":"ALTERNATIVA 3 ","img":"https://sgfm.elcorteingles.es/SGFM/dctm/MEDIA03/201701/30/00120645200070____1__600x600.jpg","price":"2,48 €","price_unit":"(31 € / Kilo)","categories":["Supermercado","Desayunos Dulces y pan","Desayunos, dulces y pan","Chocolates y bombones","Chocolate negro","ALTERNATIVA 3 chocolate negro Perú 75% cacao ecológico y comercio justo tableta 80 g"],"general_information":["Denominación del alimento: Chocolate 75% cacao","País de origen: Perú","Nombre del operador: Alternativa 3, S.C.C.L.","Dirección del operador: Ctra. Castellar, 526, 08227 Terrassa, Barcelona","Cantidad Neta: 80 g","Otras menciones obligatorias en la etiqueta: Sin gluten ni lecitina de soja. Cacao de Perú y azúcar de Filipinas."],"ingredients":[" Pasta de cacao, azúcar de caña, manteca de cacao y vainilla. Puede contener leche y frutos secos."],"conservation":" Conservar en lugar fresco y seco","ean":"8435030573903"},{"full_name":"INTERMON OXFAM chocolate negro 70% pepitas de cacao ecológico tableta 100 g","name":"chocolate negro 70% pepitas de cacao ecológico tableta 100 g","brand":"INTERMON OXFAM ","img":"https://sgfm.elcorteingles.es/SGFM//01/06/8/0120645301068/0120645301068000g01011.jpg","price":"2,23 €","price_unit":"(22,30 € / Kilo)","categories":["Supermercado","Desayunos Dulces y pan","Desayunos, dulces y pan","Chocolates y bombones","Chocolate negro","INTERMON OXFAM chocolate negro 70% pepitas de cacao ecológico tableta 100 g"],"general_information":["Denominación del alimento: Tableta de chocolate negro 70% pepitas cacao Bio.","Nombre del operador: Oxfam Intermón.","Dirección del operador: C/ Louis Pasteur 1, Parque tecnológico 46980 Paterna (Valencia).","Cantidad Neta: 100 g"],"ingredients":[" Pasta de cacao+*, azúcar de caña Mascobado+*, manteca de cacao+*, cacao en polvo+*, pepitas de cacao tostadas+* (5%). Contenido minimo de cacao 70%. Puede contener trazas de leche, gluten y frutos de cascara.                                            *Ingrediente procedente de comercio justo. +Ingrediente procedente de agricultura ecológica."],"conservation":" Conservar en lugar fresco,  seco y sin olores (16-18°C).","ean":"8437007611519"},{"full_name":"INTERMON OXFAM chocolate ecológico negro 70% cacao de comercio justo tableta 100 g","name":"chocolate ecológico negro 70% cacao de comercio justo tableta 100 g","brand":"INTERMON OXFAM ","img":"https://sgfm.elcorteingles.es/SGFM/dctm/MEDIA03/201702/13/00120645301506____1__600x600.jpg","price":"2,39 €","price_unit":"(23,90 € / Kilo)","categories":["Supermercado","Desayunos Dulces y pan","Desayunos, dulces y pan","Chocolates y bombones","Chocolate negro","INTERMON OXFAM chocolate ecológico negro 70% cacao de comercio justo tableta 100 g"],"general_information":["Denominación del alimento: Tableta de chocolate negro 70% Bio.","Nombre del operador: Oxfam Intermón.","Dirección del operador: C/ Louis Pasteur 1, Parque tecnológico 46980 Paterna (Valencia).","Cantidad Neta: 100 g"],"ingredients":[" Pasta de cacao+*, azúcar de caña Mascobado+*, manteca de cacao+*, cacao en polvo+*. Contenido minimo de cacao 70%. Puede contener trazas de leche, gluten y frutos de cascara.            *Ingrediente procedente de comercio justo. +Ingrediente procedente de agricultura ecológica."],"conservation":" Conservar en lugar fresco,  seco y sin olores (16-18°C).","ean":"8437007611496"},{"full_name":"INTERMON OXFAM chocolate ecológico negro 70% cacao con naranja de comercio justo tableta 100 g","name":"chocolate ecológico negro 70% cacao con naranja de comercio justo tableta 100 g","brand":"INTERMON OXFAM ","img":"https://sgfm.elcorteingles.es/SGFM/dctm/MEDIA03/201702/13/00120645301514____1__600x600.jpg","price":"2,15 €","price_unit":"(21,50 € / Kilo)","categories":["Supermercado","Desayunos Dulces y pan","Desayunos, dulces y pan","Chocolates y bombones","Chocolate negro","INTERMON OXFAM chocolate ecológico negro 70% cacao con naranja de comercio justo tableta 100 g"],"general_information":["Denominación del alimento: Tableta de chocolate negro 70% naranja Bio.","Nombre del operador: Oxfam Intermón.","Dirección del operador: C/ Louis Pasteur 1, Parque tecnológico 46980 Paterna (Valencia).","Cantidad Neta: 100 g"],"ingredients":[" Pasta de cacao+*, azúcar de caña Mascobado+*, manteca de cacao+*, cacao en polvo+*, aceite de naranja+ (0,01%). Contenido minimo de cacao 70%. Puede contener trazas de leche, gluten y frutos de cascara.                                                *Ingrediente procedente de comercio justo. +Ingrediente procedente de agricultura ecológica."],"conservation":" Conservar en lugar fresco,  seco y sin olores (16-18°C).","ean":"8437007611502"},{"full_name":"INTERMON OXFAM chocolate ecológico negro 85% cacao de comercio justo tableta 100 g","name":"chocolate ecológico negro 85% cacao de comercio justo tableta 100 g","brand":"INTERMON OXFAM ","img":"https://sgfm.elcorteingles.es/SGFM/dctm/MEDIA03/201702/13/00120645301498____1__600x600.jpg","price":"2,74 €","price_unit":"(27,40 € / Kilo)","categories":["Supermercado","Desayunos Dulces y pan","Desayunos, dulces y pan","Chocolates y bombones","Chocolate negro","INTERMON OXFAM chocolate ecológico negro 85% cacao de comercio justo tableta 100 g"],"general_information":["Denominación del alimento: CHOCOLATE NEGRO 85% CACAO BIO","País de origen: España","Nombre del operador: Oxfam Intermon","Dirección del operador: C/ Louis Pasteur nº1, 46980 Paterna (Valencia)","Cantidad Neta: 100 Kilogramos"],"ingredients":[" Ingredientes: pasta de cacao+*, manteca\nde cacao+*,  azúcar de caña +*.  \n\nPuede contener trazas de leche, frutos de cascara, gluten. \n\nContenido mínimo de cacao 85%.\n\n+Ingrediente procedente de agricultura\necológica. \n\n*Ingrediente\nprocedente de comercio justo."],"conservation":" Conservar en lugar fresco y seco.","ean":"8437007611298"},{"full_name":"SANTOCILDES chocolate negro 75% cacao tableta 200 g","name":"chocolate negro 75% cacao tableta 200 g","brand":"SANTOCILDES ","img":"https://sgfm.elcorteingles.es/SGFM/00/21/9/0120645300219/0120645300219000g01011.jpg","price":"3,24 €","price_unit":"(16,20 € / Kilo)","categories":["Supermercado","Desayunos Dulces y pan","Desayunos, dulces y pan","Chocolates y bombones","Chocolate negro","SANTOCILDES chocolate negro 75% cacao tableta 200 g"],"general_information":[],"ingredients":[],"ean":"8426560010037"},{"full_name":"SANTOCILDES chocolate negro 90% cacao tableta 200 g","name":"chocolate negro 90% cacao tableta 200 g","brand":"SANTOCILDES ","img":"https://sgfm.elcorteingles.es/SGFM/00/45/8/0120645300458/0120645300458000g01011.jpg","price":"3,31 €","price_unit":"(16,55 € / Kilo)","categories":["Supermercado","Desayunos Dulces y pan","Desayunos, dulces y pan","Chocolates y bombones","Chocolate negro","SANTOCILDES chocolate negro 90% cacao tableta 200 g"],"general_information":[],"ingredients":[],"ean":"8426560010075"},{"full_name":"SANTOCILDES chocolate negro 53% cacao tableta 200 g","name":"chocolate negro 53% cacao tableta 200 g","brand":"SANTOCILDES ","img":"https://sgfm.elcorteingles.es/SGFM/00/36/7/0120645300367/0120645300367000g01011.jpg","price":"2,83 €","price_unit":"(14,15 € / Kilo)","categories":["Supermercado","Desayunos Dulces y pan","Desayunos, dulces y pan","Chocolates y bombones","Chocolate negro","SANTOCILDES chocolate negro 53% cacao tableta 200 g"],"general_information":[],"ingredients":[],"ean":"8426560010020"},{"full_name":"CHOCOLATE AND LOVE chocolate negro ecológico con caramelo y sal marina 55% cacao tableta 100 g","name":"chocolate negro ecológico con caramelo y sal marina 55% cacao tableta 100 g","brand":"CHOCOLATE AND LOVE ","img":"https://sgfm.elcorteingles.es/SGFM/dctm/MEDIA02/CONTENIDOS/201504/29/00120647201191____1__600x600.jpg","price":"5,19 €","price_unit":"(51,90 € / Kilo)","categories":["Supermercado","Desayunos Dulces y pan","Desayunos, dulces y pan","Chocolates y bombones","Chocolate negro","CHOCOLATE AND LOVE chocolate negro ecológico con caramelo y sal marina 55% cacao tableta 100 g"],"general_information":[],"ingredients":[],"ean":"5060270120155"},{"full_name":"CHOCOLATE AND LOVE chocolate negro ecológico con café 55% cacao tableta 100 g","name":"chocolate negro ecológico con café 55% cacao tableta 100 g","brand":"CHOCOLATE AND LOVE ","img":"https://sgfm.elcorteingles.es/SGFM/dctm/MEDIA02/CONTENIDOS/201505/12/00120647201175____2__600x600.jpg","price":"5,19 €","price_unit":"(51,90 € / Kilo)","categories":["Supermercado","Desayunos Dulces y pan","Desayunos, dulces y pan","Chocolates y bombones","Chocolate negro","CHOCOLATE AND LOVE chocolate negro ecológico con café 55% cacao tableta 100 g"],"general_information":[],"ingredients":[],"ean":"5060270120032"},{"full_name":"CHOCOLATE AND LOVE chocolate negro ecológico con naranja 65% cacao tableta 100 g","name":"chocolate negro ecológico con naranja 65% cacao tableta 100 g","brand":"CHOCOLATE AND LOVE ","img":"https://sgfm.elcorteingles.es/SGFM/dctm/MEDIA02/CONTENIDOS/201504/29/00120647201167____1__600x600.jpg","price":"5,19 €","price_unit":"(51,90 € / Kilo)","categories":["Supermercado","Desayunos Dulces y pan","Desayunos, dulces y pan","Chocolates y bombones","Chocolate negro","CHOCOLATE AND LOVE chocolate negro ecológico con naranja 65% cacao tableta 100 g"],"general_information":[],"ingredients":[],"ean":"5060270120025"},{"full_name":"CHOCOLATE AND LOVE chocolate negro ecológico con menta 67% de cacao tableta 100 g","name":"chocolate negro ecológico con menta 67% de cacao tableta 100 g","brand":"CHOCOLATE AND LOVE ","img":"https://sgfm.elcorteingles.es/SGFM/dctm/MEDIA02/CONTENIDOS/201504/29/00120647201183____1__600x600.jpg","price":"5,19 €","price_unit":"(51,90 € / Kilo)","categories":["Supermercado","Desayunos Dulces y pan","Desayunos, dulces y pan","Chocolates y bombones","Chocolate negro","CHOCOLATE AND LOVE chocolate negro ecológico con menta 67% de cacao tableta 100 g"],"general_information":[],"ingredients":[],"ean":"5060270120049"},{"full_name":"CHOCOLATE AND LOVE chocolate extra negro ecológico 71% cacao tableta 100 g","name":"chocolate extra negro ecológico 71% cacao tableta 100 g","brand":"CHOCOLATE AND LOVE ","img":"https://sgfm.elcorteingles.es/SGFM/dctm/MEDIA02/CONTENIDOS/201504/29/00120645301183____1__600x600.jpg","price":"4,00 €","price_unit":"(40 € / Kilo)","categories":["Supermercado","Desayunos Dulces y pan","Desayunos, dulces y pan","Chocolates y bombones","Chocolate negro","CHOCOLATE AND LOVE chocolate extra negro ecológico 71% cacao tableta 100 g"],"general_information":[],"ingredients":[],"ean":"5060270120001"},{"full_name":"CHOCOLATE AND LOVE chocolate negro ecológico de Panamá 80% cacao tableta 100 g","name":"chocolate negro ecológico de Panamá 80% cacao tableta 100 g","brand":"CHOCOLATE AND LOVE ","img":"https://sgfm.elcorteingles.es/SGFM/dctm/MEDIA02/CONTENIDOS/201505/12/00120645301191____1__600x600.jpg","price":"5,38 €","price_unit":"(53,80 € / Kilo)","categories":["Supermercado","Desayunos Dulces y pan","Desayunos, dulces y pan","Chocolates y bombones","Chocolate negro","CHOCOLATE AND LOVE chocolate negro ecológico de Panamá 80% cacao tableta 100 g"],"general_information":[],"ingredients":[],"ean":"5060270120285"},{"full_name":"PACARI chocolate negro orgánico Sabores del Sur: cedrón, sal rosa, maracuyá y rosa andina 4uds 200 g","name":"chocolate negro orgánico Sabores del Sur: cedrón, sal rosa, maracuyá y rosa andina 4uds  200 g","brand":"PACARI ","img":"https://sgfm.elcorteingles.es/SGFM/dctm/MEDIA03/201602/19/00120643000654____3__600x600.jpg","price":"16,83 €","price_unit":"(84,15 € / Kilo)","categories":["Supermercado","Desayunos Dulces y pan","Desayunos, dulces y pan","Chocolates y bombones","Chocolate negro","PACARI chocolate negro orgánico Sabores del Sur: cedrón, sal rosa, maracuyá y rosa andina 4uds 200 g"],"general_information":[],"ingredients":[],"ean":"7862109271780"},{"full_name":"PACARI chocolate orgánico sin procesar con el 70% de cacao tableta 50 g","name":"chocolate orgánico sin procesar con el 70% de cacao tableta 50 g","brand":"PACARI ","img":"https://sgfm.elcorteingles.es/SGFM/dctm/MEDIA03/201709/29/00120645301332____2__600x600.jpg","price":"6,38 €","price_unit":"(127,60 € / Kilo)","categories":["Supermercado","Desayunos Dulces y pan","Desayunos, dulces y pan","Chocolates y bombones","Chocolate negro","PACARI chocolate orgánico sin procesar con el 70% de cacao tableta 50 g"],"general_information":[],"ingredients":[],"ean":"7862109270073"},{"full_name":"PACARI chocolate ecológico sin procesar con el 100% de cacao tableta 50 g","name":"chocolate ecológico sin procesar con el 100% de cacao tableta 50 g","brand":"PACARI ","img":"https://sgfm.elcorteingles.es/SGFM/dctm/MEDIA03/201709/29/00120645301399____2__600x600.jpg","price":"6,38 €","price_unit":"(127,60 € / Kilo)","categories":["Supermercado","Desayunos Dulces y pan","Desayunos, dulces y pan","Chocolates y bombones","Chocolate negro","PACARI chocolate ecológico sin procesar con el 100% de cacao tableta 50 g"],"general_information":[],"ingredients":[],"ean":"7862109270080"},{"full_name":"PACARI chocolate negro orgánico con uvillas tableta 50 g","name":"chocolate negro orgánico con uvillas tableta 50 g","brand":"PACARI ","img":"https://sgfm.elcorteingles.es/SGFM/dctm/CONTENIDOS/201511/24/00120643000613____1__600x600.jpg","price":"3,51 €            ","price_unit":"(47,80 € / Kilo)","categories":["Supermercado","Desayunos Dulces y pan","Desayunos, dulces y pan","Chocolates y bombones","Chocolate negro","PACARI chocolate negro orgánico con uvillas tableta 50 g"],"general_information":[],"ingredients":[],"ean":"7862109271018"},{"full_name":"PACARI chocolate negro orgánico con rosa andina de Ecuador tableta 50 g","name":"chocolate negro orgánico con rosa andina de Ecuador tableta 50 g","brand":"PACARI ","img":"https://sgfm.elcorteingles.es/SGFM/dctm/CONTENIDOS/201511/24/00120643000621____1__600x600.jpg","price":"4,28 €            ","price_unit":"(58,40 € / Kilo)","categories":["Supermercado","Desayunos Dulces y pan","Desayunos, dulces y pan","Chocolates y bombones","Chocolate negro","PACARI chocolate negro orgánico con rosa andina de Ecuador tableta 50 g"],"general_information":[],"ingredients":[],"ean":"7862109271391"},{"full_name":"PACARI chocolate negro orgánico con sal en grano y trozos de cacao tableta 50 g","name":"chocolate negro orgánico con sal en grano y trozos de cacao tableta 50 g","brand":"PACARI ","img":"https://sgfm.elcorteingles.es/SGFM/dctm/MEDIA02/CONTENIDOS/201512/01/00120643000639____1__600x600.jpg","price":"4,28 €            ","price_unit":"(58,40 € / Kilo)","categories":["Supermercado","Desayunos Dulces y pan","Desayunos, dulces y pan","Chocolates y bombones","Chocolate negro","PACARI chocolate negro orgánico con sal en grano y trozos de cacao tableta 50 g"],"general_information":[],"ingredients":[],"ean":"7862109270264"},{"full_name":"PACARI chocolate negro orgánico con maracuyá al 60% tableta 50 g","name":"chocolate negro orgánico con maracuyá al 60% tableta 50 g","brand":"PACARI ","img":"https://sgfm.elcorteingles.es/SGFM/dctm/MEDIA03/201602/15/00120643000605____2__600x600.jpg","price":"4,28 €","price_unit":"(85,60 € / Kilo)","categories":["Supermercado","Desayunos Dulces y pan","Desayunos, dulces y pan","Chocolates y bombones","Chocolate negro","PACARI chocolate negro orgánico con maracuyá al 60% tableta 50 g"],"general_information":[],"ingredients":[],"ean":"7862109271438"},{"full_name":"PACARI chocolate negro orgánico con esencia de Cedrón tableta 50 g","name":"chocolate negro orgánico con esencia de Cedrón tableta 50 g","brand":"PACARI ","img":"https://sgfm.elcorteingles.es/SGFM/dctm/MEDIA03/201602/15/00120643000647____1__600x600.jpg","price":"3,51 €","price_unit":"(70,20 € / Kilo)","categories":["Supermercado","Desayunos Dulces y pan","Desayunos, dulces y pan","Chocolates y bombones","Chocolate negro","PACARI chocolate negro orgánico con esencia de Cedrón tableta 50 g"],"general_information":[],"ingredients":[],"ean":"7862109271353"},{"full_name":"OMBAR chocolate negro crudo 90% cacao, 100 %ecológico, sin lactosa y sin gluten unidad 35 g","name":"chocolate negro crudo 90% cacao, 100 %ecológico, sin lactosa y sin gluten unidad 35 g","brand":"OMBAR ","img":"https://sgfm.elcorteingles.es/SGFM/dctm/MEDIA03/201703/09/00120756201016____1__600x600.jpg","price":"2,89 €","categories":["Supermercado","Desayunos Dulces y pan","Desayunos, dulces y pan","Chocolates y bombones","Chocolate negro","OMBAR chocolate negro crudo 90% cacao, 100 %ecológico, sin lactosa y sin gluten unidad 35 g"],"general_information":["Denominación del alimento: Chocolate Negro 90% Crudo Bio","Nombre del operador: Laboratorios Almond SL","Dirección del operador: Avda. Cabecicos Blancos, Parcela 18 2.B. Parque empresarial Cabecicos Blancos 30892 - Librilla, Murcia (Spain)","Cantidad Neta: 35 g","Otras menciones obligatorias en la etiqueta: Ingredientes procedentes de la agricultura ecológica"],"ingredients":[" Cacao crudo, azúcar de coco (10%), manteca de cacao. Solidos de cacao : 90% mínimo. Puede contener trazas de frutos secos y soja."],"conservation":" El producto debe ser almacenado en su envase original, en un lugar fresco, seco y libre de olores.","ean":"5060102661931"},{"full_name":"OMBAR chocolate crudo negro 72% cacao, 100 %ecológico, sin lactosa y sin gluten unidad 35 g","name":"chocolate crudo negro 72% cacao, 100 %ecológico, sin lactosa y sin gluten unidad 35 g","brand":"OMBAR ","img":"https://sgfm.elcorteingles.es/SGFM/dctm/MEDIA03/201703/09/00120756201008____1__600x600.jpg","price":"2,89 €","categories":["Supermercado","Desayunos Dulces y pan","Desayunos, dulces y pan","Chocolates y bombones","Chocolate negro","OMBAR chocolate crudo negro 72% cacao, 100 %ecológico, sin lactosa y sin gluten unidad 35 g"],"general_information":["Denominación del alimento: Chocolate Negro 72% Crudo Bio","Nombre del operador: Laboratorios Almond SL","Dirección del operador: Avda. Cabecicos Blancos, Parcela 18 2.B. Parque empresarial Cabecicos Blancos 30892 - Librilla, Murcia (Spain)","Cantidad Neta: 35 g","Otras menciones obligatorias en la etiqueta: Ingredientes procedentes de la agricultura ecológica"],"ingredients":[" Cacao crudo, azúcar de coco (28%), manteca de cacao, Lactobacillus acidophilus. Solidos de cacao : 72% mínimo. Puede contener trazas de frutos secos y soja."],"conservation":" El producto debe ser almacenado en su envase original, en un lugar fresco, seco y libre de olores.","ean":"5060102661078"},{"full_name":"OMBAR chocolate crudo negro de coco, 100% ecológico, sin lactosa y sin gluten unidad 35 g","name":"chocolate crudo negro de coco, 100% ecológico, sin lactosa y sin gluten unidad 35 g","brand":"OMBAR ","img":"https://sgfm.elcorteingles.es/SGFM/dctm/MEDIA03/201703/09/00120756201024____1__600x600.jpg","price":"2,89 €","categories":["Supermercado","Desayunos Dulces y pan","Desayunos, dulces y pan","Chocolates y bombones","Chocolate negro","OMBAR chocolate crudo negro de coco, 100% ecológico, sin lactosa y sin gluten unidad 35 g"],"general_information":["Denominación del alimento: Chocolate Negro Con Crema de Coco Crudo Bio","Nombre del operador: Laboratorios Almond SL","Dirección del operador: Avda. Cabecicos Blancos, Parcela 18 2.B. Parque empresarial Cabecicos Blancos 30892 - Librilla, Murcia (Spain)","Cantidad Neta: 35 g","Otras menciones obligatorias en la etiqueta: Ingredientes procedentes de la agricultura ecológica"],"ingredients":[" Cacao crudo, azúcar de coco (34%), crema de coco (13%), manteca de cacao, vainas de vainilla en polvo, Lactobacillus acidophilus. Solidos de cacao : 60% mínimo. Puede contener trazas de frutos secos y soja."],"conservation":" El producto debe ser almacenado en su envase original, en un lugar fresco, seco y libre de olores.","ean":"5060102661108"},{"full_name":"OMBAR chocolate crudo negro con mandarina, 100% ecológico, sin lactosa y sin gluten unidad 35 g","name":"chocolate crudo negro con mandarina, 100% ecológico, sin lactosa y sin gluten unidad 35 g","brand":"OMBAR ","img":"https://sgfm.elcorteingles.es/SGFM/dctm/MEDIA03/201703/09/00120756200992____1__600x600.jpg","price":"2,89 €","categories":["Supermercado","Desayunos Dulces y pan","Desayunos, dulces y pan","Chocolates y bombones","Chocolate negro","OMBAR chocolate crudo negro con mandarina, 100% ecológico, sin lactosa y sin gluten unidad 35 g"],"general_information":["Denominación del alimento: Chocolate Con Mandarina Arandanos Crudo Bio","Nombre del operador: Laboratorios Almond SL","Dirección del operador: Avda. Cabecicos Blancos, Parcela 18 2.B. Parque empresarial Cabecicos Blancos 30892 - Librilla, Murcia (Spain)","Cantidad Neta: 35 g","Otras menciones obligatorias en la etiqueta: Ingredientes procedentes de la agricultura ecológica"],"ingredients":[" Cacao crudo, azúcar de coco (35%), manteca de cacao, mandarina en polvo (3,6%), arándanos en polvo (1,4%), aceite de mandarina (0,03%). Solidos de cacao : 60% mínimo. Puede contener trazas de frutos secos y soja."],"conservation":" El producto debe ser almacenado en su envase original, en un lugar fresco, seco y libre de olores.","ean":"5060102661115"},{"full_name":"OMBAR chocolate crudo negro con bayas de goji, 100% ecológico, sin gluten y sin lactosa unidad 35 g","name":"chocolate crudo negro con bayas de goji, 100% ecológico, sin gluten y sin lactosa unidad 35 g","brand":"OMBAR ","img":"https://sgfm.elcorteingles.es/SGFM/dctm/MEDIA03/201703/09/00120756200976____1__600x600.jpg","price":"2,89 €","categories":["Supermercado","Desayunos Dulces y pan","Desayunos, dulces y pan","Chocolates y bombones","Chocolate negro","OMBAR chocolate crudo negro con bayas de goji, 100% ecológico, sin gluten y sin lactosa unidad 35 g"],"general_information":["Denominación del alimento: Chocolate Con Bayas de Goji Crudo Bio","Nombre del operador: Laboratorios Almond SL","Dirección del operador: Avda. Cabecicos Blancos, Parcela 18 2.B. Parque empresarial Cabecicos Blancos 30892 - Librilla, Murcia (Spain)","Cantidad Neta: 35 g","Otras menciones obligatorias en la etiqueta: Ingredientes procedentes de la agricultura ecológica"],"ingredients":[" Cacao crudo, azúcar de coco (33%), manteca de cacao, bayas de Goji en polvo (7%), bayas de Goji enteras (5%), manteca de coco. Solidos de cacao : 60% mínimo. Puede contener trazas de frutos secos y soja."],"conservation":" El producto debe ser almacenado en su envase original, en un lugar fresco, seco y libre de olores.","ean":"5060102661122"},{"full_name":"SIMON COLL chocolate negro 70% cacao con pepitas de cacao de Ghana tableta 85 g","name":"chocolate negro 70% cacao con pepitas de cacao de Ghana tableta 85 g","brand":"SIMON COLL ","img":"https://sgfm.elcorteingles.es/SGFM/dctm/MEDIA03/201603/04/00120645301381____1__600x600.jpg","price":"2,23 €","price_unit":"(26,24 € / Kilo)","categories":["Supermercado","Desayunos Dulces y pan","Desayunos, dulces y pan","Chocolates y bombones","Chocolate negro","SIMON COLL chocolate negro 70% cacao con pepitas de cacao de Ghana tableta 85 g"],"general_information":[],"ingredients":[],"ean":"8413907556709"},{"full_name":"SIMON COLL chocolate negro 99% cacao de Ghana tableta 85 g","name":"chocolate negro 99% cacao de Ghana tableta 85 g","brand":"SIMON COLL ","img":"https://sgfm.elcorteingles.es/SGFM/dctm/MEDIA03/201603/04/00120645301373____1__600x600.jpg","price":"2,40 €","price_unit":"(28,24 € / Kilo)","categories":["Supermercado","Desayunos Dulces y pan","Desayunos, dulces y pan","Chocolates y bombones","Chocolate negro","SIMON COLL chocolate negro 99% cacao de Ghana tableta 85 g"],"general_information":[],"ingredients":[],"ean":"8413907556600"},{"full_name":"BOVETTI chocolate negro de origen Ecuador tableta 100 g","name":"chocolate negro de origen Ecuador tableta 100 g","brand":"BOVETTI ","img":"https://sgfm.elcorteingles.es/SGFM/dctm/MEDIA03/201610/06/00120645301472____1__600x600.jpg","price":"4,39 €","price_unit":"(43,90 € / Kilo)","categories":["Supermercado","Desayunos Dulces y pan","Desayunos, dulces y pan","Chocolates y bombones","Chocolate negro","BOVETTI chocolate negro de origen Ecuador tableta 100 g"],"general_information":["Denominación del alimento: Tableta de chocolate negro origen Ecuador","País de origen: Francia","Nombre del operador: Inasa Import S.L","Dirección del operador: Calle Zurbarán 7. entreplanta 4-28010 Madrid","Lugar de procedencia del alimento: Francia","Cantidad Neta: 100 g"],"ingredients":[" Chocolate negro (masa de cacao ecuatoriano, azúcar, manteca de cacao, aroma natural de vainilla), Cacao min 71%, Puede contener trazas de frutos de cáscara, de leche y de soja,"],"conservation":" Conservar en lugar seco, por debajo de 22° C","ean":"3501940730004"},{"full_name":"BOVETTI chocolate negro bio original de Santo Domingo tableta 100 g","name":"chocolate negro bio original de Santo Domingo tableta 100 g","brand":"BOVETTI ","img":"https://sgfm.elcorteingles.es/SGFM/dctm/MEDIA03/201610/06/00120645301480____1__600x600.jpg","price":"4,39 €","price_unit":"(43,90 € / Kilo)","categories":["Supermercado","Desayunos Dulces y pan","Desayunos, dulces y pan","Chocolates y bombones","Chocolate negro","BOVETTI chocolate negro bio original de Santo Domingo tableta 100 g"],"general_information":["Denominación del alimento: Tableta de chocolate negro Biológico origen Santo Domingo","País de origen: Francia","Nombre del operador: Inasa Import S.L","Dirección del operador: Calle Zurbarán 7. entreplanta 4-28010 Madrid","Lugar de procedencia del alimento: Francia","Cantidad Neta: 100 g"],"ingredients":[" Chocolate negro* dominicano (masa de cacao*, azúcar de caña puro*, manteca de cacao*, cacao en polvo*, vainilla en polvo*), Cacao min 73%, Puede contener trazas de frutos de cáscara, de leche y de soja. *procedente de agricoltura biológica. Cacao, azúcar, vainilla: cumplean los estándares de Comercio JUtso (total 100%)"],"conservation":" Conservar en lugar seco, por debajo de 22° C","ean":"3501940131009"},{"full_name":"OMBAR chocolate crudo negro con crema de coco, 100% ecológico, sin lactosa y sin gluten unidad 35 g","name":"chocolate crudo negro con crema de coco, 100% ecológico, sin lactosa y sin gluten unidad 35 g","brand":"OMBAR ","img":"https://sgfm.elcorteingles.es/SGFM/dctm/MEDIA03/201703/09/00120756200984____1__600x600.jpg","price":"2,89 €","categories":["Supermercado","Desayunos Dulces y pan","Desayunos, dulces y pan","Chocolates y bombones","Chocolate negro","OMBAR chocolate crudo negro con crema de coco, 100% ecológico, sin lactosa y sin gluten unidad 35 g"],"general_information":["Denominación del alimento: Chocolate Con Crema de Coco Crudo Bio","Nombre del operador: Laboratorios Almond SL","Dirección del operador: Avda. Cabecicos Blancos, Parcela 18 2.B. Parque empresarial Cabecicos Blancos 30892 - Librilla, Murcia (Spain)","Cantidad Neta: 35 g","Otras menciones obligatorias en la etiqueta: Ingredientes procedentes de la agricultura ecológica"],"ingredients":[" Azúcar de coco (33%), cacao crudo, crema de coco (20%), manteca de cacao, vainas de vainilla en polvo, lactobacillus acidophilus. Solidos de cacao : 55% mínimo. Puede contener trazas de frutos secos y soja."],"conservation":" El producto debe ser almacenado en su envase original, en un lugar fresco, seco y libre de olores.","ean":"5060102661870"},{"full_name":"ALIADA chocolate con leche extrafino pack 2 tableta 250 g","name":"chocolate con leche extrafino pack 2 tableta 250 g","brand":"ALIADA ","img":"https://sgfm.elcorteingles.es/SGFM//00/96/7/0200242900967/0200242900967000g01011.jpg","price":"1,06 €","price_unit":"(4,24 € / Kilo)","categories":["Supermercado","Desayunos Dulces y pan","Desayunos, dulces y pan","Chocolates y bombones","Chocolates con leche","ALIADA chocolate con leche extrafino pack 2 tableta 250 g"],"general_information":["Denominación del alimento: Chocolate con leche extrafino. Cacao 30 % mínimo.","Nombre del operador: Elaborado para el \nGrupo El Corte Inglés\nHermosilla, 112   28009 Madrid ? España \npor CIF: A03012655","Cantidad Neta: 250 g","Número de raciones por envase: 6"],"ingredients":[" Ingredientes:Azúcar, manteca de cacao, leche en polvo (14%), pasta de cacao, lactosuero en polvo, mantequilla anhidra, emulgente: lecitina de soja y aroma (vainillina). Puede contener trazas de avellanas y almendras."],"conservation":" Evitar ambientes húmedos u olores fuertes. \nAlejar de focos de calor y exposición directa al sol. \nTemparatura ideal de conservación: 16 - 20 ºC.","ean":"8433329045094"},{"full_name":"ALIADA chocolate con leche extrafino tableta 125 g","name":"chocolate con leche extrafino tableta 125 g","brand":"ALIADA ","img":"https://sgfm.elcorteingles.es/SGFM/dctm/MEDIA02/CONTENIDOS/201409/01/00200242900959____1__600x600.jpg","price":"0,68 €","price_unit":"(5,44 € / Kilo)","categories":["Supermercado","Desayunos Dulces y pan","Desayunos, dulces y pan","Chocolates y bombones","Chocolates con leche","ALIADA chocolate con leche extrafino tableta 125 g"],"general_information":["Denominación del alimento: Chocolate con leche extrafino. Cacao 30 % mínimo.","Nombre del operador: Elaborado para el \nGrupo El Corte Inglés\nHermosilla, 112   28009 Madrid ? España \npor CIF: A03012655","Cantidad Neta: 125 g","Número de raciones por envase: 3"],"ingredients":[" Ingredientes:Azúcar, manteca de cacao, leche en polvo (14%), pasta de cacao, lactosuero en polvo, mantequilla anhidra, emulgente: lecitina de soja y aroma (vainillina). Puede contener trazas de avellanas y almendras."],"conservation":" Evitar ambientes húmedos u olores fuertes. \nAlejar de focos de calor y exposición directa al sol. \nTemparatura ideal de conservación: 16 - 20 ºC.","ean":"8433329045087"},{"full_name":"ALIADA chocolate con leche con edulcorantes sin azúcares añadidos tableta 125 g","name":"chocolate con leche con edulcorantes sin azúcares añadidos tableta 125 g","brand":"ALIADA ","img":"https://sgfm.elcorteingles.es/SGFM/dctm/MEDIA02/CONTENIDOS/201409/01/00200247400294____1__600x600.jpg","price":"1,30 €","price_unit":"(10,40 € / Kilo)","categories":["Supermercado","Desayunos Dulces y pan","Desayunos, dulces y pan","Chocolates y bombones","Chocolates con leche","ALIADA chocolate con leche con edulcorantes sin azúcares añadidos tableta 125 g"],"general_information":["Denominación del alimento: Chocolate con leche con edulcorantes sin azúcares añadidos. \nContiene azúcares naturalmente presentes.\nUn consumo excesivo puede tener efectos laxantes.\nCacao 36 % mínimo.","Nombre del operador: Elaborado para el \nGrupo El Corte Inglés\nHermosilla, 112   28009 Madrid ? España \npor CIF: A03012655","Cantidad Neta: 125 g","Número de raciones por envase: 3"],"ingredients":[" Ingredientes: Edulcorante (maltitol), manteca de cacao, pasta de cacao, leche en polvo (14%), leche desnatada en polvo (5%), emulgente: lecitina de soja, edulcorantes: E951 y E950, aroma (vainillina).\nContiene una fuente de fenilalanina. Puede contener trazas de avellana y almendra."],"conservation":" Evitar ambientes húmedos u olores fuertes. \nAlejar de focos de calor y exposición directa al sol. \nTemparatura ideal de conservación: 16 - 20 ºC.","ean":"8433329045216"},{"full_name":"NESTLE EXTRAFINO chocolate con leche pack 3x125 g + 3x20 g estuche 435 g con regalo de un  porta bocatas","name":"chocolate con leche pack 3x125 g + 3x20 g estuche 435 g","brand":"NESTLE EXTRAFINO ","img":"https://sgfm.elcorteingles.es/SGFM/dctm/MEDIA03/201708/03/00120642901324____1__600x600.jpg","price":"3,99 €","price_unit":"(9,17 € / Kilo)","categories":["Supermercado","Desayunos Dulces y pan","Desayunos, dulces y pan","Chocolates y bombones","Chocolates con leche","NESTLE EXTRAFINO chocolate con leche pack 3x125 g + 3x20 g estuche 435 g con regalo de un  porta bocatas"],"general_information":["Denominación del alimento: Chocolate con leche extrafino","Nombre del operador: Nestlé España, S.A.","Dirección del operador: NESTLÉ ESPAÑA, S.A. Edificio Nestlé. 08950 Esplugues de Llobregat (Barcelona).","Cantidad Neta: 435 g"],"ingredients":[" Azúcar, manteca de cacao, leche (18,1%), cacao, suero de leche en polvo, emulgente (lecitina de girasol), aroma natural de vainilla. Puede contener frutos secos. Cacao: 30% mínimo."],"conservation":" Conservar en lugar fresco y seco.","ean":"7613036099486"},{"full_name":"NESTLE EXTRAFINO Chocomeriendas chocolatinas de chocolate con leche 9 unidades estuche 180 g","name":"Chocomeriendas chocolatinas de chocolate con leche 9 unidades estuche 180 g","brand":"NESTLE EXTRAFINO ","img":"https://sgfm.elcorteingles.es/SGFM/dctm/MEDIA03/201612/02/00120642901274____1__600x600.jpg","price":"2,76 €","price_unit":"(15,33 € / Kilo)","categories":["Supermercado","Desayunos Dulces y pan","Desayunos, dulces y pan","Chocolates y bombones","Chocolates con leche","NESTLE EXTRAFINO Chocomeriendas chocolatinas de chocolate con leche 9 unidades estuche 180 g"],"general_information":["Denominación del alimento: Chocolate con leche extrafino.","Nombre del operador: Nestlé España, S.A.","Dirección del operador: Nestlé España S.A. Edificio Nestlé 08950 Esplugues de Llobregat (Barcelona)","Cantidad Neta: 180 g"],"ingredients":[" Azúcar, manteca de cacao, leche (18,1%), cacao, suero de leche en polvo, emulgente (lecitina de girasol), aroma natural de vainilla. Puede contener frutos secos. Cacao: 30% mínimo."],"conservation":" Conservar en lugar limpio, fresco y seco","ean":"7613035735651"},{"full_name":"NESTLE EXTRAFINO chocolate con leche pack 4x125 g tableta 500 g","name":"chocolate con leche pack 4x125 g tableta 500 g","brand":"NESTLE EXTRAFINO ","img":"https://sgfm.elcorteingles.es/SGFM/dctm/MEDIA03/201603/11/00120642901191____1__600x600.jpg","price":"3,59 €","price_unit":"(7,18 € / Kilo)","categories":["Supermercado","Desayunos Dulces y pan","Desayunos, dulces y pan","Chocolates y bombones","Chocolates con leche","NESTLE EXTRAFINO chocolate con leche pack 4x125 g tableta 500 g"],"general_information":["Denominación del alimento: Chocolate con leche extrafino","Nombre del operador: NESTLÉ ESPAÑA, S.A.","Dirección del operador: Edificio Nestlé, 08950. Esplugues de Llobregat (Barcelona)","Cantidad Neta: 500 g","Número de raciones por envase: 28"],"ingredients":[" Azúcar, manteca de cacao, leche (18,1%), cacao, suero de leche en polvo, emulgente (lecitina de girasol), aroma natural de vainilla. Cacao: 30% mínimo Puede contener frutos secos."],"conservation":" Conservar en lugar fresco y seco","ean":"7613035421301"},{"full_name":"NESTLE chocolate con leche sin azúcares añadidos tableta 125 g","name":"chocolate con leche sin azúcares añadidos tableta 125 g","brand":"NESTLE ","img":"https://sgfm.elcorteingles.es/SGFM/00/09/6/0200247400096/0200247400096000g01011.jpg","price":"1,45 €","price_unit":"(11,60 € / Kilo)","categories":["Supermercado","Desayunos Dulces y pan","Desayunos, dulces y pan","Chocolates y bombones","Chocolates con leche","NESTLE chocolate con leche sin azúcares añadidos tableta 125 g"],"general_information":["Denominación del alimento: Chocolate con leche con edulcorante","Nombre del operador: Nestlé España, S.A.","Dirección del operador: Edificio Nestlé 08950 Esplugues de Llobregat (Barcelona)","Cantidad Neta: 125 g","Otras menciones obligatorias en la etiqueta: Un consumo excesivo puede tener efectos laxantes."],"ingredients":[" Ingredientes: Edulcorante (maltitol), manteca de cacao, leche en polvo, cacao, suero de leche en polvo, emulgente (lecitina de girasol), extracto de vainilla. Cacao: 34% mínimo Puede contener frutos secos"],"conservation":" Conservar en lugar fresco y seco","ean":"8410100030890"},{"full_name":"NESTLE EXTRAFINO chocolate con leche pack 3 + tableta de chocolate blond sin gluten 495 g","name":"chocolate con leche pack 3 + tableta de chocolate blond sin gluten  495 g","brand":"NESTLE EXTRAFINO ","img":"https://sgfm.elcorteingles.es/SGFM/dctm/MEDIA03/201701/18/00120642901290____1__600x600.jpg","price":"2,96 €","price_unit":"(5,98 € / Kilo)","categories":["Supermercado","Desayunos Dulces y pan","Desayunos, dulces y pan","Chocolates y bombones","Chocolates con leche","NESTLE EXTRAFINO chocolate con leche pack 3 + tableta de chocolate blond sin gluten 495 g"],"general_information":[],"ingredients":[],"ean":"7613036104739"},{"full_name":"NESTLE EXTRAFINO chocolate con leche pack 3 tableta 150 g","name":"chocolate con leche pack 3 tableta 150 g","brand":"NESTLE EXTRAFINO ","img":"https://sgfm.elcorteingles.es/SGFM//00/66/4/0120642900664/0120642900664000g01011.jpg","price":"2,64 €","price_unit":"(7,04 € / Kilo)","categories":["Supermercado","Desayunos Dulces y pan","Desayunos, dulces y pan","Chocolates y bombones","Chocolates con leche","NESTLE EXTRAFINO chocolate con leche pack 3 tableta 150 g"],"general_information":[],"ingredients":[],"ean":"7613035808362"},{"full_name":"NESTLE EXTRAFINO chocolate con leche sin gluten tableta 300 g","name":"chocolate con leche sin gluten tableta 300 g","brand":"NESTLE EXTRAFINO ","img":"https://sgfm.elcorteingles.es/SGFM/dctm/MEDIA03/201709/14/00120642900227____1__600x600.jpg","price":"1,85 €","price_unit":"(6,17 € / Kilo)","categories":["Supermercado","Desayunos Dulces y pan","Desayunos, dulces y pan","Chocolates y bombones","Chocolates con leche","NESTLE EXTRAFINO chocolate con leche sin gluten tableta 300 g"],"general_information":["Denominación del alimento: Chocolate con leche extrafino","Nombre del operador: Nestlé España, S.A.","Dirección del operador: Edificio Nestlé, 08950 Esplugues de Llobregat (Barcelona)","Cantidad Neta: 300 g","Número de raciones por envase: 13"],"ingredients":[" Azúcar, manteca de cacao, leche (18,1%), cacao, suero de leche en polvo, emulgente (lecitina de girasol), aroma natural de vainilla. Cacao 30% mínimo. Puede contener frutos secos."],"conservation":" Conservar en lugar fresco y seco.","ean":"8410100034027"},{"full_name":"NESTLE EXTRAFINO chocolate con leche pack 2 tableta 125 g","name":"chocolate con leche pack 2 tableta 125 g","brand":"NESTLE EXTRAFINO ","img":"https://sgfm.elcorteingles.es/SGFM/dctm/MEDIA02/CONTENIDOS/201507/20/00200242900405____1__600x600.jpg","price":"1,87 €","price_unit":"(7,48 € / Kilo)","categories":["Supermercado","Desayunos Dulces y pan","Desayunos, dulces y pan","Chocolates y bombones","Chocolates con leche","NESTLE EXTRAFINO chocolate con leche pack 2 tableta 125 g"],"general_information":[],"ingredients":[],"ean":"7613035314146"},{"full_name":"NESTLE EXTRAFINO chocolate con leche tableta 150 g","name":"chocolate con leche tableta 150 g","brand":"NESTLE EXTRAFINO ","img":"https://sgfm.elcorteingles.es/SGFM/dctm/MEDIA03/201703/28/00120642900219____1__600x600.jpg","price":"0,92 €","price_unit":"(7,36 € / Kilo)","categories":["Supermercado","Desayunos Dulces y pan","Desayunos, dulces y pan","Chocolates y bombones","Chocolates con leche","NESTLE EXTRAFINO chocolate con leche tableta 150 g"],"general_information":["Denominación del alimento: Chocolate con leche extrafino","Nombre del operador: NESTLÉ ESPAÑA, S.A.","Dirección del operador: Edificio Nestlé. 08950 Esplugues de Llobregat (Barcelona).","Cantidad Neta: 125 g","Número de raciones por envase: 7"],"ingredients":[" Azúcar, manteca de cacao, leche (18,1%), cacao, suero de leche en polvo, emulgente (lecitina de  girasol), aroma natural de vainilla. Puede contener frutos secos. Cacao: 30% mínimo"],"conservation":" Conservar en lugar fresco y seco.","ean":"7613035268388"},{"full_name":"NESTLE DOLCA chocolate con leche tableta 125 g","name":"chocolate con leche tableta 125 g","brand":"NESTLE DOLCA ","img":"https://sgfm.elcorteingles.es/SGFM/dctm/MEDIA03/201603/07/00120642900631____2__600x600.jpg","price":"0,82 €","price_unit":"(6,56 € / Kilo)","categories":["Supermercado","Desayunos Dulces y pan","Desayunos, dulces y pan","Chocolates y bombones","Chocolates con leche","NESTLE DOLCA chocolate con leche tableta 125 g"],"general_information":["Denominación del alimento: Chocolate con leche","Nombre del operador: Nestlé España, S.A.","Dirección del operador: Edificio Nestlé. 08950 Esplugues de Llobregat (Barcelona).","Cantidad Neta: 125 g"],"ingredients":[" Azúcar, manteca de cacao, leche (15,3%), cacao, suero de leche en polvo, emulgente (lecitina de girasol), aroma natural de vainilla. Puede contener frutos secos. Cacao 25% mínimo."],"conservation":" Conservar en lugar fresco y seco","ean":"8410100036601"},{"full_name":"MILKA chocolate con leche tableta 270 g","name":"chocolate con leche tableta 270 g","brand":"MILKA ","img":"https://sgfm.elcorteingles.es/SGFM/dctm/MEDIA03/201709/20/00120642901332____1__600x600.jpg","price":"2,59 €","price_unit":"(9,59 € / Kilo)","categories":["Supermercado","Desayunos Dulces y pan","Desayunos, dulces y pan","Chocolates y bombones","Chocolates con leche","MILKA chocolate con leche tableta 270 g"],"general_information":[],"ingredients":[],"ean":"7622210693280"},{"full_name":"MILKA chocolate con leche tableta 125 g","name":"chocolate con leche tableta 125 g","brand":"MILKA ","img":"https://sgfm.elcorteingles.es/SGFM/00/56/5/0120642900565/0120642900565000g01011.jpg","price":"0,87 €","price_unit":"(6,96 € / Kilo)","categories":["Supermercado","Desayunos Dulces y pan","Desayunos, dulces y pan","Chocolates y bombones","Chocolates con leche","MILKA chocolate con leche tableta 125 g"],"general_information":["Denominación del alimento: Chocolate con leche de los Alpes.","País de origen: España","Nombre del operador: Mondelez España Commercial, S.L.","Dirección del operador: C/Eucalipto, 25  - 28016 Madrid,  España","Cantidad Neta: 125 g"],"ingredients":[" Ingredientes: Azúcar, manteca de cacao, LECHE desnatada en polvo, pasta de cacao, suero de LECHE en polvo, grasa de LECHE, AVELLANAS molidas, emulgente (lecitina de SOJA), aroma. Cacao: 30 % mínimo. PUEDE CONTENER OTROS FRUTOS DE CÁSCARA Y TRIGO."],"conservation":" Conservar en lugar seco. Proteger del calor.","ean":"8410172652525"},{"full_name":"LINDT SWISS PREMIUM chocolate con extra de leche tableta 300 g","name":"chocolate con extra de leche tableta 300 g","brand":"LINDT SWISS PREMIUM ","img":"https://sgfm.elcorteingles.es/SGFM/dctm/MEDIA02/CONTENIDOS/201407/21/00200242900348____1__600x600.jpg","price":"5,09 €","price_unit":"(16,97 € / Kilo)","categories":["Supermercado","Desayunos Dulces y pan","Desayunos, dulces y pan","Chocolates y bombones","Chocolates con leche","LINDT SWISS PREMIUM chocolate con extra de leche tableta 300 g"],"general_information":["Denominación del alimento: Chocolate","País de origen: Suiza","Nombre del operador: Lindt & Sprüngli","Dirección del operador: C/ Marina 16-18 Torre Mapfre, P39. 08005 (Barcelona)","Cantidad Neta: 300 g"],"ingredients":[" Azúcar, manteca de cacao, leche entera en polvo, pasta de cacao, lactosa, leche desnatada en polvo, emulgente (lecitina de soja), extracto de malta de cebada, aroma. Puede contener almendras, avellanas. Cacao: 31% mínimo"],"conservation":" Conservar en lugar fresco y seco","ean":"7610400013857"},{"full_name":"LINDT chocolate con leche tableta 125 g","name":"chocolate con leche tableta 125 g","brand":"LINDT ","img":"https://sgfm.elcorteingles.es/SGFM/00/64/9/0120642900649/0120642900649000g01011.jpg","price":"1,15 €","price_unit":"(9,20 € / Kilo)","categories":["Supermercado","Desayunos Dulces y pan","Desayunos, dulces y pan","Chocolates y bombones","Chocolates con leche","LINDT chocolate con leche tableta 125 g"],"general_information":["Denominación del alimento: Chocolate","País de origen: Francia","Nombre del operador: Lindt & Sprüngli","Dirección del operador: C/ Marina 16-18 Torre Mapfre, P39. 08005 (Barcelona)","Cantidad Neta: 125 g"],"ingredients":[" Azúcar, manteca de cacao, leche en polvo, pasta de cacao, lactosa, leche desnatada en polvo, emulgente (lecitina de soja), extracto de malta de cebada, aroma (vainilla). Puede contener avellanas, almendras y otros frutos de cáscara. Cacao 30% mínimo."],"conservation":" Conservar en lugar fresco y seco","ean":"8410117000169"},{"full_name":"LINDT chocolate con doble de leche tableta 100 g","name":"chocolate con doble de leche tableta 100 g","brand":"LINDT ","img":"https://sgfm.elcorteingles.es/SGFM//00/82/1/0120646700821/0120646700821000g01011.jpg","price":"1,81 €","price_unit":"(18,10 € / Kilo)","categories":["Supermercado","Desayunos Dulces y pan","Desayunos, dulces y pan","Chocolates y bombones","Chocolates con leche","LINDT chocolate con doble de leche tableta 100 g"],"general_information":["Denominación del alimento: Chocolate","País de origen: Francia","Nombre del operador: Lindt & Sprüngli","Dirección del operador: C/ Marina 16-18 Torre Mapfre, P39. 08005 (Barcelona)","Cantidad Neta: 100 g"],"ingredients":[" Azúcar, manteca de cacao, leche en polvo (16%), grasa láctea anhidra (8%), pasta de cacao, lactosa, leche desnatada en polvo (1%), emulgente (lecitina de soja), extracto de malta de cebada, aromas. Puede contener leche, soja, trigo y frutos de cáscara."],"conservation":" Conservar en lugar fresco y seco","ean":"3046920014038"},{"full_name":"LINDT EXCELLENCE chocolate con leche extra cremoso tableta 100 g","name":"chocolate con leche extra cremoso tableta 100 g","brand":"LINDT EXCELLENCE ","img":"https://sgfm.elcorteingles.es/SGFM/00/26/8/0120642900268/0120642900268000g01011.jpg","price":"2,17 €","price_unit":"(21,70 € / Kilo)","categories":["Supermercado","Desayunos Dulces y pan","Desayunos, dulces y pan","Chocolates y bombones","Chocolates con leche","LINDT EXCELLENCE chocolate con leche extra cremoso tableta 100 g"],"general_information":["Denominación del alimento: Chocolate","País de origen: Francia","Nombre del operador: Lindt & Sprüngli","Dirección del operador: C/ Marina 16-18 Torre Mapfre, P39. 08005 (Barcelona)","Cantidad Neta: 100 g"],"ingredients":[" Azúcar, manteca de cacao, leche en polvo, pasta de cacao, grasa de leche anhidra,  lactosa, leche desnatada en polvo, extracto de malta de cebada, emulgente (lecitina de soja), aroma (vainilla). Puede contener trigo, granos de sésamo y frutos de cáscaras. Cacao: 30% mínimo."],"conservation":" Conservar en lugar fresco y seco","ean":"3046920011013"},{"full_name":"LINDT LINDOR chocolate con leche cremoso tableta 100 g","name":"chocolate con leche cremoso tableta 100 g","brand":"LINDT LINDOR ","img":"https://sgfm.elcorteingles.es/SGFM//00/99/5/0120647200995/0120647200995000g01011.jpg","price":"1,83 €","price_unit":"(18,30 € / Kilo)","categories":["Supermercado","Desayunos Dulces y pan","Desayunos, dulces y pan","Chocolates y bombones","Chocolates con leche","LINDT LINDOR chocolate con leche cremoso tableta 100 g"],"general_information":["Denominación del alimento: Chocolate","País de origen: Suiza","Nombre del operador: Lindt & Sprüngli","Dirección del operador: C/ Marina 16-18 Torre Mapfre, P39. 08005 (Barcelona)","Cantidad Neta: 100 g","Número de raciones por envase: 18"],"ingredients":[" Azúcar, grasas vegetales (coco, palmiste), manteca de cacao, leche en polvo, pasta de cacao, lactosa, leche desnatada en polvo, grasa láctea anhidra, emulgente (lecitina de soja), extracto de malta de cebada, aromas. Puede contener avellanas, almendras."],"conservation":" Conservar en lugar fresco y seco","ean":"7610400081801"},{"full_name":"LINDT chocolate con leche sin azúcares añadidos y sin gluten tableta 100 g","name":"chocolate con leche sin azúcares añadidos y sin gluten tableta 100 g","brand":"LINDT ","img":"https://sgfm.elcorteingles.es/SGFM/dctm/MEDIA03/201605/25/00120647400348____1__600x600.jpg","price":"2,91 €","price_unit":"(29,10 € / Kilo)","categories":["Supermercado","Desayunos Dulces y pan","Desayunos, dulces y pan","Chocolates y bombones","Chocolates con leche","LINDT chocolate con leche sin azúcares añadidos y sin gluten tableta 100 g"],"general_information":["Denominación del alimento: Chocolate","País de origen: Italia","Nombre del operador: Lindt & Sprüngli","Dirección del operador: C/ Marina 16-18 Torre Mapfre, P39. 08005 (Barcelona)","Cantidad Neta: 100 g"],"ingredients":[" Ingredientes: Chocolate con leche sin azúcares añadidos, con edulcorante, edulcorante (maltitol), manteca de cacao, leche en polvo, pasta de cacao, grasa láctea anhidra, emulgente (lecitina de soja), vainilla.Puede contener avellanas, almendras, nueces y pistachos.Fracción de chocolate con leche contiene: Cacao: 35% mínimo.Contiene azúcares naturalmente presentes.Sin glúten."],"conservation":" Conservar en lugar fresco y seco","ean":"8013108694660"},{"full_name":"VALOR chocolate con leche sin gluten tableta 300 g","name":"chocolate con leche sin gluten tableta 300 g","brand":"VALOR ","img":"https://sgfm.elcorteingles.es/SGFM/dctm/MEDIA03/201605/06/00120642900151____1__600x600.jpg","price":"2,44 €","price_unit":"(8,13 € / Kilo)","categories":["Supermercado","Desayunos Dulces y pan","Desayunos, dulces y pan","Chocolates y bombones","Chocolates con leche","VALOR chocolate con leche sin gluten tableta 300 g"],"general_information":["Denominación del alimento: Chocolate con leche","Nombre del operador: Chocolates Valor,S.A.","Dirección del operador: Av. Pianista Gonzalo Soriano, 13 - 03570 - Villajoyosa (Alicante)","Cantidad Neta: 300 g","Otras menciones obligatorias en la etiqueta: Cacao: 34% mínimo"],"ingredients":[" Azúcar, manteca de cacao,  pasta de cacao, leche en polvo (15%), lactosuero en polvo (leche), emulgente: lecitina de soja, aromas. Puede contener trazas de avellana y almendra."],"conservation":" Conservar en lugar fresco y seco, alejado de olores.","ean":"8410109000061"},{"full_name":"VALOR chocolate con leche 0% azúcares añadidos edulcorado con stevia y sin gluten tableta 125 g","name":"chocolate con leche 0% azúcares añadidos edulcorado con stevia y sin gluten tableta 125 g","brand":"VALOR ","img":"https://sgfm.elcorteingles.es/SGFM/dctm/MEDIA03/201610/14/00120647400140____2__600x600.jpg","price":"1,59 €","price_unit":"(12,72 € / Kilo)","categories":["Supermercado","Desayunos Dulces y pan","Desayunos, dulces y pan","Chocolates y bombones","Chocolates con leche","VALOR chocolate con leche 0% azúcares añadidos edulcorado con stevia y sin gluten tableta 125 g"],"general_information":["Denominación del alimento: Chocolate con leche sin azúcares añadidos y con edulcorantes","Nombre del operador: Chocolates Valor,S.A.","Dirección del operador: Av. Pianista Gonzalo Soriano, 13 - 03570 - Villajoyosa (Alicante)","Cantidad Neta: 125 g","Otras menciones obligatorias en la etiqueta: Cacao: 36% mínimo. Un consumo excesivo puede tener efectos laxantes. Producto apto para diabéticos."],"ingredients":[" Edulcorante: maltitol, manteca de cacao, pasta de cacao, leche en polvo (14%), leche desnatada en polvo (5%), emulgente: lecitina de soja, edulcorante: glucósidos de esteviol, aromas.  Puede contener trazas de avellana y almendra."],"conservation":" Conservar en lugar fresco y seco, alejado de olores.","ean":"8410109005165"},{"full_name":"VALOR chocolate con leche sin lactosa ni gluten tableta 125 g","name":"chocolate con leche sin lactosa ni gluten tableta 125 g","brand":"VALOR ","img":"https://sgfm.elcorteingles.es/SGFM/dctm/MEDIA03/201610/14/00120642900904____1__600x600.jpg","price":"1,57 €","price_unit":"(7,85 € / Kilo)","categories":["Supermercado","Desayunos Dulces y pan","Desayunos, dulces y pan","Chocolates y bombones","Chocolates con leche","VALOR chocolate con leche sin lactosa ni gluten tableta 125 g"],"general_information":["Denominación del alimento: Chocolate con Leche","Nombre del operador: Chocolates Valor,S.A.","Dirección del operador: Av. Pianista Gonzalo Soriano, 13 - 03570 - Villajoyosa (Alicante)","Cantidad Neta: 125 g","Otras menciones obligatorias en la etiqueta: Cacao: 35% mínimo. Contenido en lactosa < 0.05 g /100 g"],"ingredients":[" Azúcar, manteca de cacao, leche en polvo sin lactosa, pasta de cacao, emulgente: lecitina de soja, aroma natural de vainilla. Puede contener trazas de avellana y almendra."],"conservation":" Conservar en lugar fresco y seco, alejado de olores.","ean":"8410109004823"},{"full_name":"SOLE chocolate con leche ecológico tableta 100 g","name":"chocolate con leche ecológico tableta 100 g","brand":"SOLE ","img":"https://sgfm.elcorteingles.es/SGFM/00/02/3/0120642700023/0120642700023000g01011.jpg","price":"2,75 €","price_unit":"(27,50 € / Kilo)","categories":["Supermercado","Desayunos Dulces y pan","Desayunos, dulces y pan","Chocolates y bombones","Chocolates con leche","SOLE chocolate con leche ecológico tableta 100 g"],"general_information":[],"ingredients":[],"ean":"8411066002914"},{"full_name":"SABU chocolate Ye-Ye extrafino con leche tableta 100 g","name":"chocolate Ye-Ye extrafino con leche tableta 100 g","brand":"SABU ","img":"https://sgfm.elcorteingles.es/SGFM/dctm/MEDIA02/CONTENIDOS/201410/27/00120642900292____1__600x600.jpg","price":"1,06 €","price_unit":"(10,60 € / Kilo)","categories":["Supermercado","Desayunos Dulces y pan","Desayunos, dulces y pan","Chocolates y bombones","Chocolates con leche","SABU chocolate Ye-Ye extrafino con leche tableta 100 g"],"general_information":["Denominación del alimento: Chocolate con leche","Nombre del operador: Europraline SL.","Dirección del operador: Autovía A-62, Km90 - 34208 San Isidro de Dueñas (Palencia)","Cantidad Neta: 100 g"],"ingredients":[" Azúcar, manteca de cacao, leche entera en polvo, pasta de cacao, emulgente(lecitina de soja), aroma (vainillina), sal."],"conservation":" Conservar en lugar fresco, seco, alejado de olores y protegido de la luz solar. Temperatura ideal de conservación: 12-16°C.","ean":"8411191002063"},{"full_name":"CADBURY Dairy Milk chocolate con leche tableta 200 g","name":"Dairy Milk chocolate con leche tableta 200 g","brand":"CADBURY ","img":"https://sgfm.elcorteingles.es/SGFM/dctm/MEDIA03/201612/15/00120642900359____1__600x600.jpg","price":"3,45 €","price_unit":"(17,25 € / Kilo)","categories":["Supermercado","Desayunos Dulces y pan","Desayunos, dulces y pan","Chocolates y bombones","Chocolates con leche","CADBURY Dairy Milk chocolate con leche tableta 200 g"],"general_information":["Denominación del alimento: CHOCOLATE FAMILIAR CON LECHE.","País de origen: Reino Unido","Nombre del operador: Mondelez España Commercial, S.L.","Dirección del operador: C/Eucalipto, 25  - 28016 Madrid,  España","Cantidad Neta: 200 g"],"ingredients":[" Ingredientes: LECHE**, azúcar, manteca de cacao, pasta de cacao, grasas vegetales (palma, shea), emulgentes (E442, E476), aromas. **El equivalente a 426ml de leche en cada 227g de chocolate familiar con lecheSÓLIDOS DE LA LECHE 20% MÍNIMO, REAL 23%.CACAO: 20% MÍNIMO.CONTIENE GRASAS VEGETALES ADEMÁS DE MANTECA DE CACAO.. PUEDE CONTENER FRUTOS DE CÁSCARA Y TRIGO."],"ean":"7622300736224"},{"full_name":"CHOCOLATE AND LOVE chocolate con leche ecológico con trozos de cacao 55% tableta 100 g","name":"chocolate con leche ecológico con trozos de cacao 55% tableta 100 g","brand":"CHOCOLATE AND LOVE ","img":"https://sgfm.elcorteingles.es/SGFM/dctm/MEDIA02/CONTENIDOS/201503/05/00120642901118____1__600x600.jpg","price":"5,43 €","price_unit":"(54,30 € / Kilo)","categories":["Supermercado","Desayunos Dulces y pan","Desayunos, dulces y pan","Chocolates y bombones","Chocolates con leche","CHOCOLATE AND LOVE chocolate con leche ecológico con trozos de cacao 55% tableta 100 g"],"general_information":[],"ingredients":[],"ean":"5060270120018"},{"full_name":"CIBELES extrafino tableta 125 g","name":"extrafino tableta 125 g","brand":"CIBELES ","img":"https://sgfm.elcorteingles.es/SGFM/dctm/MEDIA03/201609/02/00200242900371____1__600x600.jpg","price":"0,95 €","price_unit":"(7,60 € / Kilo)","categories":["Supermercado","Desayunos Dulces y pan","Desayunos, dulces y pan","Chocolates y bombones","Chocolates con leche","CIBELES extrafino tableta 125 g"],"general_information":["Denominación del alimento: CHOCOLATE CON LECHE.","Nombre del operador: Lacasa España S.A.U.","Dirección del operador: Autovía de Logroño km.14 (50180 Utebo, Zaragoza).","Cantidad Neta: 125 g"],"ingredients":[" Azúcar, manteca de cacao, leche desnatada en polvo, pasta de cacao, leche entera en polvo, mantequilla, pasta de avellana, emulgente (lecitina de soja) y aromas.Cacao 27% mínimo en chocolate.Puede contener trazas de cacahuetes y de otros frutos de cáscara."],"conservation":" Conservar en un lugar fresco y seco.","ean":"8410116010220"},{"full_name":"ALIADA chocolate con leche y almendras tableta 150 g","name":"chocolate con leche y almendras tableta 150 g","brand":"ALIADA ","img":"https://sgfm.elcorteingles.es/SGFM/dctm/MEDIA02/CONTENIDOS/201409/01/00200246700827____1__600x600.jpg","price":"1,08 €","price_unit":"(7,20 € / Kilo)","categories":["Supermercado","Desayunos Dulces y pan","Desayunos, dulces y pan","Chocolates y bombones","Chocolates con frutos secos","ALIADA chocolate con leche y almendras tableta 150 g"],"general_information":["Denominación del alimento: Chocolate con leche y almendras. Cacao 30% mínimo.","Nombre del operador: Elaborado para el \nGrupo El Corte Inglés\nHermosilla, 112   28009 Madrid ? España             por CIF: A03012655","Cantidad Neta: 150 g","Número de raciones por envase: 4"],"ingredients":[" Ingredientes:\nAzúcar, almendras (17%), manteca de cacao,  leche entera en polvo, pasta de cacao, lactosuero en polvo, mantequilla anhidra, emulgente: lecitina de soja, aroma (vainillina). Puede contener trazas de avellanas."],"conservation":" Evitar ambientes húmedos u olores fuertes. \nAlejar de focos de calor y exposición directa al sol. \nTemparatura ideal de conservación: 16 - 20 ºC.","ean":"8433329045179"},{"full_name":"ALIADA chocolate negro con almendras tableta 150 g","name":"chocolate negro con almendras tableta 150 g","brand":"ALIADA ","img":"https://sgfm.elcorteingles.es/SGFM/dctm/MEDIA02/CONTENIDOS/201409/01/00200243000312____1__600x600.jpg","price":"1,00 €","price_unit":"(6,67 € / Kilo)","categories":["Supermercado","Desayunos Dulces y pan","Desayunos, dulces y pan","Chocolates y bombones","Chocolates con frutos secos","ALIADA chocolate negro con almendras tableta 150 g"],"general_information":["Denominación del alimento: Chocolate con almendras.  Cacao 47% mínimo","Nombre del operador: Elaborado para el\nGrupo El Corte Inglés\nHermosilla, 112   28009 Madrid ? España \npor CIF: A03012655","Cantidad Neta: 150 g","Número de raciones por envase: 4"],"ingredients":[" Ingredientes: Azúcar, pasta de cacao, almendras (17%), manteca de cacao, emulgente: lecitina de soja, aroma (vainillina). Puede contener trazas de leche y avellanas."],"conservation":" Evitar ambientes húmedos u olores fuertes. \nAlejar de focos de calor y exposición directa al sol. \nTemparatura ideal de conservación: 16 - 20 ºC.","ean":"8433329045193"},{"full_name":"ALIADA chocolate con leche y avellanas tableta 150 g","name":"chocolate con leche y avellanas tableta 150 g","brand":"ALIADA ","img":"https://sgfm.elcorteingles.es/SGFM/dctm/MEDIA02/CONTENIDOS/201409/01/00200246700835____1__600x600.jpg","price":"1,00 €","price_unit":"(6,67 € / Kilo)","categories":["Supermercado","Desayunos Dulces y pan","Desayunos, dulces y pan","Chocolates y bombones","Chocolates con frutos secos","ALIADA chocolate con leche y avellanas tableta 150 g"],"general_information":["Denominación del alimento: Chocolate con leche y avellanas tostadas. Cacao 30% mínimo.","Nombre del operador: Elaborado para el \nGrupo El Corte Inglés\nHermosilla, 112   28009 Madrid ? España \npor CIF: A03012655","Cantidad Neta: 150 g","Número de raciones por envase: 4"],"ingredients":[" Ingredientes:\nAzúcar, avellanas (17%), manteca de cacao,  leche entera en polvo, pasta de cacao, lactosuero en polvo, mantequilla anhidra, emulgente: lecitina de soja, aroma (vainillina). Puede contener trazas de almendras."],"conservation":" Evitar ambientes húmedos u olores fuertes. \nAlejar de focos de calor y exposición directa al sol. \nTemparatura ideal de conservación: 16 - 20 ºC.","ean":"8433329045186"},{"full_name":"NESTLE EXTRAFINO chocolate con leche y almendras sin gluten tableta 300 g","name":"chocolate con leche y almendras sin gluten tableta 300 g","brand":"NESTLE EXTRAFINO ","img":"https://sgfm.elcorteingles.es/SGFM/dctm/MEDIA03/201603/07/00120646700201____1__600x600.jpg","price":"2,50 €","price_unit":"(8,33 € / Kilo)","categories":["Supermercado","Desayunos Dulces y pan","Desayunos, dulces y pan","Chocolates y bombones","Chocolates con frutos secos","NESTLE EXTRAFINO chocolate con leche y almendras sin gluten tableta 300 g"],"general_information":["Denominación del alimento: Chocolate con leche extrafino y almendras","Nombre del operador: NESTLÉ ESPAÑA, S.A.","Dirección del operador: Edificio Nestlé, 08950 Esplugues de Llobregat (Barcelona)","Cantidad Neta: 300 g"],"ingredients":[" Azúcar, manteca de cacao, leche (15,4%), almendras (15%), cacao, suero de leche en polvo, emulgente (lecitina de girasol), aroma natural de vainilla. Puede contener otros frutos secos. Cacao 30% mínimo."],"conservation":" Conservar en lugar fresco y seco","ean":"8410100034348"},{"full_name":"NESTLE EXTRAFINO chocolate con leche y almendras tableta 123 g","name":"chocolate con leche y almendras tableta 123 g","brand":"NESTLE EXTRAFINO ","img":"https://sgfm.elcorteingles.es/SGFM/dctm/MEDIA03/201603/07/00120646700706____2__600x600.jpg","price":"1,09 €","price_unit":"(8,86 € / Kilo)","categories":["Supermercado","Desayunos Dulces y pan","Desayunos, dulces y pan","Chocolates y bombones","Chocolates con frutos secos","NESTLE EXTRAFINO chocolate con leche y almendras tableta 123 g"],"general_information":["Denominación del alimento: Chocolate con leche extrafino y almendras.","Nombre del operador: NESTLÉ ESPAÑA, S.A.","Dirección del operador: Edificio Nestlé. 08950 Esplugues de Llobregat (Barcelona)","Cantidad Neta: 123 g","Número de raciones por envase: 7"],"ingredients":[" Azúcar, manteca de cacao, leche (15,4%), almendras (15%), cacao, suero de leche en polvo, emulgente (lecitina de girasol), aroma natural de vainilla. Puede contener otros frutos secos. Cacao: 30% mínimo."],"conservation":" Conservar en lugar fresco y seco","ean":"7613035314016"},{"full_name":"NESTLE EXTRAFINO chocolate con leche y avellanas tableta 123 g","name":"chocolate con leche y avellanas tableta 123 g","brand":"NESTLE EXTRAFINO ","img":"https://sgfm.elcorteingles.es/SGFM/dctm/MEDIA02/CONTENIDOS/201511/11/00120646700185____1__600x600.jpg","price":"1,26 €","price_unit":"(10,08 € / Kilo)","categories":["Supermercado","Desayunos Dulces y pan","Desayunos, dulces y pan","Chocolates y bombones","Chocolates con frutos secos","NESTLE EXTRAFINO chocolate con leche y avellanas tableta 123 g"],"general_information":["Denominación del alimento: Chocolate con leche extrafino y avellanas","Nombre del operador: NESTLÉ ESPAÑA, S.A.","Dirección del operador: Edificio Nestlé, 08950 Esplugues de Llobregat (Barcelona)","Cantidad Neta: 123 g","Número de raciones por envase: 7"],"ingredients":[" Azúcar,  manteca de cacao, leche (15,4%), avellanas (15%), cacao, suero de leche en polvo, emulgente (lecitina de  girasol), aroma natural de vainilla. Puede contener otros frutos secos . Cacao: 30% mínimo."],"conservation":" Conservar en lugar fresco y seco","ean":"7613035268364"},{"full_name":"NESTLE RECETAS DE LA CHOCOLATERIA chocolate negro con arándanos azules almendras y avellanas tableta 195 g","name":"chocolate negro con arándanos azules almendras y avellanas tableta 195 g","brand":"NESTLE RECETAS DE LA CHOCOLATERIA ","img":"https://sgfm.elcorteingles.es/SGFM/dctm/MEDIA02/CONTENIDOS/201503/24/00200243000536____1__600x600.jpg","price":"3,02 €","price_unit":"(15,49 € / Kilo)","categories":["Supermercado","Desayunos Dulces y pan","Desayunos, dulces y pan","Chocolates y bombones","Chocolates con frutos secos","NESTLE RECETAS DE LA CHOCOLATERIA chocolate negro con arándanos azules almendras y avellanas tableta 195 g"],"general_information":["Denominación del alimento: Chocolate negro con arándanos confitados, avellanas y almendras","País de origen: Suiza","Nombre del operador: Nestlé España, S.A","Dirección del operador: Edificio Nestlé 08950 Esplugues de Llobregat (Barcelona)","Cantidad Neta: 195 g","Número de raciones por envase: 10"],"ingredients":[" Cacao, azúcar, almendras (6%), avellanas (6%), arándanos confitados (5,5%) (arándanos azules, zumo de manzana concentrado), grasa de leche, emulgente (lecitina de girasol), manteca de cacao, aroma natural de vainilla. Cacao: mínimo 54%.  Puede contener trazas de otros frutos secos, huevo y gluten."],"conservation":" Conservar en lugar fresco y seco","ean":"7613035195660"},{"full_name":"NESTLE RECETAS DE LA CHOCOLATERIA chocolate con leche con pasas almendras y avellanas tableta 195 g","name":"chocolate con leche con pasas almendras y avellanas tableta 195 g","brand":"NESTLE RECETAS DE LA CHOCOLATERIA ","img":"https://sgfm.elcorteingles.es/SGFM/dctm/MEDIA02/CONTENIDOS/201503/27/00200246701007____1__600x600.jpg","price":"3,02 €","price_unit":"(15,49 € / Kilo)","categories":["Supermercado","Desayunos Dulces y pan","Desayunos, dulces y pan","Chocolates y bombones","Chocolates con frutos secos","NESTLE RECETAS DE LA CHOCOLATERIA chocolate con leche con pasas almendras y avellanas tableta 195 g"],"general_information":["Denominación del alimento: Chocolate con leche con uvas pasas, avellanas y almendras","País de origen: Suiza","Nombre del operador: Nestlé España, S.A.","Dirección del operador: Edificio Nestlé. 08950 Esplugues de Llobregat (Barcelona)","Cantidad Neta: 195 g","Número de raciones por envase: 10"],"ingredients":[" Azúcar, leche en polvo, manteca de cacao, cacao, uvas pasas (6,5%), avellanas (5,8%), almendras (5,6%), emulgente (lecitina de girasol), aroma natural de vainilla. Cacao: 29% mínimo. Puede contener trazas de otros frutos secos, huevo y gluten."],"ean":"7613035195691"},{"full_name":"NESTLE RECETAS DE LA CHOCOLATERIA chocolate negro con avellanas tostadas tableta 195 g","name":"chocolate negro con avellanas tostadas tableta 195 g","brand":"NESTLE RECETAS DE LA CHOCOLATERIA ","img":"https://sgfm.elcorteingles.es/SGFM/dctm/MEDIA03/201609/23/00120646701100____1__600x600.jpg","price":"3,13 €","price_unit":"(16,05 € / Kilo)","categories":["Supermercado","Desayunos Dulces y pan","Desayunos, dulces y pan","Chocolates y bombones","Chocolates con frutos secos","NESTLE RECETAS DE LA CHOCOLATERIA chocolate negro con avellanas tostadas tableta 195 g"],"general_information":[],"ingredients":[],"ean":"7613035816084"},{"full_name":"NESTLE RECETAS DE LA CHOCOLATERIA Blond chocolate caramelizado con avellanas y almendras tostadas tableta 195 g","name":"Blond chocolate caramelizado con avellanas y almendras tostadas tableta 195 g","brand":"NESTLE RECETAS DE LA CHOCOLATERIA ","img":"https://sgfm.elcorteingles.es/SGFM/dctm/MEDIA03/201609/23/00120646701092____1__600x600.jpg","price":"3,13 €","price_unit":"(16,05 € / Kilo)","categories":["Supermercado","Desayunos Dulces y pan","Desayunos, dulces y pan","Chocolates y bombones","Chocolates con frutos secos","NESTLE RECETAS DE LA CHOCOLATERIA Blond chocolate caramelizado con avellanas y almendras tostadas tableta 195 g"],"general_information":[],"ingredients":[],"ean":"7613035816060"},{"full_name":"MILKA chocolate con caramelo y avellana entera formato familiar pack 2 tableta 300 g","name":"chocolate con caramelo y avellana entera formato familiar pack 2 tableta 300 g","brand":"MILKA ","img":"https://sgfm.elcorteingles.es/SGFM//00/73/6/0200247200736/0200247200736000g01011.jpg","price":"4,54 €","price_unit":"(7,57 € / Kilo)","categories":["Supermercado","Desayunos Dulces y pan","Desayunos, dulces y pan","Chocolates y bombones","Chocolates con frutos secos","MILKA chocolate con caramelo y avellana entera formato familiar pack 2 tableta 300 g"],"general_information":[],"ingredients":[],"ean":"7622300693350"},{"full_name":"MILKA chocolate con caramelo y avellana entera tableta 300 g","name":"chocolate con caramelo y avellana entera tableta 300 g","brand":"MILKA ","img":"https://sgfm.elcorteingles.es/SGFM//00/59/9/0120646700599/0120646700599000g01011.jpg","price":"2,60 €","price_unit":"(8,67 € / Kilo)","categories":["Supermercado","Desayunos Dulces y pan","Desayunos, dulces y pan","Chocolates y bombones","Chocolates con frutos secos","MILKA chocolate con caramelo y avellana entera tableta 300 g"],"general_information":["Denominación del alimento: Chocolate con leche de los Alpes con relleno cremoso lácteo con sabor a caramelo (32%), de crema de caramelo (10%) y avellanas enteras (8%).","País de origen: Austria","Nombre del operador: Mondelez España Commercial, S.L.","Dirección del operador: C/Eucalipto, 25  - 28016 Madrid,  España","Cantidad Neta: 300 g"],"ingredients":[" Ingredientes: Azúcar, grasa de palma, manteca de cacao, AVELLANAS, LECHE desnatada en polvo, suero de LECHE en polvo, pasta de cacao, jarabe de glucosa, grasa de LECHE, LECHE desnatada condensada, humectante (glicerina), emulgente (lecitina de SOJA, lecitina de girasol), jarabe de azúcar invertido, sirope de azúcar caramelizado (0,4%), aromas, sal. \n7.5% leche desnatada en polvo en el relleno cremoso lácteo. PUEDE CONTENER TRIGO Y OTROS FRUTOS DE CÁSCARA."],"conservation":" Conservar en lugar seco. Proteger del calor.","ean":"7622300134532"},{"full_name":"MILKA chocolate con leche y avellanas enteras tableta 270 g","name":"chocolate con leche y avellanas enteras tableta 270 g","brand":"MILKA ","img":"https://sgfm.elcorteingles.es/SGFM/dctm/MEDIA03/201709/19/00120646701134____1__600x600.jpg","price":"3,33 €","price_unit":"(12,33 € / Kilo)","categories":["Supermercado","Desayunos Dulces y pan","Desayunos, dulces y pan","Chocolates y bombones","Chocolates con frutos secos","MILKA chocolate con leche y avellanas enteras tableta 270 g"],"general_information":["Denominación del alimento: Chocolate con leche de los Alpes con avellanas enteras.","País de origen: Austria","Nombre del operador: Mondelez España Commercial, S.L.","Dirección del operador: C/Eucalipto, 25  - 28016 Madrid,  España","Cantidad Neta: 270 g"],"ingredients":[" Ingredientes: Azúcar, AVELLANAS (17%), manteca de cacao, LECHE desnatada en polvo, pasta de cacao, suero de LECHE en polvo, grasa de LECHE, emulgente (lecitina de SOJA), AVELLANAS molidas, aroma. Cacao: 30% mínimo en el chocolate con leche de los Alpes.. PUEDE CONTENER OTROS FRUTOS DE CÁSCARA Y TRIGO.."],"ean":"7622210693266"},{"full_name":"MILKA chocolate con leche y almendras tableta 125 g","name":"chocolate con leche y almendras tableta 125 g","brand":"MILKA ","img":"https://sgfm.elcorteingles.es/SGFM/00/28/0/0200246700280/0200246700280000g01011.jpg","price":"1,51 €","price_unit":"(12,08 € / Kilo)","categories":["Supermercado","Desayunos Dulces y pan","Desayunos, dulces y pan","Chocolates y bombones","Chocolates con frutos secos","MILKA chocolate con leche y almendras tableta 125 g"],"general_information":["Denominación del alimento: Chocolate con leche de los Alpes con almendras troceadas.","País de origen: España","Nombre del operador: Mondelez España Commercial, S.L.","Dirección del operador: C/Eucalipto, 25  - 28016 Madrid,  España","Cantidad Neta: 125 g"],"ingredients":[" Ingredientes: Azúcar, ALMENDRAS (15 %), manteca de cacao, LECHE desnatada en polvo, pasta de cacao, suero de LECHE en polvo, grasa de LECHE, AVELLANAS molidas, emulgente (lecitina de SOJA), aroma.Cacao: 30 % mínimo en chocolate con leche de los Alpes. PUEDE CONTENER TRIGO."],"ean":"8410172652600"},{"full_name":"LINDT chocolate con leche y crujientes avellanas tableta 100 g","name":"chocolate con leche y crujientes avellanas tableta 100 g","brand":"LINDT ","img":"https://sgfm.elcorteingles.es/SGFM/dctm/MEDIA03/201709/19/00120646700698____1__600x600.jpg","price":"1,93 €","price_unit":"(19,30 € / Kilo)","categories":["Supermercado","Desayunos Dulces y pan","Desayunos, dulces y pan","Chocolates y bombones","Chocolates con frutos secos","LINDT chocolate con leche y crujientes avellanas tableta 100 g"],"general_information":["Denominación del alimento: Chocolate","País de origen: Francia","Nombre del operador: Lindt & Sprüngli","Dirección del operador: C/ Marina 16-18 Torre Mapfre, P39. 08005 (Barcelona)","Cantidad Neta: 100 g"],"ingredients":[" Azúcar, manteca de cacao, avellanas, leche en polvo, pasta de cacao, lactosa, leche desnatada en polvo, almendras, extracto de malta de cebada, emulgente (lecitina de soja), aroma (vainilla). Puede contener otros frutos de cáscara y trigo. Cacao: 30% mínimo."],"conservation":" Conservar en lugar fresco y seco","ean":"3046920020015"},{"full_name":"LINDT chocolate con leche y crujientes almendras tableta 100 g","name":"chocolate con leche y crujientes almendras tableta 100 g","brand":"LINDT ","img":"https://sgfm.elcorteingles.es/SGFM/dctm/MEDIA03/201709/19/00120646700227____1__600x600.jpg","price":"1,93 €","price_unit":"(19,30 € / Kilo)","categories":["Supermercado","Desayunos Dulces y pan","Desayunos, dulces y pan","Chocolates y bombones","Chocolates con frutos secos","LINDT chocolate con leche y crujientes almendras tableta 100 g"],"general_information":["Denominación del alimento: Chocolate","País de origen: Alemania","Nombre del operador: Lindt & Sprüngli","Dirección del operador: C/ Marina 16-18 Torre Mapfre, P39. 08005 (Barcelona)","Cantidad Neta: 100 g"],"ingredients":[" Azúcar, manteca de cacao, almendras (15%), leche en polvo, pasta de cacao, lactosa, leche desnatada en polvo, emulgente (lecitina de soja), extracto de malta de cebada, aroma. Puede contener avellanas. Cacao: 31% mínimo."],"conservation":" Conservar en lugar fresco y seco","ean":"3046920018005"},{"full_name":"LINDT SWISS PREMIUM chocolate con leche y avellanas tableta 300 g","name":"chocolate con leche y avellanas tableta 300 g","brand":"LINDT SWISS PREMIUM ","img":"https://sgfm.elcorteingles.es/SGFM/dctm/MEDIA02/CONTENIDOS/201407/21/00120646700219____1__600x600.jpg","price":"4,77 €","price_unit":"(15,90 € / Kilo)","categories":["Supermercado","Desayunos Dulces y pan","Desayunos, dulces y pan","Chocolates y bombones","Chocolates con frutos secos","LINDT SWISS PREMIUM chocolate con leche y avellanas tableta 300 g"],"general_information":["Denominación del alimento: Chocolate","País de origen: Suiza","Nombre del operador: Lindt & Sprüngli","Dirección del operador: C/ Marina 16-18 Torre Mapfre, P39. 08005 (Barcelona)","Cantidad Neta: 300 g"],"ingredients":[" Azúcar, manteca de cacao, avellanas (15%), leche en polvo, pasta de cacao, lactosa, leche desnatada en polvo, emulgente (lecitina de soja), extracto de malta de cebada, aroma. Puede contener almendras. Cacao: 31% mínimo."],"conservation":" Conservar en lugar fresco y seco","ean":"7610400013864"},{"full_name":"LINDT SWISS PREMIUM chocolate con leche y almendras enteras tableta 300 g","name":"chocolate con leche y almendras enteras tableta 300 g","brand":"LINDT SWISS PREMIUM ","img":"https://sgfm.elcorteingles.es/SGFM/dctm/MEDIA02/CONTENIDOS/201407/21/00120646700334____1__600x600.jpg","price":"4,77 €","price_unit":"(15,90 € / Kilo)","categories":["Supermercado","Desayunos Dulces y pan","Desayunos, dulces y pan","Chocolates y bombones","Chocolates con frutos secos","LINDT SWISS PREMIUM chocolate con leche y almendras enteras tableta 300 g"],"general_information":["Denominación del alimento: Chocolate","País de origen: Suiza","Nombre del operador: Lindt & Sprüngli","Dirección del operador: C/ Marina 16-18 Torre Mapfre, P39. 08005 (Barcelona)","Cantidad Neta: 300 g"],"ingredients":[" Azúcar, manteca de cacao, almendras (15%), leche en polvo, pasta de cacao, lactosa, leche desnatada en polvo, emulgente (lecitina de soja), extracto de malta de cebada, aroma. Puede contener avellanas. Cacao: 31% mínimo."],"conservation":" Conservar en lugar fresco y seco","ean":"7610400068499"},{"full_name":"LINDT SWISS PREMIUM chocolate negro con almendras enteras tableta 300 g","name":"chocolate negro con almendras enteras tableta 300 g","brand":"LINDT SWISS PREMIUM ","img":"https://sgfm.elcorteingles.es/SGFM//00/52/2/0120643000522/0120643000522000g01011.jpg","price":"4,77 €","price_unit":"(15,90 € / Kilo)","categories":["Supermercado","Desayunos Dulces y pan","Desayunos, dulces y pan","Chocolates y bombones","Chocolates con frutos secos","LINDT SWISS PREMIUM chocolate negro con almendras enteras tableta 300 g"],"general_information":["Denominación del alimento: Chocolate","País de origen: Suiza","Nombre del operador: Lindt & Sprüngli","Dirección del operador: C/ Marina 16-18 Torre Mapfre, P39. 08005 (Barcelona)","Cantidad Neta: 300 g"],"ingredients":[" Azúcar, pasta de cacao, almendras (15%), manteca de cacao, grasa láctea anhidra, leche desnatada en polvo, emulgente (lecitina de soja), aroma. Puede contener avellanas. Cacao: 49% mínimo."],"conservation":" Conservar en lugar fresco y seco","ean":"7610400068482"},{"full_name":"LINDT SWISS PREMIUM chocolate con leche pasas y avellanas tableta 300 g","name":"chocolate con leche pasas y avellanas tableta 300 g","brand":"LINDT SWISS PREMIUM ","img":"https://sgfm.elcorteingles.es/SGFM/dctm/MEDIA02/CONTENIDOS/201407/21/00120646700177____1__600x600.jpg","price":"4,77 €","price_unit":"(15,90 € / Kilo)","categories":["Supermercado","Desayunos Dulces y pan","Desayunos, dulces y pan","Chocolates y bombones","Chocolates con frutos secos","LINDT SWISS PREMIUM chocolate con leche pasas y avellanas tableta 300 g"],"general_information":["Denominación del alimento: Chocolate","País de origen: Suiza","Nombre del operador: Lindt & Sprüngli","Dirección del operador: C/ Marina 16-18 Torre Mapfre, P39. 08005 (Barcelona)","Cantidad Neta: 300 g"],"ingredients":[" Azúcar, manteca de cacao, leche en polvo, pasas (12%), avellanas (10%), pasta de cacao, lactosa, almendras (2%), leche desnatada en polvo, emulgente (lecitina de soja), extracto de malta de cebada, aroma. Cacao: 30% mínimo."],"conservation":" Conservar en lugar fresco y seco","ean":"7610400013802"},{"full_name":"LINDT LES GRANDES chocolate blanco con 32% de almendras enteras tableta 150 g","name":"chocolate blanco con 32% de almendras enteras tableta 150 g","brand":"LINDT LES GRANDES ","img":"https://sgfm.elcorteingles.es/SGFM//00/92/0/0120646700920/0120646700920000g01011.jpg","price":"3,85 €","price_unit":"(25,67 € / Kilo)","categories":["Supermercado","Desayunos Dulces y pan","Desayunos, dulces y pan","Chocolates y bombones","Chocolates con frutos secos","LINDT LES GRANDES chocolate blanco con 32% de almendras enteras tableta 150 g"],"general_information":["Denominación del alimento: Chocolate","País de origen: Suiza","Nombre del operador: Lindt & Sprüngli","Dirección del operador: C/ Marina 16-18 Torre Mapfre, P39. 08005 (Barcelona)","Cantidad Neta: 150 g"],"ingredients":[" Almendras, azúcar, manteca de cacao, leche en polvo, leche desnatada en polvo, emulgente (lecitina de soja), aroma. Puede contener avellanas."],"conservation":" Conservar en lugar fresco y seco","ean":"7610400074582"},{"full_name":"LINDT SWISS PREMIUM chocolate negro con naranja y almendras tableta 300 g","name":"chocolate negro con naranja y almendras tableta 300 g","brand":"LINDT SWISS PREMIUM ","img":"https://sgfm.elcorteingles.es/SGFM/dctm/MEDIA03/201704/24/00120643000803____1__600x600.jpg","price":"4,99 €","price_unit":"(16,63 € / Kilo)","categories":["Supermercado","Desayunos Dulces y pan","Desayunos, dulces y pan","Chocolates y bombones","Chocolates con frutos secos","LINDT SWISS PREMIUM chocolate negro con naranja y almendras tableta 300 g"],"general_information":["Denominación del alimento: Chocolate","País de origen: Alemania","Nombre del operador: Lindt & Sprüngli","Dirección del operador: C/ Marina 16-18 Torre Mapfre, P39. 08005 (Barcelona)","Cantidad Neta: 300 g"],"ingredients":[" Ingredientes: azúcar, pasta de cacao, manteca de cacao, almendras (10%), preparado de naranja (8%) (naranja (34%), azúcar, manzana, fibras de piña, corrector de acidez (ácido cítrico), gelificante (alginato sódico), estabilizante (fosfatos de calcio), aromas), grasa láctea anhidra, leche desnatada en polvo, emulgente (lecitina de soja), aromas.Puede contener avellanas y otros frutos de cáscara.Fracción de chocolate negro contiene: Cacao 49% mínimo"],"conservation":" Conservar en lugar fresco y seco","ean":"7610400069267"},{"full_name":"LINDT LES GRANDES chocolate negro con 32% de almendras enteras tableta 150 g","name":"chocolate negro con 32% de almendras enteras tableta 150 g","brand":"LINDT LES GRANDES ","img":"https://sgfm.elcorteingles.es/SGFM//00/56/3/0120643000563/0120643000563000g01011.jpg","price":"3,03 €","price_unit":"(20,20 € / Kilo)","categories":["Supermercado","Desayunos Dulces y pan","Desayunos, dulces y pan","Chocolates y bombones","Chocolates con frutos secos","LINDT LES GRANDES chocolate negro con 32% de almendras enteras tableta 150 g"],"general_information":["Denominación del alimento: Chocolate","País de origen: Suiza","Nombre del operador: Lindt & Sprüngli","Dirección del operador: C/ Marina 16-18 Torre Mapfre, P39. 08005 (Barcelona)","Cantidad Neta: 150 g"],"ingredients":[" Azúcar, almendras (32%), pasta de cacao, manteca de cacao, grasa láctea anhidra, emulgente (lecitina de soja), aroma. Puede contener avellanas, leche. Cacao: 43% mínimo."],"conservation":" Conservar en lugar fresco y seco","ean":"7610400074469"},{"full_name":"LINDT LES GRANDES chocolate con leche y 32% de almendras enteras tableta 150 g","name":"chocolate con leche y 32% de almendras enteras tableta 150 g","brand":"LINDT LES GRANDES ","img":"https://sgfm.elcorteingles.es/SGFM//00/93/8/0120646700938/0120646700938000g01011.jpg","price":"3,01 €","price_unit":"(20,07 € / Kilo)","categories":["Supermercado","Desayunos Dulces y pan","Desayunos, dulces y pan","Chocolates y bombones","Chocolates con frutos secos","LINDT LES GRANDES chocolate con leche y 32% de almendras enteras tableta 150 g"],"general_information":["Denominación del alimento: Chocolate","País de origen: Suiza","Nombre del operador: Lindt & Sprüngli","Dirección del operador: C/ Marina 16-18 Torre Mapfre, P39. 08005 (Barcelona)","Cantidad Neta: 150 g"],"ingredients":[" Azúcar, almendras (32%), pasta de cacao, manteca de cacao, leche en polvo, lactosa, leche desnatada en polvo, emulgente (lecitina de soja), extracto de malta de cebada, avellanas, aroma."],"conservation":" Conservar en lugar fresco y seco","ean":"7610400074476"},{"full_name":"LINDT EXCELLENCE chocolate negro con trocitos de avellana crujientes tableta 100 g","name":"chocolate negro con trocitos de avellana crujientes tableta 100 g","brand":"LINDT EXCELLENCE ","img":"https://sgfm.elcorteingles.es/SGFM/dctm/MEDIA03/201604/21/00120643000696____1__600x600.jpg","price":"2,44 €","price_unit":"(24,40 € / Kilo)","categories":["Supermercado","Desayunos Dulces y pan","Desayunos, dulces y pan","Chocolates y bombones","Chocolates con frutos secos","LINDT EXCELLENCE chocolate negro con trocitos de avellana crujientes tableta 100 g"],"general_information":["Denominación del alimento: Chocolate","País de origen: Francia","Nombre del operador: Lindt & Sprüngli","Dirección del operador: C/ Marina 16-18 Torre Mapfre, P39. 08005 (Barcelona)","Cantidad Neta: 100 g"],"ingredients":[" Ingredientes:Azúcar ,pasta de cacao, avellanas del Piemonte, manteca de cacao, grasa lácteaanhidra, emulgente (lecitina de soja), aroma .Puede contener trigo, granos de sésamo y otros frutos de cáscara . Cacao: 47% mínimo."],"conservation":" Conservar en lugar fresco y seco","ean":"3046920010801"},{"full_name":"LINDT EXCELLENCE chocolate negro con nueces pecanas caramelizadas tableta 100 g","name":"chocolate negro con nueces pecanas caramelizadas tableta 100 g","brand":"LINDT EXCELLENCE ","img":"https://sgfm.elcorteingles.es/SGFM/dctm/MEDIA03/201604/21/00120643000704____1__600x600.jpg","price":"2,44 €","price_unit":"(24,40 € / Kilo)","categories":["Supermercado","Desayunos Dulces y pan","Desayunos, dulces y pan","Chocolates y bombones","Chocolates con frutos secos","LINDT EXCELLENCE chocolate negro con nueces pecanas caramelizadas tableta 100 g"],"general_information":["Denominación del alimento: Chocolate","País de origen: Francia","Nombre del operador: Lindt & Sprüngli","Dirección del operador: C/ Marina 16-18 Torre Mapfre, P39. 08005 (Barcelona)","Cantidad Neta: 100 g"],"ingredients":[" Ingredientes:Azúcar ,pasta de cacao, nueces Pecanas caramelizadas (14%) (nueces pacanas,azúcar), manteca de cacao, grasa lácteaanhidra, emulgente (lecitina de soja), aroma .Puede contener granos de sésamo y otros frutos de cáscara . Cacao: 47% mínimo.Chocolate negro con nueces pacanas caramelizadas."],"conservation":" Conservar en lugar fresco y seco","ean":"3046920010351"},{"full_name":"VALOR especial puro con almendras sin gluten tableta 500 g","name":"especial puro con almendras sin gluten tableta 500 g","brand":"VALOR ","img":"https://sgfm.elcorteingles.es/SGFM/dctm/MEDIA03/201602/18/00120643000472____1__600x600.jpg","price":"7,92 €","price_unit":"(15,84 € / Kilo)","categories":["Supermercado","Desayunos Dulces y pan","Desayunos, dulces y pan","Chocolates y bombones","Chocolates con frutos secos","VALOR especial puro con almendras sin gluten tableta 500 g"],"general_information":["Denominación del alimento: Chocolate con almendras","Nombre del operador: Chocolates Valor,S.A.","Dirección del operador: Av. Pianista Gonzalo Soriano, 13 - 03570 - Villajoyosa (Alicante)","Cantidad Neta: 500 g","Otras menciones obligatorias en la etiqueta: Cacao: 52% mínimo en el chocolate"],"ingredients":[" Azúcar, pasta de cacao, almendra (25%), manteca de cacao, emulgente: lecitina de soja, aroma. Puede contener trazas de leche y avellana."],"conservation":" Conservar en lugar fresco y seco, alejado de olores.","ean":"8410109000290"},{"full_name":"VALOR chocolate puro con almendras sin gluten tableta 250 g","name":"chocolate puro con almendras sin gluten tableta 250 g","brand":"VALOR ","img":"https://sgfm.elcorteingles.es/SGFM/dctm/MEDIA03/201604/20/00120643000464____1__600x600.jpg","price":"3,07 €","price_unit":"(12,28 € / Kilo)","categories":["Supermercado","Desayunos Dulces y pan","Desayunos, dulces y pan","Chocolates y bombones","Chocolates con frutos secos","VALOR chocolate puro con almendras sin gluten tableta 250 g"],"general_information":["Denominación del alimento: Chocolate con almendras","Nombre del operador: Chocolates Valor,S.A.","Dirección del operador: Av. Pianista Gonzalo Soriano, 13 - 03570 - Villajoyosa (Alicante)","Cantidad Neta: 250 g","Otras menciones obligatorias en la etiqueta: Cacao: 52% mínimo"],"ingredients":[" Azúcar, pasta de cacao, almendra (25%), manteca de cacao, emulgente: lecitina de soja, aroma. Puede contener trazas de leche y avellana."],"conservation":" Conservar en lugar fresco y seco, alejado de olores.","ean":"8410109000085"},{"full_name":"VALOR chocolate con leche y almendras marconas enteras sin gluten tableta 250 g","name":"chocolate con leche y almendras marconas enteras sin gluten tableta 250 g","brand":"VALOR ","img":"https://sgfm.elcorteingles.es/SGFM/dctm/MEDIA03/201610/14/00120646700102____2__600x600.jpg","price":"3,12 €","price_unit":"(12,48 € / Kilo)","categories":["Supermercado","Desayunos Dulces y pan","Desayunos, dulces y pan","Chocolates y bombones","Chocolates con frutos secos","VALOR chocolate con leche y almendras marconas enteras sin gluten tableta 250 g"],"general_information":["Denominación del alimento: Chocolate con leche con almendras","Nombre del operador: Chocolates Valor,S.A.","Dirección del operador: Av. Pianista Gonzalo Soriano, 13 - 03570 - Villajoyosa (Alicante)","Cantidad Neta: 250 g","Otras menciones obligatorias en la etiqueta: Cacao: 34% mínimo"],"ingredients":[" Azúcar, almendra (25%), manteca de cacao, pasta de cacao, leche en polvo, lactosuero en polvo (leche), emulgente: lecitina de soja, aromas. Puede contener trazas de avellana."],"conservation":" Conservar en lugar fresco y seco, alejado de olores.","ean":"8410109000078"},{"full_name":"VALOR chocolate con leche y avellanas mediterráneas enteras sin gluten tableta 250 g","name":"chocolate con leche y avellanas mediterráneas enteras sin gluten tableta 250 g","brand":"VALOR ","img":"https://sgfm.elcorteingles.es/SGFM/dctm/MEDIA03/201609/02/00120646700086____1__600x600.jpg","price":"3,17 €","price_unit":"(12,68 € / Kilo)","categories":["Supermercado","Desayunos Dulces y pan","Desayunos, dulces y pan","Chocolates y bombones","Chocolates con frutos secos","VALOR chocolate con leche y avellanas mediterráneas enteras sin gluten tableta 250 g"],"general_information":["Denominación del alimento: Chocolate con leche con avellanas","Nombre del operador: Chocolates Valor,S.A.","Dirección del operador: Av. Pianista Gonzalo Soriano, 13 - 03570 - Villajoyosa (Alicante)","Cantidad Neta: 250 g","Otras menciones obligatorias en la etiqueta: Cacao: 34% mínimo"],"ingredients":[" Azúcar, avellana (20%), manteca de cacao, pasta de cacao, leche en polvo, lactosuero en polvo (leche), emulgente: lecitina de soja, aroma. Puede contener trazas de almendra"],"conservation":" Conservar en lugar fresco y seco, alejado de olores.","ean":"8410109000092"},{"full_name":"VALOR chocolate negro 70% con almendras marconas enteras sin gluten tableta 250 g","name":"chocolate negro 70% con almendras marconas enteras sin gluten tableta 250 g","brand":"VALOR ","img":"https://sgfm.elcorteingles.es/SGFM/dctm/MEDIA03/201605/06/00120643000548____2__600x600.jpg","price":"3,17 €","price_unit":"(12,68 € / Kilo)","categories":["Supermercado","Desayunos Dulces y pan","Desayunos, dulces y pan","Chocolates y bombones","Chocolates con frutos secos","VALOR chocolate negro 70% con almendras marconas enteras sin gluten tableta 250 g"],"general_information":["Denominación del alimento: Chocolate con almendras","Nombre del operador: Chocolates Valor,S.A.","Dirección del operador: Av. Pianista Gonzalo Soriano, 13 - 03570 - Villajoyosa (Alicante)","Cantidad Neta: 250 g","Otras menciones obligatorias en la etiqueta: Cacao: 70% mínimo"],"ingredients":[" Pasta de cacao, almendra (25%), azúcar, cacao desgrasado en polvo, manteca de cacao, emulgente: lecitina de soja. Puede contener trazas de avellana y leche."],"conservation":" Conservar en lugar fresco y seco, alejado de olores.","ean":"8410109000726"},{"full_name":"VALOR chocolate con leche y almendras mediterráneas enteras sin lactosa y sin gluten tableta 150 g","name":"chocolate con leche y almendras mediterráneas enteras sin lactosa y sin gluten tableta 150 g","brand":"VALOR ","img":"https://sgfm.elcorteingles.es/SGFM/dctm/MEDIA03/201610/14/00120646700797____1__600x600.jpg","price":"2,23 €","price_unit":"(11,15 € / Kilo)","categories":["Supermercado","Desayunos Dulces y pan","Desayunos, dulces y pan","Chocolates y bombones","Chocolates con frutos secos","VALOR chocolate con leche y almendras mediterráneas enteras sin lactosa y sin gluten tableta 150 g"],"general_information":["Denominación del alimento: Chocolate con leche con almendras","Nombre del operador: Chocolates Valor,S.A.","Dirección del operador: Av. Pianista Gonzalo Soriano, 13 - 03570 - Villajoyosa (Alicante)","Cantidad Neta: 150 g","Otras menciones obligatorias en la etiqueta: Cacao: 35% mínimo. Contenido en lactosa < 0.05 g /100 g"],"ingredients":[" Azúcar, almendra (25%), manteca de cacao, leche en polvo sin lactosa, pasta de cacao, emulgente: lecitina de soja, aroma natural de vainilla. Puede contener trazas de avellana."],"conservation":" Conservar en lugar fresco y seco, alejado de olores.","ean":"8410109004830"},{"full_name":"VALOR chocolate puro con almendras marconas enteras 0% azúcares añadidos y sin gluten tableta 150 g","name":"chocolate puro con almendras marconas enteras 0% azúcares añadidos y sin gluten tableta 150 g","brand":"VALOR ","img":"https://sgfm.elcorteingles.es/SGFM/dctm/MEDIA03/201603/08/00120647400157____2__600x600.jpg","price":"2,70 €","price_unit":"(18 € / Kilo)","categories":["Supermercado","Desayunos Dulces y pan","Desayunos, dulces y pan","Chocolates y bombones","Chocolates con frutos secos","VALOR chocolate puro con almendras marconas enteras 0% azúcares añadidos y sin gluten tableta 150 g"],"general_information":["Denominación del alimento: Chocolate sin azúcares añadidos con almendras y edulcorantes","Nombre del operador: Chocolates Valor,S.A.","Dirección del operador: Av. Pianista Gonzalo Soriano, 13 - 03570 - Villajoyosa (Alicante)","Cantidad Neta: 150 g","Otras menciones obligatorias en la etiqueta: Cacao: 52% mínimo. Un consumo excesivo puede tener efectos laxantes. Producto apto para diabéticos."],"ingredients":[" Edulcorante: maltitol, pasta de cacao, almendra (25%), manteca de cacao, emulgente: lecitina de soja, edulcorante: glucósidos de esteviol, aromas. Puede contener trazas de leche y avellana."],"conservation":" Conservar en lugar fresco y seco, alejado de olores.","ean":"8410109003178"},{"full_name":"VALOR chocolate negro 70% con almendras marconas enteras 0% azúcares añadidos tableta 150 g edulcorado con stevia y sin gluten","name":"chocolate negro 70% con almendras marconas enteras 0% azúcares añadidos tableta 150 g","brand":"VALOR ","img":"https://sgfm.elcorteingles.es/SGFM/dctm/MEDIA03/201603/11/00120647400363____1__600x600.jpg","price":"2,92 €","price_unit":"(19,47 € / Kilo)","categories":["Supermercado","Desayunos Dulces y pan","Desayunos, dulces y pan","Chocolates y bombones","Chocolates con frutos secos","VALOR chocolate negro 70% con almendras marconas enteras 0% azúcares añadidos tableta 150 g edulcorado con stevia y sin gluten"],"general_information":["Denominación del alimento: Chocolate sin azúcares añadidos con edulcorantes y con almendras","Nombre del operador: Chocolates Valor,S.A.","Dirección del operador: Av. Pianista Gonzalo Soriano, 13 - 03570 - Villajoyosa (Alicante)","Cantidad Neta: 150 g","Otras menciones obligatorias en la etiqueta: Cacao: 70% mínimo. Un consumo excesivo puede tener efectos laxantes. Contiene azúcares naturalmente presentes."],"ingredients":[" Pasta de cacao, almendras (25%), edulcorante: maltitol, cacao desgrasado en polvo, manteca de cacao,  emulgente: lecitina de soja, edulcorante: glucósidos de esteviol (0,01%)*, aromas. Puede contener trazas de leche y avellana."],"conservation":" Conservar en lugar fresco y seco, alejado de olores.","ean":"8410109105445"},{"full_name":"VALOR chocolate con leche y almendras 0% azúcares añadidos y sin gluten tableta 150 g","name":"chocolate con leche y almendras 0% azúcares añadidos y sin gluten tableta 150 g","brand":"VALOR ","img":"https://sgfm.elcorteingles.es/SGFM/dctm/MEDIA03/201711/17/00120647400165____2__600x600.jpg","price":"2,55 €","price_unit":"(17 € / Kilo)","categories":["Supermercado","Desayunos Dulces y pan","Desayunos, dulces y pan","Chocolates y bombones","Chocolates con frutos secos","VALOR chocolate con leche y almendras 0% azúcares añadidos y sin gluten tableta 150 g"],"general_information":["Denominación del alimento: Chocolate con leche sin azúcares añadidos con edulcorantes y almendras","Nombre del operador: Chocolates Valor,S.A.","Dirección del operador: Av. Pianista Gonzalo Soriano, 13 - 03570 - Villajoyosa (Alicante)","Cantidad Neta: 150 g","Otras menciones obligatorias en la etiqueta: Cacao: 36% mínimo. Un consumo excesivo puede tener efectos laxantes. Producto apto para diabéticos."],"ingredients":[" Edulcorante: maltitol, almendra (25%), manteca de cacao, pasta de cacao, leche en polvo, leche desnatada en polvo, emulgente: lecitina de soja, edulcorante: glucósidos de esteviol, aromas. Puede contener trazas de avellana."],"conservation":" Conservar en lugar fresco y seco, alejado de olores.","ean":"8410109003208"},{"full_name":"VISO chocolate extrafino con leche y almendras tableta 150 g","name":"chocolate extrafino con leche y almendras tableta 150 g","brand":"VISO ","price":"1,52 €","price_unit":"(10,13 € / Kilo)","categories":["Supermercado","Desayunos Dulces y pan","Desayunos, dulces y pan","Chocolates y bombones","Chocolates con frutos secos","VISO chocolate extrafino con leche y almendras tableta 150 g"],"general_information":[],"ingredients":[],"ean":"8411191083024"},{"full_name":"SUCHARD Roc chocolate negro con almendras enteras y avellanas tableta 180 g","name":"Roc chocolate negro con almendras enteras y avellanas tableta 180 g","brand":"SUCHARD ","img":"https://sgfm.elcorteingles.es/SGFM/dctm/MEDIA03/201708/31/00120643000894____1__600x600.jpg","price":"3,05 €","price_unit":"(16,94 € / Kilo)","categories":["Supermercado","Desayunos Dulces y pan","Desayunos, dulces y pan","Chocolates y bombones","Chocolates con frutos secos","SUCHARD Roc chocolate negro con almendras enteras y avellanas tableta 180 g"],"general_information":["Denominación del alimento: Chocolate negro con  avellanas (5%) y almendras caramelizadas y saladas (9%).","País de origen: Lituania","Nombre del operador: Mondelez España Commercial, S.L.","Dirección del operador: C/Eucalipto, 25  - 28016 Madrid,  España","Cantidad Neta: 180 g"],"ingredients":[" Ingredientes: Azúcar, pasta de cacao, ALMENDRAS (6%), AVELLANAS (5%), manteca de cacao, grasa de LECHE, emulgente (lecitina de SOJA), sal, jarabe de glucosa, aroma, LECHE desnatada en polvo. Cacao: 46% mínimo en el chocolate negro. PUEDE CONTENER TRIGO Y OTROS FRUTOS DE CÁSCARA."],"ean":"7622210778130"},{"full_name":"SUCHARD Roc chocolate negro con almendras enteras y naranja tableta 180 g","name":"Roc chocolate negro con almendras enteras y naranja tableta 180 g","brand":"SUCHARD ","img":"https://sgfm.elcorteingles.es/SGFM/dctm/MEDIA03/201708/31/00120643000902____1__600x600.jpg","price":"3,05 €","price_unit":"(16,94 € / Kilo)","categories":["Supermercado","Desayunos Dulces y pan","Desayunos, dulces y pan","Chocolates y bombones","Chocolates con frutos secos","SUCHARD Roc chocolate negro con almendras enteras y naranja tableta 180 g"],"general_information":["Denominación del alimento: Chocolate negro con cáscara de naranja confitada (10%) y almendras (8%).","País de origen: Lituania","Nombre del operador: Mondelez España Commercial, S.L.","Dirección del operador: C/Eucalipto, 25  - 28016 Madrid,  España","Cantidad Neta: 180 g"],"ingredients":[" Ingredientes: Azúcar, pasta de cacao, ALMENDRAS (8%), cáscara de naranja (5%), manteca de cacao, grasa de LECHE, jarabe de glucosa y fructosa, dextrosa, emulgente (lecitina de SOJA), aroma, aroma natural de naranja, conservador (dióxido de azufre (SULFITOS)), LECHE en polvo. Cacao: 46% mínimo en el chocolate negro. PUEDE CONTENER TRIGO Y OTROS FRUTOS DE CÁSCARA."],"ean":"7622210778123"},{"full_name":"SIMON COLL chocolate 70% cacao con almendras tableta 100 g","name":"chocolate 70% cacao con almendras tableta 100 g","brand":"SIMON COLL ","img":"https://sgfm.elcorteingles.es/SGFM/dctm/MEDIA03/201603/04/00120643000688____1__600x600.jpg","price":"2,79 €","price_unit":"(27,90 € / Kilo)","categories":["Supermercado","Desayunos Dulces y pan","Desayunos, dulces y pan","Chocolates y bombones","Chocolates con frutos secos","SIMON COLL chocolate 70% cacao con almendras tableta 100 g"],"general_information":[],"ingredients":[],"ean":"8413907126704"},{"full_name":"CADBURY Fruit & Nut chocolate con leche avellanas y pasas tableta 200 g","name":"Fruit & Nut chocolate con leche avellanas y pasas tableta 200 g","brand":"CADBURY ","img":"https://sgfm.elcorteingles.es/SGFM/dctm/MEDIA03/201605/10/00120646700367____1__600x600.jpg","price":"3,69 €","price_unit":"(18,45 € / Kilo)","categories":["Supermercado","Desayunos Dulces y pan","Desayunos, dulces y pan","Chocolates y bombones","Chocolates con frutos secos","CADBURY Fruit & Nut chocolate con leche avellanas y pasas tableta 200 g"],"general_information":["Denominación del alimento: Chocolate familiar con leche con uvas pasas (17%) y almendras (7%).","País de origen: Reino Unido","Nombre del operador: Mondelez España Commercial, S.L.","Dirección del operador: C/Eucalipto, 25  - 28016 Madrid,  España","Cantidad Neta: 200 g"],"ingredients":[" Ingredientes: LECHE**, azúcar, uvas pasas, manteca de cacao, ALMENDRAS, pasta de cacao, grasas vegetales (palma, shea), emulgentes (E442, E476), cacao, aromas. **El equivalente a 426ml de leche en cada 227g de chocolate familiar con lecheCHOCOLATE FAMILIAR CON LECHE: SÓLIDOS DE LA LECHE 20% MÍNIMO, REAL 23%.CACAO: 20% MÍNIMO.CONTIENE GRASAS VEGETALES ADEMÁS DE MANTECA DE CACAO.. PUEDE CONTENER OTROS FRUTOS DE CÁSCARA Y TRIGO."],"ean":"7622300736675"},{"full_name":"SOLE chocolate negro con almendras 73% cacao ecológico tableta 150 g","name":"chocolate negro con almendras 73% cacao ecológico tableta 150 g","brand":"SOLE ","img":"https://sgfm.elcorteingles.es/SGFM/dctm/MEDIA02/CONTENIDOS/201509/17/00120645200062____1__600x600.jpg","price":"3,49 €","price_unit":"(23,27 € / Kilo)","categories":["Supermercado","Desayunos Dulces y pan","Desayunos, dulces y pan","Chocolates y bombones","Chocolates con frutos secos","SOLE chocolate negro con almendras 73% cacao ecológico tableta 150 g"],"general_information":[],"ingredients":[],"ean":"8411066003089"},{"full_name":"LA CIBELES Extrafino con leche y almendras tableta 125 g","name":"Extrafino con leche y almendras tableta 125 g","brand":"LA CIBELES ","img":"https://sgfm.elcorteingles.es/SGFM/dctm/MEDIA02/CONTENIDOS/201601/08/00200246700322____1__600x600.jpg","price":"1,30 €","price_unit":"(10,40 € / Kilo)","categories":["Supermercado","Desayunos Dulces y pan","Desayunos, dulces y pan","Chocolates y bombones","Chocolates con frutos secos","LA CIBELES Extrafino con leche y almendras tableta 125 g"],"general_information":["Denominación del alimento: CHOCOLATE CON LECHE Y ALMENDRAS TROCEADAS","Nombre del operador: Lacasa España S.A.U.","Dirección del operador: Autovía de Logroño km.14 (50180 Utebo, Zaragoza).","Cantidad Neta: 125 g"],"ingredients":[" Azúcar, manteca de cacao, almendra troceada(15%), leche desnatada en polvo, pasta de cacao, leche entera en polvo, mantequilla, pasta de avellana, emulgente (lecitina de soja) y aromas.Cacao 27% mínimo en chocolate.Puede contener trazas de cacahuetes y  de otros frutos de cáscara."],"conservation":" Conservar en un lugar fresco y seco.","ean":"8410116010275"},{"full_name":"SANTOCILDES chocolate extrafino con leche y almendras tableta 200 g","name":"chocolate extrafino con leche y almendras tableta 200 g","brand":"SANTOCILDES ","img":"https://sgfm.elcorteingles.es/SGFM/00/35/9/0120646700359/0120646700359000g01011.jpg","price":"3,83 €","price_unit":"(19,15 € / Kilo)","categories":["Supermercado","Desayunos Dulces y pan","Desayunos, dulces y pan","Chocolates y bombones","Chocolates con frutos secos","SANTOCILDES chocolate extrafino con leche y almendras tableta 200 g"],"general_information":[],"ingredients":[],"ean":"8426560000083"},{"full_name":"EL CORTE INGLES chocolate negro relleno sabor menta sin gluten tableta 100 g","name":"chocolate negro relleno sabor menta sin gluten tableta 100 g","brand":"EL CORTE INGLES ","img":"https://sgfm.elcorteingles.es/SGFM/dctm/MEDIA03/201609/27/00120647200565____1__600x600.jpg","price":"0,80 €","price_unit":"(8 € / Kilo)","categories":["Supermercado","Desayunos Dulces y pan","Desayunos, dulces y pan","Chocolates y bombones","Chocolates rellenos","EL CORTE INGLES chocolate negro relleno sabor menta sin gluten tableta 100 g"],"general_information":["Denominación del alimento: Chocolate relleno.    Cacao 50% mínimo.","Nombre del operador: Elaborado para El Corte Inglés                               por Europraliné, S.L. Autovía A-620, km 90             34208  San Isidro de Dueñas - Palencia  (España)","Cantidad Neta: 100 g","Número de raciones por envase: 6"],"ingredients":[" Ingredientes: Azúcar, pasta de cacao, grasa vegetal (palma, coco), manteca de cacao, suero de leche en polvo, aceite vegetal (girasol, oliva), leche desnatada en polvo, aromas y emulgente (lecitina de soja). Puede contener trazas de frutos de cáscara"],"conservation":" Conservar en lugar fresco, seco, alejado de olores y protegido de la luz solar.                         Temperatura ideal de conservación: 12-16ºC","ean":"8433329073660"},{"full_name":"EL CORTE INGLES chocolate con leche relleno sabor naranja sin gluten tableta 100 g","name":"chocolate con leche relleno sabor naranja sin gluten tableta 100 g","brand":"EL CORTE INGLES ","img":"https://sgfm.elcorteingles.es/SGFM/dctm/MEDIA03/201702/24/00200247200538____1__600x600.jpg","price":"0,80 €","price_unit":"(8 € / Kilo)","categories":["Supermercado","Desayunos Dulces y pan","Desayunos, dulces y pan","Chocolates y bombones","Chocolates rellenos","EL CORTE INGLES chocolate con leche relleno sabor naranja sin gluten tableta 100 g"],"general_information":["Denominación del alimento: Chocolate relleno.    Cacao 30% mínimo.","Nombre del operador: Elaborado para El Corte Inglés                               por Europraliné, S.L. Autovía A-620, km 90             34208  San Isidro de Dueñas - Palencia  (España)","Cantidad Neta: 100 g","Número de raciones por envase: 6"],"ingredients":[" Ingredientes: Azúcar, manteca de cacao, leche entera en polvo, grasa vegetal (palma, coco, palmiste y manteca de sal), pasta de cacao, suero de leche  en polvo, mantequilla, aceite vegetal (girasol, oliva), leche desnatada en polvo, emulgente (lecitina de soja) y aromas. Puede contener trazas de frutos de cáscara"],"conservation":" Conservar en lugar fresco, seco, alejado de olores y protegido de la luz solar.                         Temperatura ideal de conservación: 12-16ºC","ean":"8433329073653"},{"full_name":"EL CORTE INGLES chocolate con leche relleno sabor fresa sin gluten tableta 100 g","name":"chocolate con leche relleno sabor fresa sin gluten tableta 100 g","brand":"EL CORTE INGLES ","img":"https://sgfm.elcorteingles.es/SGFM/dctm/MEDIA03/201611/02/00120647200557____1__600x600.jpg","price":"0,80 €","price_unit":"(8 € / Kilo)","categories":["Supermercado","Desayunos Dulces y pan","Desayunos, dulces y pan","Chocolates y bombones","Chocolates rellenos","EL CORTE INGLES chocolate con leche relleno sabor fresa sin gluten tableta 100 g"],"general_information":["Denominación del alimento: Chocolate relleno.    Cacao 30% mínimo.","Nombre del operador: Elaborado para El Corte Inglés                               por Europraliné, S.L. Autovía A-620, km 90             34208  San Isidro de Dueñas - Palencia  (España)","Cantidad Neta: 100 g","Número de raciones por envase: 6"],"ingredients":[" Ingredientes: Azúcar, manteca de cacao, leche entera en polvo, grasa vegetal (palma, coco), pasta de cacao, suero de leche  en polvo, mantequilla, aceite vegetal (girasol, oliva), leche desnatada en polvo, emulgente (lecitina de soja) y aromas. Puede contener trazas de frutos de cáscara"],"conservation":" Conservar en lugar fresco, seco, alejado de olores y protegido de la luz solar.                         Temperatura ideal de conservación: 12-16ºC","ean":"8433329073646"},{"full_name":"NESTLÉ chocolate relleno strawberry cheesecake tableta 240 g","name":"chocolate relleno strawberry cheesecake tableta 240 g","brand":"NESTLÉ ","img":"https://sgfm.elcorteingles.es/SGFM/dctm/MEDIA03/201603/04/00120647200946____1__600x600.jpg","price":"2,17 €","price_unit":"(9,04 € / Kilo)","categories":["Supermercado","Desayunos Dulces y pan","Desayunos, dulces y pan","Chocolates y bombones","Chocolates rellenos","NESTLÉ chocolate relleno strawberry cheesecake tableta 240 g"],"general_information":["Denominación del alimento: Chocolate con leche relleno de crema de fresa y leche sabor a queso con galleta","Nombre del operador: Nestlé España, S.A.","Dirección del operador: Av. Països Catalans, 25-51 08950 Esplugues de Llobregat (Barcelona)","Cantidad Neta: 240 g","Número de raciones por envase: 9"],"ingredients":[" Azúcar, leche en polvo, relleno de fresa (15%) [jarabe de glucosa, azúcar, agua, humectante (glicerol), puré de fresa concentrado (6%), zumo de fresa concentrado (3,1%), estabilizante (carragenanos), acidulante (ácido cítrico), corrector de acidez (citrato sódico), zumo de zanahoria negra concentrado, aroma natural], grasas vegetales (palma, palmiste), manteca de cacao, cacao, galleta troceada (2,3%) [harina de maíz, azúcar, mantequilla (8,6%), dextrosa, agua, grasa de palma, almidón (maíz, tapioca), suero de leche en polvo, aroma natural, sal, gasificantes (bicarbonato amónico, bicarbonato sódico)], suero de leche en polvo, grasas vegetales (palma, shea), grasa láctea, lactosa, queso quark (0,4%), emulgente (lecitina de girasol), aromas naturales. Puede contener cacahuete, frutos secos , huevo, soja y trigo. Contiene grasas vegetales además de manteca de cacao."],"conservation":" Conservar en lugar fresco y seco. Te recomendamos conservarlo en la nevera en un recipiente hermético para evitar que absorba olores y sacarlo minutos antes de la degustación.","ean":"8593893741164"},{"full_name":"NESTLE EXTRAFINO chocolate con leche relleno de dulce de leche tableta 120 g","name":"chocolate con leche relleno de dulce de leche tableta 120 g","brand":"NESTLE EXTRAFINO ","img":"https://sgfm.elcorteingles.es/SGFM/dctm/MEDIA03/201711/30/00120647200623____1__600x600.jpg","price":"1,14 €","price_unit":"(9,50 € / Kilo)","categories":["Supermercado","Desayunos Dulces y pan","Desayunos, dulces y pan","Chocolates y bombones","Chocolates rellenos","NESTLE EXTRAFINO chocolate con leche relleno de dulce de leche tableta 120 g"],"general_information":["Denominación del alimento: Chocolate con leche extrafino relleno de dulce de leche y trozos de cereal tostado (2%)","Nombre del operador: NESTLÉ ESPAÑA, S.A.","Dirección del operador: Edificio Nestlé, 08950 Esplugues de Llobregat (Barcelona)","Cantidad Neta: 120 g"],"ingredients":[" Azúcar, caramelo de leche 15,5% (suero de leche, mantequilla, maltodextrina, azúcar, leche desnatada), manteca de cacao, leche, grasa vegetal (palma, shea), cacao, leche en polvo, grasa láctea, suero de leche en polvo, harina de trigo, malta de trigo y cebada, gasificante bicarbonato sódico, sal, emulgente lecitina de girasol, aromas naturales. Puede contener frutos secos."],"conservation":" Conservar en lugar fresco y seco. A más de 24°C el chocolate se ablanda. Te recomendamos conservarlo en la nevera en un recipiente hermético, para evitar que absorba olores y sacarlo minutos antes de la degustación.","ean":"7613033490491"},{"full_name":"NESTLE EXTRAFINO chocolate con leche relleno de tres chocolates tableta 120 g","name":"chocolate con leche relleno de tres chocolates tableta 120 g","brand":"NESTLE EXTRAFINO ","img":"https://sgfm.elcorteingles.es/SGFM/dctm/MEDIA03/201609/02/00120647200631____1__600x600.jpg","price":"1,14 €","price_unit":"(9,50 € / Kilo)","categories":["Supermercado","Desayunos Dulces y pan","Desayunos, dulces y pan","Chocolates y bombones","Chocolates rellenos","NESTLE EXTRAFINO chocolate con leche relleno de tres chocolates tableta 120 g"],"general_information":["Denominación del alimento: Chocolate negro, chocolate blanco y chocolate con leche extrafino","Nombre del operador: NESTLÉ ESPAÑA, S.A.","Dirección del operador: Edificio Nestlé, 08950 Esplugues de Llobregat (Barcelona)","Cantidad Neta: 120 g"],"ingredients":[" Azúcar, cacao, manteca de cacao, leche en polvo, leche, suero de leche en polvo, grasa láctea, emulgente (lecitina de girasol), extracto de vainilla, aroma natural de vainilla. Puede contener frutos secos y gluten. Chocolate con leche: Cacao: 30% mínimo. Chocolate negro: Cacao 47% mínimo."],"conservation":" Conservar en lugar fresco y seco. A más de 24°C el chocolate se ablanda. Te recomendamos conservarlo en la nevera en un recipiente hermético, para evitar que absorba olores y sacarlo minutos antes de la degustación.","ean":"7613033490231"},{"full_name":"NESTLE EXTRAFINO chocolate con leche relleno con La Lechera tableta 120 g","name":"chocolate con leche relleno con La Lechera tableta 120 g","brand":"NESTLE EXTRAFINO ","img":"https://sgfm.elcorteingles.es/SGFM/dctm/MEDIA02/CONTENIDOS/201601/20/00120647201068____2__600x600.jpg","price":"1,14 €","price_unit":"(9,50 € / Kilo)","categories":["Supermercado","Desayunos Dulces y pan","Desayunos, dulces y pan","Chocolates y bombones","Chocolates rellenos","NESTLE EXTRAFINO chocolate con leche relleno con La Lechera tableta 120 g"],"general_information":["Denominación del alimento: Chocolate con leche extrafino relleno de crema de leche","Nombre del operador: Nestlé España, S.A","Dirección del operador: Avinguda Països Catalans, 51 - 08950 Esplugues de Llobregat (Barcelona)","Cantidad Neta: 100 g"],"ingredients":[" Azúcar, leche en polvo (13.1%), manteca de cacao, grasa vegetal (palma), leche (8.2%), cacao, grasa lactea, leche desnatada en polvo (2.4%), permeado de suero de leche en polvo, emulgente (lecitina de girasol), aromas naturales. Puede contener trazas de frutos secos y gluten"],"conservation":" Conservar en un lugar fresco y seco","ean":"7613034718051"},{"full_name":"NESTLE NESQUIK chocolate con leche relleno de leche tableta 100 g","name":"chocolate con leche relleno de leche tableta 100 g","brand":"NESTLE NESQUIK ","img":"https://sgfm.elcorteingles.es/SGFM/dctm/MEDIA03/201603/15/00120642901027____1__600x600.jpg","price":"1,10 €","price_unit":"(11 € / Kilo)","categories":["Supermercado","Desayunos Dulces y pan","Desayunos, dulces y pan","Chocolates y bombones","Chocolates rellenos","NESTLE NESQUIK chocolate con leche relleno de leche tableta 100 g"],"general_information":["Denominación del alimento: Chocolate con leche extrafino relleno de crema rica en leche","Nombre del operador: Nestlé España, S.A.","Dirección del operador: Avinguda Països Catalans, 51 - 08950 Esplugues de Llobregat (Barcelona)","Cantidad Neta: 100 g"],"ingredients":[" Azúcar, leche en polvo (13,1%), manteca de cacao, grasa vegetal (palma, shea), leche (8,8%), cacao, grasa láctea, leche desnatada en polvo, suero de leche en polvo, emulgente (lecitina de girasol), aromas naturales de vainilla.Puede contener trazas de frutos secos y gluten."],"ean":"7610100055553"},{"full_name":"NESTLE chocolate con leche relleno de coulant sabor a chocolate con leche tableta 150 g","name":"chocolate con leche relleno de coulant sabor a chocolate con leche tableta 150 g","brand":"NESTLE ","img":"https://sgfm.elcorteingles.es/SGFM/dctm/MEDIA03/201702/17/00120647201597____1__600x600.jpg","price":"2,10 €","price_unit":"(14 € / Kilo)","categories":["Supermercado","Desayunos Dulces y pan","Desayunos, dulces y pan","Chocolates y bombones","Chocolates rellenos","NESTLE chocolate con leche relleno de coulant sabor a chocolate con leche tableta 150 g"],"general_information":["Denominación del alimento: Chocolate con leche relleno","Nombre del operador: Nestlé España, S.A.","Dirección del operador: Nestlé España S. A. Edificio Nestlé 08950 Esplugues de Llobregat (Barcelona)","Cantidad Neta: 150 g"],"ingredients":[" Azúcar, manteca de cacao, leche, cacao, jarabe de glucosa, humectante sorbitol, suero de leche en polvo, grasa láctea, emulgente lecitina de girasol, extracto de vainilla, aroma natural de vainilla. Puede contener frutos secos y gluten. Cacao: 30% mínimo."],"conservation":" Conservar en lugar limpio, fresco y seco","ean":"7613035829442"},{"full_name":"NESTLE chocolate con leche relleno de coulant sabor a chocolate con leche y caramelo tableta 150 g","name":"chocolate con leche relleno de coulant sabor a chocolate con leche y caramelo tableta 150 g","brand":"NESTLE ","img":"https://sgfm.elcorteingles.es/SGFM/dctm/MEDIA03/201702/17/00120647201613____1__600x600.jpg","price":"2,10 €","price_unit":"(14 € / Kilo)","categories":["Supermercado","Desayunos Dulces y pan","Desayunos, dulces y pan","Chocolates y bombones","Chocolates rellenos","NESTLE chocolate con leche relleno de coulant sabor a chocolate con leche y caramelo tableta 150 g"],"general_information":["Denominación del alimento: Chocolate con leche relleno con sabor a caramelo","Nombre del operador: Nestlé España, S.A.","Dirección del operador: Nestlé España S. A. Edificio Nestlé 08950 Esplugues de Llobregat (Barcelona)","Cantidad Neta: 150 g"],"ingredients":[" Azúcar, manteca de cacao, leche, cacao, jarabe de glucosa, humectante sorbitol, suero de leche en polvo, grasa láctea, caramelo en polvo (1,9%) (suero de leche, mantequilla, maltodextrina, azúcar, leche desnatada), emulgente lecitina de girasol. aroma natural de vainilla, aroma natural. Puede contener frutos secos y gluten. Cacao: 30% mínimo."],"conservation":" Conservar en lugar limpio, fresco y seco","ean":"7613035829503"},{"full_name":"NESTLE chocolate negro relleno de coulant sabor a chocolate negro tableta 150 g","name":"chocolate negro relleno de coulant sabor a chocolate negro tableta 150 g","brand":"NESTLE ","img":"https://sgfm.elcorteingles.es/SGFM/dctm/MEDIA03/201702/17/00120647201621____1__600x600.jpg","price":"2,10 €","price_unit":"(14 € / Kilo)","categories":["Supermercado","Desayunos Dulces y pan","Desayunos, dulces y pan","Chocolates y bombones","Chocolates rellenos","NESTLE chocolate negro relleno de coulant sabor a chocolate negro tableta 150 g"],"general_information":["Denominación del alimento: Chocolate negro relleno","Nombre del operador: Nestlé España, S.A.","Dirección del operador: Nestlé España S. A. Edificio Nestlé 08950 Esplugues de Llobregat (Barcelona)","Cantidad Neta: 150 g"],"ingredients":[" Azúcar, cacao, jarabe de glucosa, grasa láctea, manteca de cacao, humectante sorbitol, emulgente lecitina de girasol, sal, extracto de vainilla. Puede contener frutos secos y gluten. Cacao: 49% mínimo"],"conservation":" Conservar en lugar limpio, fresco y seco","ean":"7613035829534"},{"full_name":"NESTLE chocolate negro relleno de coulant sabor a chocolate negro y naranja tableta 150 g","name":"chocolate negro relleno de coulant sabor a chocolate negro y naranja tableta 150 g","brand":"NESTLE ","img":"https://sgfm.elcorteingles.es/SGFM/dctm/MEDIA03/201702/17/00120647201605____1__600x600.jpg","price":"2,10 €","price_unit":"(14 € / Kilo)","categories":["Supermercado","Desayunos Dulces y pan","Desayunos, dulces y pan","Chocolates y bombones","Chocolates rellenos","NESTLE chocolate negro relleno de coulant sabor a chocolate negro y naranja tableta 150 g"],"general_information":["Denominación del alimento: Chocolate negro relleno con sabor a naranja","Nombre del operador: Nestlé España, S.A.","Dirección del operador: Nestlé España S. A. Edificio Nestlé 08950 Esplugues de Llobregat (Barcelona)","Cantidad Neta: 150 g"],"ingredients":[" Azúcar, cacao, jarabe de glucosa, grasa láctea, manteca de cacao, humectante sorbitol, emulgente lecitina de girasol, sal, extracto de vainilla, aroma natural de naranja. Puede contener gluten y frutos secos. Cacao: 49% mínimo."],"conservation":" Conservar en lugar limpio, fresco y seco","ean":"7613035829473"},{"full_name":"LINDT CREATION chocolate negro 70% cacao relleno de menta tableta 150 g","name":"chocolate negro 70% cacao relleno de menta tableta 150 g","brand":"LINDT CREATION ","img":"https://sgfm.elcorteingles.es/SGFM/dctm/MEDIA03/201705/08/00120647201696____1__600x600.jpg","price":"3,05 €","price_unit":"(20,33 € / Kilo)","categories":["Supermercado","Desayunos Dulces y pan","Desayunos, dulces y pan","Chocolates y bombones","Chocolates rellenos","LINDT CREATION chocolate negro 70% cacao relleno de menta tableta 150 g"],"general_information":["Denominación del alimento: Chocolate","País de origen: Alemania","Nombre del operador: Lindt & Sprüngli","Dirección del operador: C/ Marina 16-18 Torre Mapfre, P39. 08005 (Barcelona)","Cantidad Neta: 100 g"],"ingredients":[" Chocolate negro con relleno de crema de trufa blanca (15%) y coulis sabor menta (15%).Ingredientes: pasta de cacao, azúcar, manteca de cacao, cacao magro ,grasa láctea anhidra, leche en polvo, azúcar invertido, jarabe de glucosa, crema de almendras (almendras, azúcar), estabilizante (sorbitol), lactosa, vaina de vainilla Bourbon, emulgente (lecitina de soja), aroma natural de menta colorante (clorofilas), aroma (vainilla).Puede contener huevo, trigo y otros frutos de cáscara. Cacao 70% mínimo"],"conservation":" Conservar en lugar fresco y seco","ean":"4000539084805"},{"full_name":"LINDT CREATION chocolate negro 70% cacao relleno de cereza y chilli tableta 150 g","name":"chocolate negro 70% cacao relleno de cereza y chilli tableta 150 g","brand":"LINDT CREATION ","img":"https://sgfm.elcorteingles.es/SGFM/dctm/MEDIA03/201704/19/00120647201688____1__600x600.jpg","price":"2,99 €","price_unit":"(19,93 € / Kilo)","categories":["Supermercado","Desayunos Dulces y pan","Desayunos, dulces y pan","Chocolates y bombones","Chocolates rellenos","LINDT CREATION chocolate negro 70% cacao relleno de cereza y chilli tableta 150 g"],"general_information":["Denominación del alimento: Chocolate","País de origen: Alemania","Nombre del operador: Lindt & Sprüngli","Dirección del operador: C/ Marina 16-18 Torre Mapfre, P39. 08005 (Barcelona)","Cantidad Neta: 100 g"],"ingredients":[" Chocolate negro con relleno de mousse de chocolate (26%) y con relleno de cereza ácida y guindilla (18%) Ingredientes: pasta de cacao, azúcar, jarabe de glucosa y fructosa, manteca de cacao, grasa láctea anhidra, zumo de cereza ácida concentrado (3,4%), cereza ácida (1,7%), azúcar invertido, zumo de limón concentrado, espesante (pectina), emulgente (lecitina de soja), vainilla, extracto de frutas y hortalizas (zanahoria negra, aronia, uva), aroma natural, extracto de guindilla .Puede contener frutos de cáscara, leche.Cacao 70% mínimo"],"conservation":" Conservar en lugar fresco y seco","ean":"4000539014307"},{"full_name":"LINDT CREATION chocolate negro 70% cacao relleno de naranja tableta 150 g","name":"chocolate negro 70% cacao relleno de naranja tableta 150 g","brand":"LINDT CREATION ","img":"https://sgfm.elcorteingles.es/SGFM//01/05/0/0120647201050/0120647201050000g01011.jpg","price":"2,97 €","price_unit":"(19,80 € / Kilo)","categories":["Supermercado","Desayunos Dulces y pan","Desayunos, dulces y pan","Chocolates y bombones","Chocolates rellenos","LINDT CREATION chocolate negro 70% cacao relleno de naranja tableta 150 g"],"general_information":["Denominación del alimento: Chocolate","País de origen: Alemania","Nombre del operador: Lindt & Sprüngli","Dirección del operador: C/ Marina 16-18 Torre Mapfre, P39. 08005 (Barcelona)","Cantidad Neta: 150 g"],"ingredients":[" Pasta de cacao, azúcar, zumo de naranja concentrado (10%), manteca de cacao, jarabe de glucosa y fructosa, grasa láctea anhidra, naranja (2%), aroma natural de naranja, zumo de limón concentrado, gelificante (pectina), emulgente (lecitina de soja), vainilla. Puede contener avellanas, almendras, leche. Cacao 70% mínimo."],"conservation":" Conservar en lugar fresco y seco","ean":"4000539014000"},{"full_name":"LINDT CREATION chocolate con leche relleno de macaron de fresa tableta 150 g","name":"chocolate con leche relleno de macaron de fresa tableta 150 g","brand":"LINDT CREATION ","img":"https://sgfm.elcorteingles.es/SGFM/dctm/MEDIA03/201704/20/00120647201662____1__600x600.jpg","price":"3,19 €","price_unit":"(21,27 € / Kilo)","categories":["Supermercado","Desayunos Dulces y pan","Desayunos, dulces y pan","Chocolates y bombones","Chocolates rellenos","LINDT CREATION chocolate con leche relleno de macaron de fresa tableta 150 g"],"general_information":[],"ingredients":[],"ean":"3046920042611"},{"full_name":"LINDT CREATION chocolate con leche relleno de macaron de vainilla tableta 150 g","name":"chocolate con leche relleno de macaron de vainilla tableta 150 g","brand":"LINDT CREATION ","img":"https://sgfm.elcorteingles.es/SGFM/dctm/MEDIA03/201704/20/00120647201670____1__600x600.jpg","price":"3,19 €","price_unit":"(21,27 € / Kilo)","categories":["Supermercado","Desayunos Dulces y pan","Desayunos, dulces y pan","Chocolates y bombones","Chocolates rellenos","LINDT CREATION chocolate con leche relleno de macaron de vainilla tableta 150 g"],"general_information":[],"ingredients":[],"ean":"3046920042642"},{"full_name":"LINDT CREATION chocolate con leche relleno de suave mousse tableta 140 g","name":"chocolate con leche relleno de suave mousse tableta 140 g","brand":"LINDT CREATION ","img":"https://sgfm.elcorteingles.es/SGFM/00/25/0/0120647200250/0120647200250000g01011.jpg","price":"2,76 €","price_unit":"(19,71 € / Kilo)","categories":["Supermercado","Desayunos Dulces y pan","Desayunos, dulces y pan","Chocolates y bombones","Chocolates rellenos","LINDT CREATION chocolate con leche relleno de suave mousse tableta 140 g"],"general_information":["Denominación del alimento: Chocolate","País de origen: Alemania","Nombre del operador: Lindt & Sprüngli","Dirección del operador: C/ Marina 16-18 Torre Mapfre, P39. 08005 (Barcelona)","Cantidad Neta: 140 g"],"ingredients":[" Azúcar, manteca de cacao, leche en polvo, grasas vegetales (shea, palma), pasta de cacao, avellanas, lactosa, cacao magro en polvo, leche desnatada en polvo, emulgente (lecitina de soja), extracto de malta de cebada, aromas. Puede contener otros frutos de cáscara."],"conservation":" Conservar en lugar fresco y seco","ean":"7610400069472"},{"full_name":"LINDT CREATION chocolate negro relleno de suave mousse tableta 140 g","name":"chocolate negro relleno de suave mousse tableta 140 g","brand":"LINDT CREATION ","img":"https://sgfm.elcorteingles.es/SGFM/00/24/3/0120647200243/0120647200243000g01011.jpg","price":"2,65 €","price_unit":"(18,93 € / Kilo)","categories":["Supermercado","Desayunos Dulces y pan","Desayunos, dulces y pan","Chocolates y bombones","Chocolates rellenos","LINDT CREATION chocolate negro relleno de suave mousse tableta 140 g"],"general_information":["Denominación del alimento: Chocolate","País de origen: Alemania","Nombre del operador: Lindt & Sprüngli","Dirección del operador: C/ Marina 16-18 Torre Mapfre, P39. 08005 (Barcelona)","Cantidad Neta: 140 g"],"ingredients":[" Azúcar, pasta de cacao, grasa vegetal (shea, palma), manteca de cacao, avellanas, leche en polvo, cacao magro en polvo, grasa láctea, leche desnatada en polvo, emulgente (lecitina de soja), aromas. Puede contener otros frutos de cáscaras. Cacao 40% mínimo."],"conservation":" Conservar en lugar fresco y seco","ean":"7610400069397"},{"full_name":"LINDT CREATION chocolate con leche relleno de crème brûlée tableta 100 g","name":"chocolate con leche relleno de crème brûlée tableta 100 g","brand":"LINDT CREATION ","img":"https://sgfm.elcorteingles.es/SGFM/dctm/MEDIA02/CONTENIDOS/201506/09/00120647201308____1__600x600.jpg","price":"2,17 €","price_unit":"(21,70 € / Kilo)","categories":["Supermercado","Desayunos Dulces y pan","Desayunos, dulces y pan","Chocolates y bombones","Chocolates rellenos","LINDT CREATION chocolate con leche relleno de crème brûlée tableta 100 g"],"general_information":["Denominación del alimento: Chocolate","País de origen: Francia","Nombre del operador: Lindt & Sprüngli","Dirección del operador: C/ Marina 16-18 Torre Mapfre, P39. 08005 (Barcelona)","Cantidad Neta: 100 g"],"ingredients":[" Azúcar, manteca de cacao, leche en polvo (14%), grasa láctea anhidra (11%), pasta de cacao,lactosa, azúcar caramelizado (4%) (azúcar, manteca de cacao), leche desnatada en polvo, galleta (1%) (harina de trigo y de arroz, azúcar, gasificante (carbonatos de sodio), grasa vegetal de palma), emulgente (lecitina de soja),extracto de malta de cebada, aromas. Puede contener huevo y frutos de cáscara."],"conservation":" Conservar en lugar fresco y seco","ean":"3046920022538"},{"full_name":"LINDT CREATION chocolate con leche relleno de praliné y trocitos de avellana tableta 100 g","name":"chocolate con leche relleno de praliné y trocitos de avellana tableta 100 g","brand":"LINDT CREATION ","img":"https://sgfm.elcorteingles.es/SGFM/dctm/MEDIA02/CONTENIDOS/201506/09/00120647201290____1__600x600.jpg","price":"2,17 €","price_unit":"(21,70 € / Kilo)","categories":["Supermercado","Desayunos Dulces y pan","Desayunos, dulces y pan","Chocolates y bombones","Chocolates rellenos","LINDT CREATION chocolate con leche relleno de praliné y trocitos de avellana tableta 100 g"],"general_information":["Denominación del alimento: Chocolate","País de origen: Francia","Nombre del operador: Lindt & Sprüngli","Dirección del operador: C/ Marina 16-18 Torre Mapfre, P39. 08005 (Barcelona)","Cantidad Neta: 100 g"],"ingredients":[" Azúcar, manteca de cacao, leche en polvo, pasta de cacao, grasa láctea anhidra, lactosa, azúcar líquido invertido, cacao magro, jarabe de glucosa, almendras, estabilizante (sorbitoles), leche desnatada en polvo,emulgente (lecitina de soja), avellanas, extracto de malta de cebada, aroma (vainilla), vaina de vainilla Bourbon. Puede contener huevo, trigo y otros frutos de cáscara."],"conservation":" Conservar en lugar fresco y seco","ean":"3046920022545"},{"full_name":"LINDT CREATION chocolate con leche relleno de coulant de chocolate cremoso tableta 100 g","name":"chocolate con leche relleno de coulant de chocolate cremoso tableta 100 g","brand":"LINDT CREATION ","img":"https://sgfm.elcorteingles.es/SGFM/dctm/MEDIA02/CONTENIDOS/201506/09/00120647201282____1__600x600.jpg","price":"2,17 €","price_unit":"(21,70 € / Kilo)","categories":["Supermercado","Desayunos Dulces y pan","Desayunos, dulces y pan","Chocolates y bombones","Chocolates rellenos","LINDT CREATION chocolate con leche relleno de coulant de chocolate cremoso tableta 100 g"],"general_information":["Denominación del alimento: Chocolate","País de origen: Francia","Nombre del operador: Lindt & Sprüngli","Dirección del operador: C/ Marina 16-18 Torre Mapfre, P39. 08005 (Barcelona)","Cantidad Neta: 100 g"],"ingredients":[" Azúcar, praliné dealmendras y de avellanas (16%) (almendras), azúcar, avellanas ), manteca de cacao, leche en polvo, pasta de cacao, avellanas (6%), lactosa, grasa vegetal de palma, leche desnatada en polvo, emulgente (lecitina de soja), grasa láctea anhidra, extracto de malta de cebada, café, aroma (vainilla). Puede contener huevo, trigo y otros frutos de cáscara."],"conservation":" Conservar en lugar fresco y seco","ean":"3046920042710"},{"full_name":"LINDT CREATION chocolate negro relleno de suave mousse y coulis de menta tableta 100 g","name":"chocolate negro relleno de suave mousse y coulis de menta tableta 100 g","brand":"LINDT CREATION ","img":"https://sgfm.elcorteingles.es/SGFM/dctm/MEDIA02/CONTENIDOS/201506/09/00120647201316____1__600x600.jpg","price":"2,17 €","price_unit":"(21,70 € / Kilo)","categories":["Supermercado","Desayunos Dulces y pan","Desayunos, dulces y pan","Chocolates y bombones","Chocolates rellenos","LINDT CREATION chocolate negro relleno de suave mousse y coulis de menta tableta 100 g"],"general_information":["Denominación del alimento: Chocolate","País de origen: Francia","Nombre del operador: Lindt & Sprüngli","Dirección del operador: C/ Marina 16-18 Torre Mapfre, P39. 08005 (Barcelona)","Cantidad Neta: 100 g"],"ingredients":[" Azúcar, pasta de cacao, manteca de cacao, cacao magro ,grasa láctea anhidra, leche en polvo, azúcar líquido invertido, jarabe de glucosa, almendras, estabilizante (sorbitoles), lactosa, habas de cacao (0,8%), emulgente (lecitina de soja), aroma natural de menta, colorante (clorofilas y clorofilinas), aroma (vainilla).Puede contener huevo, trigo y otros frutos de cáscara."],"conservation":" Conservar en lugar fresco y seco","ean":"3046920044752"},{"full_name":"LINDT CREATION chocolate negro relleno de trufa y trocitos de naranja confitada tableta 100 g","name":"chocolate negro relleno de trufa y trocitos de naranja confitada tableta 100 g","brand":"LINDT CREATION ","img":"https://sgfm.elcorteingles.es/SGFM/dctm/MEDIA02/CONTENIDOS/201506/09/00120647201274____1__600x600.jpg","price":"2,17 €","price_unit":"(21,70 € / Kilo)","categories":["Supermercado","Desayunos Dulces y pan","Desayunos, dulces y pan","Chocolates y bombones","Chocolates rellenos","LINDT CREATION chocolate negro relleno de trufa y trocitos de naranja confitada tableta 100 g"],"general_information":["Denominación del alimento: Chocolate","País de origen: Francia","Nombre del operador: Lindt & Sprüngli","Dirección del operador: C/ Marina 16-18 Torre Mapfre, P39. 08005 (Barcelona)","Cantidad Neta: 100 g"],"ingredients":[" Azúcar, pasta de cacao, grasa vegetal de palma, manteca de cacao, grasa láctea anhidra, leche en polvo, azúcar líquido invertido, cáscara de naranja confitada (1%) (cáscaras de naranja, azúcar, dextrosa, acidulante (ácido cítrico)), jarabe de glucosa, zumo de naranja concentrado (1%), estabilizante (sorbitoles), Cointreau, lactosa, naranja (0,5%), emulgente (lecitina de soja), aceite esencial de naranja, leche desnatada en polvo, extracto de malta de cebada, gelificante (pectinas), aromas, aroma (vainilla), zumo de limón concentrado, conservador (benzoato sódico).Puede contener huevo, trigo y frutos de cáscara."],"conservation":" Conservar en lugar fresco y seco","ean":"3046920022569"},{"full_name":"LINDT chocolate con leche relleno de Cointreau tableta 100 g","name":"chocolate con leche relleno de Cointreau tableta 100 g","brand":"LINDT ","img":"https://sgfm.elcorteingles.es/SGFM/00/08/6/0120647200086/0120647200086000g01011.jpg","price":"2,59 €","price_unit":"(25,90 € / Kilo)","categories":["Supermercado","Desayunos Dulces y pan","Desayunos, dulces y pan","Chocolates y bombones","Chocolates rellenos","LINDT chocolate con leche relleno de Cointreau tableta 100 g"],"general_information":["Denominación del alimento: Chocolate","País de origen: Alemania","Nombre del operador: Lindt & Sprüngli","Dirección del operador: C/ Marina 16-18 Torre Mapfre, P39. 08005 (Barcelona)","Cantidad Neta: 100 g"],"ingredients":[" Azúcar, manteca de cacao, leche en polvo, Cointreau (8%), pasta de cacao, lactosa, azúcar invertido, leche desnatada en polvo, espesante (goma arábiga), emulsionante (lecitina de soja), extracto de malta de cebada, aroma (vainilla). Puede contener frutos de cáscara."],"conservation":" Conservar en lugar fresco y seco","ean":"4000539004605"},{"full_name":"LINDT chocolate con leche relleno de Kirsch tableta 100 g","name":"chocolate con leche relleno de Kirsch tableta 100 g","brand":"LINDT ","img":"https://sgfm.elcorteingles.es/SGFM/00/68/0/0120647200680/0120647200680000g01011.jpg","price":"2,59 €","price_unit":"(25,90 € / Kilo)","categories":["Supermercado","Desayunos Dulces y pan","Desayunos, dulces y pan","Chocolates y bombones","Chocolates rellenos","LINDT chocolate con leche relleno de Kirsch tableta 100 g"],"general_information":["Denominación del alimento: Chocolate","País de origen: Alemania","Nombre del operador: Lindt & Sprüngli","Dirección del operador: C/ Marina 16-18 Torre Mapfre, P39. 08005 (Barcelona)","Cantidad Neta: 100 g"],"ingredients":[" Azúcar, manteca de cacao, leche en polvo, Kirsch (8%), pasta de cacao, lactosa, azúcar invertido, leche desnatada en polvo, espesante (goma arábiga), emulgente (lecitina de soja), extracto de malta de cebada, aroma, vainilla. Puede contener frutos de cáscara."],"conservation":" Conservar en lugar fresco y seco","ean":"4000539003103"},{"full_name":"LINDT HELLO Caramel Brownie chocolate con leche relleno de crema de caramelo y brownie tableta 100 g","name":"Caramel Brownie chocolate con leche relleno de crema de caramelo y brownie tableta 100 g","brand":"LINDT HELLO ","img":"https://sgfm.elcorteingles.es/SGFM/00/81/9/0200247200819/0200247200819000g01011.jpg","price":"2,17 €","price_unit":"(21,70 € / Kilo)","categories":["Supermercado","Desayunos Dulces y pan","Desayunos, dulces y pan","Chocolates y bombones","Chocolates rellenos","LINDT HELLO Caramel Brownie chocolate con leche relleno de crema de caramelo y brownie tableta 100 g"],"general_information":["Denominación del alimento: Chocolate","País de origen: Alemania","Nombre del operador: Lindt & Sprüngli","Dirección del operador: C/ Marina 16-18 Torre Mapfre, P39. 08005 (Barcelona)","Cantidad Neta: 100 g"],"ingredients":[" Azúcar, manteca de cacao, pasta de cacao, leche en polvo, jarabe de glucosa, avellanas, grasa láctea anhidra, grasa vegetal (palma, palmiste), nata en polvo, leche condensada, harina de trigo, dextrosa, lactosa, emulgentes (lecitina de soja y de girasol), cacao en polvo, leche desnatada en polvo, sal, aroma natural, extracto de malta de cebada, aroma (vainillina), gasificantes (carbonato ácido de amonio, carbonato ácido de sodio y carbonato ácido de potasio), vainilla. Puede contener almendras."],"conservation":" Conservar en lugar fresco y seco","ean":"4000539222009"},{"full_name":"LINDT HELLO chocolate con leche relleno de crema de galletas y nata tableta 100 g","name":"chocolate con leche relleno de crema de galletas y nata tableta 100 g","brand":"LINDT HELLO ","img":"https://sgfm.elcorteingles.es/SGFM/00/90/4/0120647200904/0120647200904000g01011.jpg","price":"2,17 €","price_unit":"(21,70 € / Kilo)","categories":["Supermercado","Desayunos Dulces y pan","Desayunos, dulces y pan","Chocolates y bombones","Chocolates rellenos","LINDT HELLO chocolate con leche relleno de crema de galletas y nata tableta 100 g"],"general_information":["Denominación del alimento: Chocolate","País de origen: Alemania","Nombre del operador: Lindt & Sprüngli","Dirección del operador: C/ Marina 16-18 Torre Mapfre, P39. 08005 (Barcelona)","Cantidad Neta: 100 g"],"ingredients":[" Azúcar, leche en polvo, manteca de cacao, pasta de cacao, grasa vegetal (coco, palmiste), nata en polvo (3.5%), harina de trigo, grasa láctea anhidra, cacao en polvo, emulgente (lecitina de soja), lactosa, leche desnatada en polvo, sal, aroma (vainillina), extracto de malta de cebada, gasificantes (carbonato ácido de amonio, carbonato ácido de sodio y carbonato ácido de potasio). Puede contener frutos de cáscara."],"conservation":" Conservar en lugar fresco y seco","ean":"4000539221804"},{"full_name":"LINDT HELLO chocolate con leche relleno de crema de turrón crujiente tableta 100 g","name":"chocolate con leche relleno de crema de turrón crujiente tableta 100 g","brand":"LINDT HELLO ","img":"https://sgfm.elcorteingles.es/SGFM/00/87/0/0120647200870/0120647200870000g01011.jpg","price":"2,17 €","price_unit":"(21,70 € / Kilo)","categories":["Supermercado","Desayunos Dulces y pan","Desayunos, dulces y pan","Chocolates y bombones","Chocolates rellenos","LINDT HELLO chocolate con leche relleno de crema de turrón crujiente tableta 100 g"],"general_information":["Denominación del alimento: Chocolate","País de origen: Alemania","Nombre del operador: Lindt & Sprüngli","Dirección del operador: C/ Marina 16-18 Torre Mapfre, P39. 08005 (Barcelona)","Cantidad Neta: 100 g"],"ingredients":[" Azúcar, manteca de cacao, leche en polvo, avellanas (12%), pasta de cacao, leche desnatada en polvo, grasa láctea anhidra, harina de trigo, emulgente (lecitina de soja), lactosa, sal, aroma (vainillina), grasas vegetales (palma, coco), extracto de malta de cebada, jarabe de azúcar caramelizado, gasificante (carbonato ácido de sodio). Puede contener otros frutos de cáscara."],"conservation":" Conservar en lugar fresco y seco","ean":"4000539222108"},{"full_name":"LINDT HELLO chocolate con leche relleno de crema de tarta de queso y fresa tableta 100 g","name":"chocolate con leche relleno de crema de tarta de queso y fresa tableta 100 g","brand":"LINDT HELLO ","img":"https://sgfm.elcorteingles.es/SGFM/00/89/6/0120647200896/0120647200896000g01011.jpg","price":"2,17 €","price_unit":"(21,70 € / Kilo)","categories":["Supermercado","Desayunos Dulces y pan","Desayunos, dulces y pan","Chocolates y bombones","Chocolates rellenos","LINDT HELLO chocolate con leche relleno de crema de tarta de queso y fresa tableta 100 g"],"general_information":["Denominación del alimento: Chocolate","País de origen: Alemania","Nombre del operador: Lindt & Sprüngli","Dirección del operador: C/ Marina 16-18 Torre Mapfre, P39. 08005 (Barcelona)","Cantidad Neta: 100 g"],"ingredients":[" Azúcar, manteca de cacao, leche en polvo, pasta de cacao, grasa vegetal (palma, coco), producto lácteo fermentado desnatado en polvo, grasa láctea anhidra, lactosa, nata en polvo, harina de trigo, fresas (1%), crema de queso en polvo (1%), emulgentes (lecitina de soja y de girasol), leche desnatada en polvo, jarabe de glucosa y fructosa, zumo de limón concentrado, aroma natural, proteína láctea, sal, aromas, extracto de malta de cebada, gasificantes (carbonato ácido de sodio, carbonato ácido de amonio), jarabe de caramelo. Puede contener frutos de cáscara"],"conservation":" Conservar en lugar fresco y seco","ean":"4000539221903"},{"full_name":"MILKA chocolate con leche relleno de trufa y almendras tableta 300 g","name":"chocolate con leche relleno de trufa y almendras tableta 300 g","brand":"MILKA ","img":"https://sgfm.elcorteingles.es/SGFM/dctm/MEDIA03/201604/27/00120647200037____1__600x600.jpg","price":"2,39 €","price_unit":"(7,97 € / Kilo)","categories":["Supermercado","Desayunos Dulces y pan","Desayunos, dulces y pan","Chocolates y bombones","Chocolates rellenos","MILKA chocolate con leche relleno de trufa y almendras tableta 300 g"],"general_information":["Denominación del alimento: Chocolate con leche de los Alpes relleno de trufa (42%) y almendras (8%).","País de origen: Austria","Nombre del operador: Mondelez España Commercial, S.L.","Dirección del operador: C/Eucalipto, 25  - 28016 Madrid,  España","Cantidad Neta: 300 g"],"ingredients":[" Ingredientes: \tAzúcar, manteca de palma, pasta de cacao, manteca de cacao, ALMENDRAS, LECHE desnatada en polvo, suero de LECHE en polvo, pasta de ALMENDRAS (4%), grasa de LECHE, LECHE en polvo rica en materia grasa, AVELLANAS molidas, emulgente (lecitina de SOJA, lecitina de girasol), aroma.Cacao: 30% mínimo en chocolate con leche de los Alpes PUEDE CONTENER TRIGO."],"ean":"7622200008001"},{"full_name":"MILKA chocolate con leche relleno de galletas Oreo tableta 100 g","name":"chocolate con leche relleno de galletas Oreo tableta 100 g","brand":"MILKA ","img":"https://sgfm.elcorteingles.es/SGFM/dctm/MEDIA03/201709/25/00120646700896____16__600x600.jpg","price":"0,85 €","price_unit":"(8,50 € / Kilo)","categories":["Supermercado","Desayunos Dulces y pan","Desayunos, dulces y pan","Chocolates y bombones","Chocolates rellenos","MILKA chocolate con leche relleno de galletas Oreo tableta 100 g"],"general_information":["Denominación del alimento: Chocolate con leche de los Alpes con trozos de galleta con cacao (12%) y relleno cremoso (40%) sabor vainilla.","País de origen: Alemania","Nombre del operador: Mondelez España Commercial, S.L.","Dirección del operador: C/Eucalipto, 25  - 28016 Madrid,  España","Cantidad Neta: 100 g"],"ingredients":[" Ingredientes: Azúcar, grasas vegetales (palma, palmiste), manteca de cacao, LECHE desnatada en polvo, suero de LECHE en polvo, harina de TRIGO, pasta de cacao, grasa de LECHE, cacao magro en polvo (0,7%), emulgentes (lecitina de SOJA, lecitina de girasol), almidón de TRIGO, pasta de AVELLANAS, gasificantes (carbonato ácido de potasio, carbonato ácido de amonio, carbonato ácido de sodio), sal, aromas, contiene jarabe de glucosa y/o jarabe de glucosa y fructosa. PUEDE CONTENER OTROS FRUTOS DE CÁSCARA."],"ean":"7622300631574"},{"full_name":"MILKA chocolate con leche relleno de caramelo tableta 100 g","name":"chocolate con leche relleno de caramelo tableta 100 g","brand":"MILKA ","img":"https://sgfm.elcorteingles.es/SGFM//00/90/4/0120646700904/0120646700904000g01011.jpg","price":"0,88 €","price_unit":"(8,80 € / Kilo)","categories":["Supermercado","Desayunos Dulces y pan","Desayunos, dulces y pan","Chocolates y bombones","Chocolates rellenos","MILKA chocolate con leche relleno de caramelo tableta 100 g"],"general_information":["Denominación del alimento: Chocolate con leche de los Alpes con relleno cremoso lácteo con sabor a caramelo (35%) y con relleno de crema de caramelo (15%).","País de origen: Alemania","Nombre del operador: Mondelez España Commercial, S.L.","Dirección del operador: C/Eucalipto, 25  - 28016 Madrid,  España","Cantidad Neta: 100 g"],"ingredients":[" Ingredientes: Azúcar, manteca de palma, manteca de cacao, LECHE desnatada en polvo, jarabe de glucosa, suero de LECHE en polvo, pasta de cacao, grasa de LECHE, LECHE desnatada condensada, humectante (glicerina), jarabe de azúcar invertido, azúcar caramelizado, emulgentes (lecitina de SOJA, lecitina de girasol), AVELLANAS molidas, sal, aromas. 7% leche desnatada en polvo en el relleno cremoso lácteo. PUEDE CONTENER OTROS FRUTOS DE CÁSCARA Y TRIGO."],"ean":"7622300086404"},{"full_name":"MILKA Collage chocolate con leche relleno de avellanas, frambuesas y pepitas de chocolate negro tableta 93 g","name":"Collage chocolate con leche relleno de avellanas, frambuesas y pepitas de chocolate negro tableta 93 g","brand":"MILKA ","img":"https://sgfm.elcorteingles.es/SGFM/dctm/MEDIA03/201605/17/00120647201456____1__600x600.jpg","price":"1,17 €","price_unit":"(12,58 € / Kilo)","categories":["Supermercado","Desayunos Dulces y pan","Desayunos, dulces y pan","Chocolates y bombones","Chocolates rellenos","MILKA Collage chocolate con leche relleno de avellanas, frambuesas y pepitas de chocolate negro tableta 93 g"],"general_information":["Denominación del alimento: Artículo de confitería con crema al cacao (50%), chocolate con leche de los Alpes (40%), gotas de chocolate (5,5%), avellanas caramelizadas (2%) y frambuesas desecadas (1%). .","País de origen: Alemania","Nombre del operador: Mondelez España Commercial, S.L.","Dirección del operador: C/Eucalipto, 25  - 28016 Madrid,  España","Cantidad Neta: 93 g"],"ingredients":[" Ingredientes: Azúcar, manteca de palma, LECHE desnatada en polvo, pasta de cacao (6%), manteca de cacao, suero de LECHE en polvo, cacao magro, grasa de LECHE, trozos de AVELLANA (1,4%), frambuesas desecadas, emulgentes (lecitina de SOJA, lecitina de girasol), pasta de AVELLANAS, aromas. PUEDE CONTENER OTROS FRUTOS DE CÁSCARA Y TRIGO."],"ean":"7622210482174"},{"full_name":"MILKA Collage chocolate con leche relleno de caramelo galleta y chocolate negro tableta 93 g","name":"Collage chocolate con leche relleno de caramelo galleta y chocolate negro tableta 93 g","brand":"MILKA ","img":"https://sgfm.elcorteingles.es/SGFM/dctm/MEDIA02/CONTENIDOS/201511/30/00120647201399____1__600x600.jpg","price":"1,12 €","price_unit":"(12,04 € / Kilo)","categories":["Supermercado","Desayunos Dulces y pan","Desayunos, dulces y pan","Chocolates y bombones","Chocolates rellenos","MILKA Collage chocolate con leche relleno de caramelo galleta y chocolate negro tableta 93 g"],"general_information":["Denominación del alimento: Artículo de confitería con crema al cacao (51%) y chocolate con leche de los Alpes (38%) con trocitos de galleta (4,5%), gotas de chocolate (4,5%) y trocitos de caramelo salados (2%).","País de origen: Alemania","Nombre del operador: Mondelez España Commercial, S.L.","Dirección del operador: C/Eucalipto, 25  - 28016 Madrid,  España","Cantidad Neta: 93 g"],"ingredients":[" Ingredientes: Azúcar, manteca de palma, LECHE desnatada en polvo, manteca de cacao, pasta de cacao (5,5%), suero de LECHE en polvo, harina de TRIGO (con calcio, hierro, niacina y tiamina añadidos), grasa de LECHE, cacao magro en polvo (2%), emulgentes (lecitina de SOJA, E471, lecitina de girasol), jarabe de glucosa, jarabe de azúcar invertido, LECHE condensada, pasta de AVELLANAS, almidón, aceite de nabina, gasificantes (E500, E503), sal, MANTEQUILLA, aromas. PUEDE CONTENER OTROS FRUTOS DE CÁSCARA."],"ean":"7622210478306"},{"full_name":"MILKA Bubbly chocolate relleno de caramelo tableta 250 g","name":"Bubbly chocolate relleno de caramelo tableta 250 g","brand":"MILKA ","img":"https://sgfm.elcorteingles.es/SGFM/dctm/MEDIA03/201604/18/00120647200730____3__600x600.jpg","price":"2,63 €","price_unit":"(10,52 € / Kilo)","categories":["Supermercado","Desayunos Dulces y pan","Desayunos, dulces y pan","Chocolates y bombones","Chocolates rellenos","MILKA Bubbly chocolate relleno de caramelo tableta 250 g"],"general_information":["Denominación del alimento: Chocolate con leche con relleno líquido (19%) con caramelo sobre una capa de chocolate con leche aireado (40%).","País de origen: España","Nombre del operador: Mondelez España Commercial, S.L.","Dirección del operador: C/Eucalipto, 25  - 28016 Madrid,  España","Cantidad Neta: 0.25 Kilogramos"],"ingredients":[" Ingredientes:Azúcar, manteca de cacao, jarabe de glucosa, LECHE desnatada en polvo, pasta de cacao, suero de LECHE en polvo, grasa de LECHE, LECHE condensada desnatada (LECHE desnatada, azúcar), manteca de palma, humectante (glicerina), pasta de AVELLANAS, jarabe de azúcar invertido, azúcar caramelizado, emulgentes (lecitina de SOJA, E 476), sal, aroma. PUEDE CONTENER OTROS FRUTOS DE CÁSCARA Y TRIGO."],"conservation":" Conservar en lugar seco. Proteger del calor.","ean":"7622300757717"},{"full_name":"MILKA chocolate relleno de cacahuetes y caramelo tableta 276 g","name":"chocolate relleno de cacahuetes y caramelo tableta 276 g","brand":"MILKA ","img":"https://sgfm.elcorteingles.es/SGFM/dctm/MEDIA03/201701/27/00120647201464____6__600x600.jpg","price":"3,14 €","price_unit":"(11,38 € / Kilo)","categories":["Supermercado","Desayunos Dulces y pan","Desayunos, dulces y pan","Chocolates y bombones","Chocolates rellenos","MILKA chocolate relleno de cacahuetes y caramelo tableta 276 g"],"general_information":["Denominación del alimento: Chocolate con leche de los Alpes con relleno (10%) con caramelo, cacahuete (11%), y con relleno (22%) con cacahuete, con trozos de cacahuete (1%) y arroz inflado (0,4%).","País de origen: Bulgaria","Nombre del operador: Mondelez España Commercial, S.L.","Dirección del operador: C/Eucalipto, 25  - 28016 Madrid,  España","Cantidad Neta: 276 g"],"ingredients":[" Ingredientes: Azúcar, CACAHUETES, manteca de cacao, grasa de palma, LECHE desnatada en polvo, suero de LECHE en polvo, pasta de cacao, jarabe de glucosa, pasta de CACAHUETE (3%), grasa de LECHE, trozos de CACAHUETE, LECHE desnatada condensada, emulgentes (lecitina de SOJA, E 476, lecitina de girasol, E 471), humectante (glicerina), harina de arroz, jarabe de azúcar invertido, azúcar caramelizado, pasta de AVELLANAS, sal, aromas. PUEDE CONTENER OTROS FRUTOS DE CÁSCARA Y TRIGO."],"conservation":" Conservar en lugar seco. Proteger del calor.","ean":"7622210612267"},{"full_name":"MILKA Bubbly chocolate relleno tableta 90 g","name":"Bubbly chocolate relleno tableta 90 g","brand":"MILKA ","img":"https://sgfm.elcorteingles.es/SGFM/dctm/MEDIA03/201605/24/00120647200979____1__600x600.jpg","price":"0,98 €","price_unit":"(10,89 € / Kilo)","categories":["Supermercado","Desayunos Dulces y pan","Desayunos, dulces y pan","Chocolates y bombones","Chocolates rellenos","MILKA Bubbly chocolate relleno tableta 90 g"],"general_information":["Denominación del alimento: Chocolate con leche de los Alpes aireado.","País de origen: Alemania","Nombre del operador: Mondelez España Commercial, S.L.","Dirección del operador: C/Eucalipto, 25  - 28016 Madrid,  España","Cantidad Neta: 100 g"],"ingredients":[" Ingredientes: Azucar, manteca de cacao, LECHE desnatada en polvo, pasta de cacao, suero de LECHE en polvo, grasa de LECHE, AVELLANAS molidas, emulgentes (lecitina de SOJA, E476), aroma. Cacao: 30% mínimo. PUEDE CONTENER OTROS FRUTOS DE CÁSCARA Y TRIGO."],"ean":"7622400730894"},{"full_name":"MILKA chocolate con galleta Oreo pack 3 envases 100 g","name":"chocolate con galleta Oreo pack 3 envases 100 g","brand":"MILKA ","img":"https://sgfm.elcorteingles.es/SGFM/dctm/MEDIA03/201611/23/00120646700805____7__600x600.jpg","price":"2,59 €","price_unit":"(8,63 € / Kilo)","categories":["Supermercado","Desayunos Dulces y pan","Desayunos, dulces y pan","Chocolates y bombones","Chocolates rellenos","MILKA chocolate con galleta Oreo pack 3 envases 100 g"],"general_information":[],"ingredients":[],"ean":"7622210042323"},{"full_name":"MILKA Triple chocolate tableta 90 g","name":"Triple chocolate tableta 90 g","brand":"MILKA ","img":"https://sgfm.elcorteingles.es/SGFM/dctm/MEDIA03/201609/09/00120647201472____1__600x600.jpg","price":"1,24 €","price_unit":"(13,78 € / Kilo)","categories":["Supermercado","Desayunos Dulces y pan","Desayunos, dulces y pan","Chocolates y bombones","Chocolates rellenos","MILKA Triple chocolate tableta 90 g"],"general_information":["Denominación del alimento: Chocolate con leche de los Alpes con trozos de galleta con cacao (2,5%), con relleno cremoso con cacao (12%) y con relleno líquido con cacao (8%). .","País de origen: Alemania","Nombre del operador: Mondelez España Commercial, S.L.","Dirección del operador: C/Eucalipto, 25  - 28016 Madrid,  España","Cantidad Neta: 90 g"],"ingredients":[" Ingredientes: Azúcar, manteca de cacao, LECHE desnatada en polvo, suero de LECHE en polvo, pasta de cacao, grasas vegetales (palma, palmiste), grasa de LECHE, cacao desgrasado (3%), harina de TRIGO, jarabe de glucosa, jarabe de glucosa y fructosa, humectantes (glicerina, sorbitol), emulgentes (lecitina de SOJA, lecitina de girasol), LECHE en polvo, pasta de AVELLANAS, aromas, LECHE en polvo rica en materia grasa, almidón de TRIGO, corrector de acidez (fosfato de calcio), gasificantes (carbonato ácido de potasio, carbonato ácido de amonio, carbonato ácido de sodio), sal. Cacao: 30% mínimo en el chocolate con leche de los Alpes. PUEDE CONTENER OTROS FRUTOS DE CÁSCARA."],"conservation":"Modo de empleo: No especificado","ean":"7622210609908"},{"full_name":"VALOR chocolate con leche y mousse de avellana 0% azúcares edulcorado con stevia sin gluten tableta 150 g","name":"chocolate con leche y mousse de avellana 0% azúcares edulcorado con stevia sin gluten tableta 150 g","brand":"VALOR ","img":"https://sgfm.elcorteingles.es/SGFM/dctm/MEDIA03/201605/06/00120647400249____2__600x600.jpg","price":"1,93 €","price_unit":"(12,87 € / Kilo)","categories":["Supermercado","Desayunos Dulces y pan","Desayunos, dulces y pan","Chocolates y bombones","Chocolates rellenos","VALOR chocolate con leche y mousse de avellana 0% azúcares edulcorado con stevia sin gluten tableta 150 g"],"general_information":["Denominación del alimento: Chocolate con leche relleno (35%) sin azúcares añadidos con edulcorantes","Nombre del operador: Chocolates Valor,S.A.","Dirección del operador: Av. Pianista Gonzalo Soriano, 13 - 03570 - Villajoyosa (Alicante)","Cantidad Neta: 150 g","Otras menciones obligatorias en la etiqueta: Cacao: 36% mínimo en el chocolate con leche. Un consumo excesivo puede tener efectos laxantes."],"ingredients":[" Edulcorante: maltitol, pasta de cacao, manteca de cacao, leche  en polvo, leche en polvo desnatada, grasa vegetal (palma, palmiste), avellanas (5%), lactosuero en polvo (leche), cacao desgrasado en polvo, emulgente: lecitina de soja, edulcorante: glucósidos de esteviol (0,006%)*, aromas. * Expresado como equivalentes de esteviol. Puede contener trazas de almendra."],"conservation":" Conservar en lugar fresco y seco, alejado de olores.","ean":"8410109005974"},{"full_name":"VALOR chocolate puro con mousse de trufa 0% azúcares, sin gluten y edulcorado con stevia tableta 150 g","name":"chocolate puro con mousse de trufa 0% azúcares, sin gluten y edulcorado con stevia tableta 150 g","brand":"VALOR ","img":"https://sgfm.elcorteingles.es/SGFM/dctm/MEDIA03/201605/06/00120647400256____2__600x600.jpg","price":"1,93 €","price_unit":"(12,87 € / Kilo)","categories":["Supermercado","Desayunos Dulces y pan","Desayunos, dulces y pan","Chocolates y bombones","Chocolates rellenos","VALOR chocolate puro con mousse de trufa 0% azúcares, sin gluten y edulcorado con stevia tableta 150 g"],"general_information":["Denominación del alimento: Chocolate relleno (35%) sin azúcares añadidos con edulcorantes","Nombre del operador: Chocolates Valor,S.A.","Dirección del operador: Av. Pianista Gonzalo Soriano, 13 - 03570 - Villajoyosa (Alicante)","Cantidad Neta: 150 g","Otras menciones obligatorias en la etiqueta: Cacao: 52% mínimo en el chocolate. Un consumo excesivo puede tener efectos laxantes."],"ingredients":[" Edulcorante: maltitol, pasta de cacao, manteca de cacao, grasa vegetal (palma, palmiste), lactosuero en polvo (leche), leche en polvo desnatada, cacao en polvo desgrasado, mantequilla concentrada (leche), emulgente: lecitina de soja, edulcorante: glucósidos de esteviol (0,003%)*, aromas.. Puede contener trazas de almendra y avellana. * Expresado como equivalentes de esteviol."],"conservation":" Conservar en lugar fresco y seco, alejado de olores.","ean":"8410109003789"},{"full_name":"VALOR chocolate negro 70% con mousse de naranja 0% añadidos, sin gluten y edulcorado con stevia tableta 150 g","name":"chocolate negro 70% con mousse de naranja 0% añadidos, sin gluten y edulcorado con stevia tableta 150 g","brand":"VALOR ","img":"https://sgfm.elcorteingles.es/SGFM/dctm/MEDIA03/201605/06/00120647400264____2__600x600.jpg","price":"1,93 €","price_unit":"(12,87 € / Kilo)","categories":["Supermercado","Desayunos Dulces y pan","Desayunos, dulces y pan","Chocolates y bombones","Chocolates rellenos","VALOR chocolate negro 70% con mousse de naranja 0% añadidos, sin gluten y edulcorado con stevia tableta 150 g"],"general_information":["Denominación del alimento: Chocolate relleno (35%) sin azúcares añadidos con edulcorantes","Nombre del operador: Chocolates Valor,S.A.","Dirección del operador: Av. Pianista Gonzalo Soriano, 13 - 03570 - Villajoyosa (Alicante)","Cantidad Neta: 150 g","Otras menciones obligatorias en la etiqueta: Cacao: 70% mínimo en el chocolate. Un consumo excesivo puede tener efectos laxantes."],"ingredients":[" Pasta de cacao, edulcorante: maltitol, cacao en polvo desgrasado, grasa vegetal (palma, palmiste), manteca de cacao, lactosuero en polvo (leche), leche en polvo desnatada, mantequilla concentrada (leche), maltodextrina, zumo concentrado de naranja (0,2%), emulgente: lecitina de soja, edulcorante: glucósidos de esteviol (0,01%)*, aromas. * Expresado como equivalentes de esteviol. Puede contener trazas de almendra y avellana."],"conservation":" Conservar en lugar fresco y seco, alejado de olores.","ean":"8410109003895"},{"full_name":"VALOR Chocolatium negro 70% chocolate relleno de trufa y galleta de chocolate tableta 150 g","name":"Chocolatium negro 70% chocolate relleno de trufa y galleta de chocolate tableta 150 g","brand":"VALOR ","img":"https://sgfm.elcorteingles.es/SGFM/dctm/MEDIA03/201709/08/00120645301613____1__600x600.jpg","price":"1,99 €","price_unit":"(13,27 € / Kilo)","categories":["Supermercado","Desayunos Dulces y pan","Desayunos, dulces y pan","Chocolates y bombones","Chocolates rellenos","VALOR Chocolatium negro 70% chocolate relleno de trufa y galleta de chocolate tableta 150 g"],"general_information":["Denominación del alimento: Chocolate relleno (45%) y con galletas de cacao","Nombre del operador: Chocolates Valor,S.A.","Dirección del operador: Av. Pianista Gonzalo Soriano, 13 - 03570 - Villajoyosa (Alicante)","Cantidad Neta: 150 g","Otras menciones obligatorias en la etiqueta: Cacao: 70% mínimo."],"ingredients":[" Pasta de cacao, azúcar, cacao desgrasado en polvo, grasa vegetal (palma y palmiste), galleta de cacao (6%) [harina de trigo, azúcar, mantequilla (leche), cacao en polvo (8%), aceites vegetales (aceite de palma, aceite de girasol), jarabe de glucosa, agua, sal, antioxidante: E330, gasificante: E503ii, colorante: E153],  manteca de cacao, lactosuero en polvo (leche), mantequilla concentrada (leche), emulgente: lecitina de soja, aromas. Puede contener trazas de almendras y avellanas."],"conservation":" Conservar en lugar fresco y seco, alejado de olores.","ean":"8410109111149"},{"full_name":"VALOR Chocolatium chocolate puro relleno de crema de avellana y crujiente barquillo tableta 150 g","name":"Chocolatium chocolate puro relleno de crema de avellana y crujiente barquillo tableta 150 g","brand":"VALOR ","img":"https://sgfm.elcorteingles.es/SGFM/dctm/MEDIA03/201709/08/00120645301621____1__600x600.jpg","price":"1,99 €","price_unit":"(13,27 € / Kilo)","categories":["Supermercado","Desayunos Dulces y pan","Desayunos, dulces y pan","Chocolates y bombones","Chocolates rellenos","VALOR Chocolatium chocolate puro relleno de crema de avellana y crujiente barquillo tableta 150 g"],"general_information":["Denominación del alimento: Chocolate relleno (45%) y con barquillo","Nombre del operador: Chocolates Valor,S.A.","Dirección del operador: Av. Pianista Gonzalo Soriano, 13 - 03570 - Villajoyosa (Alicante)","Cantidad Neta: 150 g","Otras menciones obligatorias en la etiqueta: Cacao: 52% mínimo."],"ingredients":[" Azúcar, pasta de cacao, manteca de cacao, grasa vegetal (palma y palmiste), pasta de avellanas (6%), barquillo (4%) [harina de trigo, azúcar, grasa vegetal (girasol, colza), grasa de leche anhidra,  lactosa (leche), proteínas de leche, sal, extracto de malta (cebada), gasificante: bicarbonato de sodio, emulgente: lecitina de girasol, antioxidante: E306], lactosuero en polvo (leche), cacao desgrasado en polvo, mantequilla concentrada (leche), emulgente: lecitina de soja, aromas. Puede contener trazas de almendras."],"conservation":" Conservar en lugar fresco y seco, alejado de olores.","ean":"8410109111156"},{"full_name":"TORRAS chocolate negro con frutas del bosque sin azúcares añadidos tableta 125 g","name":"chocolate negro con frutas del bosque sin azúcares añadidos tableta 125 g","brand":"TORRAS ","img":"https://sgfm.elcorteingles.es/SGFM//00/38/1/0120643000381/0120643000381000g01011.jpg","price":"1,86 €","price_unit":"(14,88 € / Kilo)","categories":["Supermercado","Desayunos Dulces y pan","Desayunos, dulces y pan","Chocolates y bombones","Chocolates rellenos","TORRAS chocolate negro con frutas del bosque sin azúcares añadidos tableta 125 g"],"general_information":["Denominación del alimento: Chocolate negro con frutas del bosque con edulcorantes","País de origen: España","Nombre del operador: Chocolates Torras","Dirección del operador: Carretera de Girona-Banyoles km. 15 17844 Cornellà de Terri","Cantidad Neta: 125,0 g","Otras menciones obligatorias en la etiqueta: Edulcorado con edulcorante natural extraido de la planta Stevia"],"ingredients":[" Pasta de\ncacao, edulcorantes: eritritol, glucósidos de esteviol (0.027%), manteca de\ncacao, inulina, cacao en polvo, frutas del bosque (2%), emulgente: lecitina de\nsoja, aroma: vainillina y frutas del bosque."],"conservation":" Conservar en un lugar fresco y seco, alejado de los olores.","ean":"8410342005526"},{"full_name":"ALIADA chocolate blanco tableta 100 g","name":"chocolate blanco tableta 100 g","brand":"ALIADA ","img":"https://sgfm.elcorteingles.es/SGFM/dctm/MEDIA02/CONTENIDOS/201408/27/00120642900987____1__600x600.jpg","price":"0,62 €","price_unit":"(6,20 € / Kilo)","categories":["Supermercado","Desayunos Dulces y pan","Desayunos, dulces y pan","Chocolates y bombones","Chocolates blancos","ALIADA chocolate blanco tableta 100 g"],"general_information":["Denominación del alimento: Chocolate blanco.","Nombre del operador: Elaborado para el \nGrupo El Corte Inglés\nHermosilla, 112   28009 Madrid ? España  \npor CIF: A03012655","Cantidad Neta: 100 g","Número de raciones por envase: Ã  2"],"ingredients":[" Ingredientes: \nAzúcar, manteca de cacao, leche en polvo,  emulgente: lecitina de soja y aroma natural de vainilla. Puede contener trazas de avellanas y almendras."],"conservation":" Evitar ambientes húmedos u olores fuertes. \nAlejar de focos de calor y exposición directa al sol. \nTemparatura ideal de conservación: 16 - 20 ºC.","ean":"8433329045117"},{"full_name":"NESTLE MILKYBAR chocolate blanco tableta 100 g","name":"chocolate blanco tableta 100 g","brand":"NESTLE MILKYBAR ","img":"https://sgfm.elcorteingles.es/SGFM/dctm/MEDIA03/201709/19/00120642901340____1__600x600.jpg","price":"1,15 €","price_unit":"(11,50 € / Kilo)","categories":["Supermercado","Desayunos Dulces y pan","Desayunos, dulces y pan","Chocolates y bombones","Chocolates blancos","NESTLE MILKYBAR chocolate blanco tableta 100 g"],"general_information":["Denominación del alimento: Chocolate blanco","Nombre del operador: Nestlé España, S.A.","Dirección del operador: NESTLÉ ESPAÑA, S.A. Edificio Nestlé. 08950 Esplugues de Llobregat (Barcelona).","Cantidad Neta: 100 g"],"ingredients":[" Azúcar, leche en polvo (26%), manteca de cacao, suero de leche en polvo, emulgente lecitina de girasol, aroma natural de vainilla. Puede contener gluten y frutos secos."],"conservation":" Conservar en lugar limpio, fresco y seco","ean":"8000300371031"},{"full_name":"NESTLE MILKYBAR chocolate blanco con galleta tableta 100 g","name":"chocolate blanco con galleta tableta 100 g","brand":"NESTLE MILKYBAR ","img":"https://sgfm.elcorteingles.es/SGFM/dctm/MEDIA03/201709/14/00120646701142____1__600x600.jpg","price":"1,40 €","price_unit":"(14 € / Kilo)","categories":["Supermercado","Desayunos Dulces y pan","Desayunos, dulces y pan","Chocolates y bombones","Chocolates blancos","NESTLE MILKYBAR chocolate blanco con galleta tableta 100 g"],"general_information":["Denominación del alimento: Chocolate blanco con galleta","Nombre del operador: Nestlé España, S.A.","Dirección del operador: NESTLÉ ESPAÑA, S.A. Edificio Nestlé. 08950 Esplugues de Llobregat (Barcelona).","Cantidad Neta: 100 g"],"ingredients":[" Chocolate blanco (88%) [ azúcar, leche en polvo (23,2%), manteca de cacao, suero de leche en polvo, emulgente lecitina de girasol, aroma natural de vainilla], galleta (12%) [ harina de maíz, azúcar, almidón de maíz, grasa láctea, canela, gasificantes (bicarbonato sódico, bicarbonato amónico), espesante goma guar, colorante caramelo natural, sal]. Puede contener gluten y frutos secos."],"conservation":" Conservar en lugar limpio, fresco y seco","ean":"8000300370737"},{"full_name":"LINDT chocolate blanco cremoso tableta 100 g","name":"chocolate blanco cremoso tableta 100 g","brand":"LINDT ","img":"https://sgfm.elcorteingles.es/SGFM/dctm/MEDIA02/CONTENIDOS/201505/26/00120642901159____1__600x600.jpg","price":"1,76 €","price_unit":"(17,60 € / Kilo)","categories":["Supermercado","Desayunos Dulces y pan","Desayunos, dulces y pan","Chocolates y bombones","Chocolates blancos","LINDT chocolate blanco cremoso tableta 100 g"],"general_information":["Denominación del alimento: Chocolate","País de origen: Alemania","Nombre del operador: Lindt & Sprüngli","Dirección del operador: C/ Marina 16-18 Torre Mapfre, P39. 08005 (Barcelona)","Cantidad Neta: 100 g"],"ingredients":[" Ingredientes : pasta de cacao, azúcar, grasa vegetal (coco, palmiste), manteca de cacao, grasa láctea anhidra, leche en polvo, emulgente (lecitina de soja), leche desnatada en polvo,  lactosa, vaina de vainilla, aromas, extracto de malta de cebada.Fracción de chocolate negro contiene cacao: 60 % mínimo.Puede contener avellanas, almendras."],"conservation":" Conservar en lugar fresco y seco","ean":"7610400083843"},{"full_name":"LINDT LINDOR chocolate blanco tableta 100 g","name":"chocolate blanco tableta 100 g","brand":"LINDT LINDOR ","img":"https://sgfm.elcorteingles.es/SGFM//01/00/1/0120647201001/0120647201001000g01011.jpg","price":"1,83 €","price_unit":"(18,30 € / Kilo)","categories":["Supermercado","Desayunos Dulces y pan","Desayunos, dulces y pan","Chocolates y bombones","Chocolates blancos","LINDT LINDOR chocolate blanco tableta 100 g"],"general_information":["Denominación del alimento: Chocolate","País de origen: Suiza","Nombre del operador: Lindt & Sprüngli","Dirección del operador: C/ Marina 16-18 Torre Mapfre, P39. 08005 (Barcelona)","Cantidad Neta: 100 g","Número de raciones por envase: 18"],"ingredients":[" Azúcar, manteca de cacao, grasas vegetales (coco, palmiste), leche en polvo, leche desnatada en polvo, emulgente (lecitina de soja), aromas. Puede contener avellanas, almendras."],"conservation":" Conservar en lugar fresco y seco","ean":"7610400081405"},{"full_name":"LACASITOS chocolate blanco con Lacasitos tableta 100 g","name":"chocolate blanco con Lacasitos tableta 100 g","brand":"LACASITOS ","img":"https://sgfm.elcorteingles.es/SGFM/dctm/MEDIA02/CONTENIDOS/201506/01/00200247201312____1__600x600.jpg","price":"1,08 €","price_unit":"(10,80 € / Kilo)","categories":["Supermercado","Desayunos Dulces y pan","Desayunos, dulces y pan","Chocolates y bombones","Chocolates blancos","LACASITOS chocolate blanco con Lacasitos tableta 100 g"],"general_information":["Denominación del alimento: CHOCOLATE BLANCO CON GRAGEAS DE CHOCOLATE CON LECHE RECUBIERTAS DE AZÚCAR.","Nombre del operador: Lacasa España S.A.U.","Dirección del operador: Autovía de Logroño km.14 (50180 Utebo, Zaragoza).","Cantidad Neta: 100 g"],"ingredients":[" Chocolate blanco (azúcar, manteca de cacao, leche desnatada en polvo, leche entera en polvo,  mantequilla, lactosa, emulgentes (lecitina de soja, E-476) y aroma), grageas de chocolate con leche recubiertas con azúcar coloreado (Lacasitos)(18%)(chocolate con leche (62%) (azúcar, manteca de cacao, pasta de cacao, leche entera en polvo, leche desnatada en polvo, emulgente (lecitina de soja) y aroma. Cacao 37% mínimo), azúcar, colorantes (E-171, E-163, E-101, E-120, E-141, E-160a y E-153), agentes de recubrimiento (E-414, E-903 y E-901)).Fuente de calcio.Puede contener trazas de cacahuetes y  frutos de cáscara."],"conservation":" Conservar en un lugar fresco y seco.","ean":"8410740012393"},{"full_name":"CIBELES chocolate blanco tableta 75 g","name":"chocolate blanco tableta 75 g","brand":"CIBELES ","img":"https://sgfm.elcorteingles.es/SGFM/dctm/MEDIA02/CONTENIDOS/201601/08/00120642900896____1__600x600.jpg","price":"0,80 €","price_unit":"(10,67 € / Kilo)","categories":["Supermercado","Desayunos Dulces y pan","Desayunos, dulces y pan","Chocolates y bombones","Chocolates blancos","CIBELES chocolate blanco tableta 75 g"],"general_information":["Denominación del alimento: CHOCOLATE BLANCO","Nombre del operador: Lacasa España S.A.U.","Dirección del operador: Autovía de Logroño km.14 (50180 Utebo, Zaragoza).","Cantidad Neta: 75 g"],"ingredients":[" Azúcar, manteca de cacao, leche desnatada en polvo, leche entera en polvo, lactosa, mantequilla, emulgente (lecitina de soja) y aroma.Cacao 26% mínimo en chocolate.Puede contener trazas de cacahuetes y otros frutos de cáscara."],"conservation":" Conservar en un lugar fresco y seco.","ean":"8410116010374"},{"full_name":"NESTLE Blond chocolate con sabor dulce de leche caramelizado edición especial aniversario tableta 120 g","name":"Blond chocolate con sabor dulce de leche caramelizado edición especial aniversario tableta 120 g","brand":"NESTLE ","img":"https://sgfm.elcorteingles.es/SGFM/dctm/MEDIA03/201603/02/00120642901175____1__600x600.jpg","price":"1,79 €","price_unit":"(14,92 € / Kilo)","categories":["Supermercado","Desayunos Dulces y pan","Desayunos, dulces y pan","Chocolates y bombones","Chocolates diversos","NESTLE Blond chocolate con sabor dulce de leche caramelizado edición especial aniversario tableta 120 g"],"general_information":["Denominación del alimento: Chocolate blanco","Nombre del operador: Nestlé España, S.A.","Dirección del operador: NESTLÉ España, S.A. Edificio Nestlé 08950 Esplugues de Llobregat (Barcelona)","Cantidad Neta: 120 g"],"ingredients":[" Ingredientes: Azúcar, manteca de cacao, leche en polvo, suero de leche en polvo, mantequilla, maltodextrina, leche desnatada en polvo, emulgente lecitina de girasol. Puede contener frutos secos."],"conservation":" Conservar en un lugar fresco y seco.","ean":"7613035547438"},{"full_name":"NESTLE CRUNCH chocolate con arroz inflado crujiente tableta 100 g","name":"chocolate con arroz inflado crujiente tableta 100 g","brand":"NESTLE CRUNCH ","img":"https://sgfm.elcorteingles.es/SGFM/00/19/3/0120646700193/0120646700193000g01011.jpg","price":"1,08 €","price_unit":"(10,80 € / Kilo)","categories":["Supermercado","Desayunos Dulces y pan","Desayunos, dulces y pan","Chocolates y bombones","Chocolates diversos","NESTLE CRUNCH chocolate con arroz inflado crujiente tableta 100 g"],"general_information":["Denominación del alimento: Chocolate con leche con cereales tostados. Cacao: 29% mínimo","Nombre del operador: Nestlé España, S.A.","Dirección del operador: Nestlé España S. A. Edificio Nestlé 08950 Esplugues de Llobregat (Barcelona)","Cantidad Neta: 100 g"],"ingredients":[" Azúcar, manteca de cacao, cereales tostados (15%) [harina de arroz, azúcar, harina de maíz, extracto de malta de trigo, gluten de trigo, cacao desgrasado, sal, leche desnatada en polvo], cacao, leche en polvo, leche desnatada en polvo, suero de leche en polvo, grasa láctea, emulgente (lecitina de girasol), aroma natural de vainilla. Puede contener frutos secos."],"conservation":" Conservar en lugar fresco y seco","ean":"8000300264388"},{"full_name":"MILKA Choco-Swing chocolate con galleta formato familiar pack 2 tableta 300 g","name":"Choco-Swing chocolate con galleta formato familiar pack 2 tableta 300 g","brand":"MILKA ","img":"https://sgfm.elcorteingles.es/SGFM/dctm/MEDIA03/201605/10/00120647200862____1__600x600.jpg","price":"4,50 €","price_unit":"(7,50 € / Kilo)","categories":["Supermercado","Desayunos Dulces y pan","Desayunos, dulces y pan","Chocolates y bombones","Chocolates diversos","MILKA Choco-Swing chocolate con galleta formato familiar pack 2 tableta 300 g"],"general_information":["Denominación del alimento: Chocolate con leche de los Alpes relleno de crema (44%) de cacao y galleta (13%) de cacao.","País de origen: Austria","Nombre del operador: Mondelez España Commercial, S.L.","Dirección del operador: C/Eucalipto, 25  - 28016 Madrid,  España","Cantidad Neta: 600 g"],"ingredients":[" Ingredientes: Azúcar, manteca de palma, manteca de cacao, harina de TRIGO, LECHE en polvo, LECHE desnatada en polvo, pasta de cacao, cacao en polvo, suero de LECHE en polvo, AVELLANAS, grasa de LECHE, MANTEQUILLA, cacao magro en polvo, emulgentes (lecitina de SOJA, lecitina de girasol), sal, aromas, gasificantes (E500, E503, E330).PUEDE CONTENER OTROS FRUTOS DE CÁSCARA Y HUEVO."],"ean":"7622400788109"},{"full_name":"MILKA Choco-Swing chocolate con galleta tableta 300 g","name":"Choco-Swing chocolate con galleta tableta 300 g","brand":"MILKA ","img":"https://sgfm.elcorteingles.es/SGFM/dctm/MEDIA03/201604/21/00120647200045____2__600x600.jpg","price":"2,37 €","price_unit":"(7,90 € / Kilo)","categories":["Supermercado","Desayunos Dulces y pan","Desayunos, dulces y pan","Chocolates y bombones","Chocolates diversos","MILKA Choco-Swing chocolate con galleta tableta 300 g"],"general_information":["Denominación del alimento: Chocolate con leche relleno de galleta (13%) entre dos capas de cacao (28%) y crema (18%).","País de origen: Austria","Nombre del operador: Mondelez España Commercial, S.L.","Dirección del operador: C/Eucalipto, 25  - 28016 Madrid,  España","Cantidad Neta: 300 g"],"ingredients":[" Ingredientes:Azúcar, manteca de palma, harina de TRIGO, manteca de cacao, LECHE desnatada en polvo, pasta de cacao, suero de LECHE en polvo, grasa de LECHE, cacao en polvo (1%), LECHE en polvo rica en grasa (1%), pasta de ALMENDRAS, pasta de AVELLANAS, emulgentes (lecitina de SOJA, lecitina de girasol), jarabe de glucosa, gasificantes (E500, E503), sal, aroma. PUEDE CONTENER HUEVO."],"ean":"9012200872739"},{"full_name":"MILKA Choco-Swing chocolate con barquillo tableta 300 g","name":"Choco-Swing chocolate con barquillo tableta 300 g","brand":"MILKA ","img":"https://sgfm.elcorteingles.es/SGFM/00/05/2/0120647200052/0120647200052000g01011.jpg","price":"2,40 €","price_unit":"(8 € / Kilo)","categories":["Supermercado","Desayunos Dulces y pan","Desayunos, dulces y pan","Chocolates y bombones","Chocolates diversos","MILKA Choco-Swing chocolate con barquillo tableta 300 g"],"general_information":["Denominación del alimento: Chocolate con leche de los Alpes relleno de crema (46%) de avellanas, barquillo (4%) y avellanas caramelizadas (3.5%).","País de origen: Austria","Nombre del operador: Mondelez España Commercial, S.L.","Dirección del operador: C/Eucalipto, 25  - 28016 Madrid,  España","Cantidad Neta: 300 g"],"ingredients":[" Ingredientes: Azúcar, manteca de palma, manteca de cacao, pasta de cacao, LECHE desnatada en polvo, suero de LECHE en polvo, barquillo [harina de TRIGO, manteca de coco, emulgente (lecitina de SOJA), sal, azúcar caramelizado, aroma, gasificante (carbonato ácido de sodio), LECHE desnatada en polvo], AVELLANAS molidas (4.5%), AVELLANAS caramelizadas (trozos de AVELLANA, azúcar), grasa de LECHE, emulgentes (lecitina de SOJA, lecitina de girasol ), aromas. PUEDE CONTENER OTROS FRUTOS DE CÁSCARA."],"ean":"8410172905355"},{"full_name":"MILKA Triolade chocolate con 3 chocolates tableta 280 g","name":"Triolade chocolate con 3 chocolates tableta 280 g","brand":"MILKA ","img":"https://sgfm.elcorteingles.es/SGFM/dctm/MEDIA03/201709/06/00200247201619____1__600x600.jpg","price":"3,19 €","price_unit":"(11,39 € / Kilo)","categories":["Supermercado","Desayunos Dulces y pan","Desayunos, dulces y pan","Chocolates y bombones","Chocolates diversos","MILKA Triolade chocolate con 3 chocolates tableta 280 g"],"general_information":["Denominación del alimento: Chocolate con leche de los Alpes (35%), chocolate blanco (42%) y chocolate con leche de los Alpes con mayor contenido de cacao (23%).","País de origen: Austria","Nombre del operador: Mondelez España Commercial, S.L.","Dirección del operador: C/Eucalipto, 25  - 28016 Madrid,  España","Cantidad Neta: 280 g"],"ingredients":[" Ingredientes: Azúcar, manteca de cacao, pasta de cacao, LECHE desnatada en polvo, suero de LECHE en polvo, grasa de LECHE, emulgente (lecitina de SOJA), pasta de AVELLANAS, aromas. Cacao: 30% mínimo en chocolate con leche de los Alpes.Cacao: 45% mínimo en chocolate con leche de los Alpes con mayor contenido de cacao. PUEDE CONTENER OTROS FRUTOS DE CÁSCARA Y TRIGO."],"ean":"7622210693273"},{"full_name":"MILKA chocolate con leche y galleta LU tableta 87 g","name":"chocolate con leche y galleta LU tableta 87 g","brand":"MILKA ","img":"https://sgfm.elcorteingles.es/SGFM/dctm/MEDIA03/201710/31/00120646700748____6__600x600.jpg","price":"1,00 €","price_unit":"(11,49 € / Kilo)","categories":["Supermercado","Desayunos Dulces y pan","Desayunos, dulces y pan","Chocolates y bombones","Chocolates diversos","MILKA chocolate con leche y galleta LU tableta 87 g"],"general_information":["Denominación del alimento: Chocolate con leche de los Alpes cubierto de galletas (26%).","País de origen: Hungr¡a","Nombre del operador: Mondelez España Commercial, S.L.","Dirección del operador: C/Eucalipto, 25  - 28016 Madrid,  España","Cantidad Neta: 87 g"],"ingredients":[" Ingredientes: Azúcar, harina de TRIGO, manteca de cacao, LECHE desnatada en polvo, pasta de cacao, suero de LECHE en polvo, grasa de LECHE, manteca de palma, MANTEQUILLA, emulgentes (lecitina de SOJA, E 476), jarabe de glucosa, LECHE en polvo, sal, aromas, gasificantes (difosfato disódico, carbonato ácido de sodio, carbonato ácido de amonio), extracto de malta de CEBADA, almidón de TRIGO, extracto de levadura. Cacao: 30% mínimo en el chocolate con leche de los Alpes. PUEDE CONTENER HUEVO."],"ean":"7622300787844"},{"full_name":"MILKA chocolate con leche y galleta TUC tableta 87 g","name":"chocolate con leche y galleta TUC tableta 87 g","brand":"MILKA ","img":"https://sgfm.elcorteingles.es/SGFM/dctm/MEDIA03/201611/23/00120646700730____2__600x600.jpg","price":"1,00 €","price_unit":"(11,49 € / Kilo)","categories":["Supermercado","Desayunos Dulces y pan","Desayunos, dulces y pan","Chocolates y bombones","Chocolates diversos","MILKA chocolate con leche y galleta TUC tableta 87 g"],"general_information":["Denominación del alimento: Chocolate con leche de los Alpes cubierto de galletas cracker saladas (15%).","País de origen: Hungr¡a","Nombre del operador: Mondelez España Commercial, S.L.","Dirección del operador: C/Eucalipto, 25  - 28016 Madrid,  España","Cantidad Neta: 87 g"],"ingredients":[" Ingredientes: Azúcar, manteca de cacao, harina de TRIGO, LECHE desnatada en polvo, pasta de cacao, suero de LECHE en polvo, grasa de LECHE, manteca de palma, jarabe de glucosa, extracto de malta de CEBADA, emulgentes (lecitina de SOJA, E 476), sal, almidón de TRIGO, gasificantes (carbonato ácido de amonio, carbonato ácido de sodio, difosfato disódico), aromas, agente de tratamiento de la harina (METABISULFITO sódico), MANTEQUILLA, extracto de levadura,LECHE en polvo. Cacao: 30% mínimo en el chocolate con leche de los Alpes. PUEDE CONTENER HUEVO."],"ean":"7622300787837"},{"full_name":"MILKA chocolate con leche y Chips Ahoy tableta 100 g","name":"chocolate con leche y Chips Ahoy tableta 100 g","brand":"MILKA ","img":"https://sgfm.elcorteingles.es/SGFM/dctm/MEDIA03/201611/23/00120647200987____1__600x600.jpg","price":"0,98 €","price_unit":"(9,80 € / Kilo)","categories":["Supermercado","Desayunos Dulces y pan","Desayunos, dulces y pan","Chocolates y bombones","Chocolates diversos","MILKA chocolate con leche y Chips Ahoy tableta 100 g"],"general_information":["Denominación del alimento: Chocolate con leche de los Alpes con trozos (12%) de galleta con pepitas de chocolate y relleno cremoso (38%).","País de origen: Alemania","Nombre del operador: Mondelez España Commercial, S.L.","Dirección del operador: C/Eucalipto, 25  - 28016 Madrid,  España","Cantidad Neta: 100 g"],"ingredients":[" Ingredientes: Azúcar, grasa de palma, manteca de cacao, LECHE desnatada en polvo, suero de LECHE en polvo, pasta de cacao, harina de TRIGO, grasa de LECHE, emulgentes (lecitina de SOJA, lecitina de girasol), AVELLANAS molidas, gasificantes (E503, E500, E341), dextrosa, jarabe de glucosa y fructosa, sal, aromas. PUEDE CONTENER OTROS FRUTOS DE CÁSCARA."],"ean":"7622210269249"},{"full_name":"LACASA chocolate con leche con Lacasitos tableta 100 g","name":"chocolate con leche con Lacasitos tableta 100 g","brand":"LACASA ","img":"https://sgfm.elcorteingles.es/SGFM//00/88/8/0120646700888/0120646700888000g01011.jpg","price":"1,10 €","price_unit":"(11 € / Kilo)","categories":["Supermercado","Desayunos Dulces y pan","Desayunos, dulces y pan","Chocolates y bombones","Chocolates diversos","LACASA chocolate con leche con Lacasitos tableta 100 g"],"general_information":["Denominación del alimento: CHOCOLATE CON LECHE EXTRAFINO CON GRAGEAS DE CHOCOLATE CON LECHE RECUBIERTAS DE AZÚCAR COLOREADO","Nombre del operador: Lacasa España S.A.U.","Dirección del operador: Autovía de Logroño km.14 (50180 Utebo, Zaragoza).","Cantidad Neta: 100 g"],"ingredients":[" Chocolate con leche extrafino (azúcar, manteca de cacao, leche entera  en polvo, pasta de cacao, lactosa, mantequilla, emulgentes (lecitina de soja y E-476) y aromas. Cacao 32% mínimo), grageas de chocolate con leche recubiertas de azúcar coloreado (Lacasitos) (18%)(chocolate con leche (62%) (azúcar, manteca de cacao, pasta de cacao, leche entera en polvo, leche desnatada en polvo, emulgente (lecitina de soja) y aroma.Cacao 37% mínimo), azúcar,  colorantes (E-171, E-163, E-101, E-120, E-141, E-160a y E-153) y agentes de recubrimiento (E-414, E-903, E-901)).Puede contener trazas de cacahuetes y frutos de cáscara.Fuente de calcio."],"conservation":" Conservar en un lugar fresco y seco.","ean":"8410740012324"},{"full_name":"EL CORTE INGLES chocolatinas rellenas de menta estuche 200 g","name":"chocolatinas rellenas de menta estuche 200 g","brand":"EL CORTE INGLES ","img":"https://sgfm.elcorteingles.es/SGFM/dctm/MEDIA02/CONTENIDOS/201406/20/00120602401026____1__600x600.jpg","price":"2,95 €","price_unit":"(14,75 € / Kilo)","categories":["Supermercado","Desayunos Dulces y pan","Desayunos, dulces y pan","Chocolates y bombones","Chocolatinas","EL CORTE INGLES chocolatinas rellenas de menta estuche 200 g"],"general_information":["Denominación del alimento: Bombones de chocolate rellenos (30% relleno).","Nombre del operador: Elaborado para \nEl Corte Inglés\npor Chocolates Valor, S.A.\nC/ Pianista Gonzalo Soriano, 13 - 03570. Villajoyosa\nAlicante\nEspaña","Cantidad Neta: 200 g","Número de raciones por envase: 34"],"ingredients":[" Ingredientes: pasta de cacao, azúcar , cacao desgrasado en polvo, manteca de cacao, pasta de avellana,  mantequilla anhidra,  leche en polvo, lactosuero en polvo, grasa vegetal  (palma, girasol, colza, semilla de algodón) , leche desnatada en polvo,  lactosa, emulgente: lecitina de soja, aroma (menta) . Puede contener trazas de almendras."],"conservation":" Evitar ambientes húmedos u olores fuertes. \nAlejar de focos de calor y exposición directa al sol. \nTemparatura ideal de conservación: 16 - 20 ºC.","ean":"8433329041218"},{"full_name":"EL CORTE INGLES chocolatinas surtidas estuche 200 g","name":"chocolatinas surtidas estuche 200 g","brand":"EL CORTE INGLES ","img":"https://sgfm.elcorteingles.es/SGFM/dctm/MEDIA02/CONTENIDOS/201406/20/00120602401034____1__600x600.jpg","price":"3,35 €","price_unit":"(16,75 € / Kilo)","categories":["Supermercado","Desayunos Dulces y pan","Desayunos, dulces y pan","Chocolates y bombones","Chocolatinas","EL CORTE INGLES chocolatinas surtidas estuche 200 g"],"general_information":["Denominación del alimento: Bombones de chocolate surtidos.","Nombre del operador: Elaborado para\nEl Corte Inglés\npor  Chocolates Valor, S.A.\nC/ Pianista Gonzalo Soriano, 13 - 03570. Villajoyosa\nAlicante\nEspaña","Cantidad Neta: 200 g","Número de raciones por envase: 34"],"ingredients":[" Ingredientes: \nAzúcar, pasta de cacao, manteca de cacao, leche en polvo, cacao desgrasado en polvo, pasta de almendra (3 %), pasta de avellana (2 %), lactosuero en polvo, mantequilla anhidra, emulgente: lecitina de soja, grasa vegetal (palma, girasol, colza, semilla de algodón),  l eche desnatada en polvo, lactosa, aromas y aroma de menta."],"conservation":" Evitar ambientes húmedos u olores fuertes. \nAlejar de focos de calor y exposición directa al sol. \nTemparatura ideal de conservación: 16 - 20 ºC.","ean":"8433329041201"},{"full_name":"NESTLE CAJA ROJA láminas de chocolate con leche y caramelo al punto de sal bolsa 135 g","name":"láminas de chocolate con leche y caramelo al punto de sal bolsa 135 g","brand":"NESTLE CAJA ROJA ","img":"https://sgfm.elcorteingles.es/SGFM/dctm/MEDIA03/201710/17/00120602700138____2__600x600.jpg","price":"2,44 €","price_unit":"(18,07 € / Kilo)","categories":["Supermercado","Desayunos Dulces y pan","Desayunos, dulces y pan","Chocolates y bombones","Chocolatinas","NESTLE CAJA ROJA láminas de chocolate con leche y caramelo al punto de sal bolsa 135 g"],"general_information":["Denominación del alimento: Chocolate con leche extrafino con trocitos de caramelo salado","Nombre del operador: Nestlé España, S.A.","Dirección del operador: NESTLÉ ESPAÑA, S.A.- , Edificio Nestlé, 08950 Esplugues de Llobregat (Barcelona)","Cantidad Neta: 135 g"],"ingredients":[" Azúcar, manteca de cacao, leche, trocitos de caramelo salados (12%) (azúcar, nata en polvo, leche desnatada en polvo, sal), cacao, suero de leche, emulgente (lecitina de girasol), aroma natural de vainilla. Cacao: 30% mínimo Puede contener frutos secos. ENVUELTA: Contiene leche. Puede contener frutos secos."],"conservation":" Conservar en lugar fresco y seco","ean":"7613036128469"},{"full_name":"NESTLE CAJA ROJA láminas de chocolate negro 70% cacao bolsa 125 g","name":"láminas de chocolate negro 70% cacao bolsa 125 g","brand":"NESTLE CAJA ROJA ","img":"https://sgfm.elcorteingles.es/SGFM/dctm/MEDIA03/201710/17/00120602700120____2__600x600.jpg","price":"2,44 €","price_unit":"(19,52 € / Kilo)","categories":["Supermercado","Desayunos Dulces y pan","Desayunos, dulces y pan","Chocolates y bombones","Chocolatinas","NESTLE CAJA ROJA láminas de chocolate negro 70% cacao bolsa 125 g"],"general_information":[],"ingredients":[],"ean":"7613036128483"},{"full_name":"NESTLE NESQUIK snack pack 4 envase 26 g","name":"snack pack 4 envase 26 g","brand":"NESTLE NESQUIK ","img":"https://sgfm.elcorteingles.es/SGFM/dctm/MEDIA02/CONTENIDOS/201407/21/00118823600319____1__600x600.jpg","price":"1,89 €","price_unit":"(18,17 € / Kilo)","categories":["Supermercado","Desayunos Dulces y pan","Desayunos, dulces y pan","Chocolates y bombones","Chocolatinas","NESTLE NESQUIK snack pack 4 envase 26 g"],"general_information":["Denominación del alimento: Bizcocho sabor chocolate con 50% de crema de leche","Nombre del operador: Lactalis Nestlé PLRI","Dirección del operador: Avda de la Fama 16-20, Cornella de Llobregat, 08940 Barcelona","Cantidad Neta: 104 g"],"ingredients":[],"conservation":" conservar en frio de 1-8°C","ean":"8005420550922"},{"full_name":"NESTLE MILKYBAR CHOCOMERIENDA chocolatinas de chocolate blanco 6 unidades estuche 150 g","name":"chocolatinas de chocolate blanco 6 unidades estuche 150 g","brand":"NESTLE MILKYBAR CHOCOMERIENDA ","img":"https://sgfm.elcorteingles.es/SGFM/dctm/MEDIA03/201612/02/00120642901282____1__600x600.jpg","price":"2,81 €","price_unit":"(18,73 € / Kilo)","categories":["Supermercado","Desayunos Dulces y pan","Desayunos, dulces y pan","Chocolates y bombones","Chocolatinas","NESTLE MILKYBAR CHOCOMERIENDA chocolatinas de chocolate blanco 6 unidades estuche 150 g"],"general_information":["Denominación del alimento: Chocolate blanco","Nombre del operador: Nestlé España, S.A.","Dirección del operador: Nestlé España S.A. Edificio Nestlé 08950 Esplugues de LLobregat (Barcelona)","Cantidad Neta: 150 g"],"ingredients":[" Azúcar, leche en polvo (26%), manteca de cacao, suero de leche en polvo, grasa vegetal (palma, shea, sal, hueso de mango, illipe), emulgente (lecitina de soja), aroma natural. Puede contener gluten. Contiene grasas vegetales además de manteca de cacao"],"conservation":" Conservar en lugar limpio, fresco y seco","ean":"7613035735682"},{"full_name":"KIT KAT barritas de chocolate pack 5 unidades paquete 207,5 g","name":"barritas de chocolate pack 5 unidades paquete 207,5 g","brand":"KIT KAT ","img":"https://sgfm.elcorteingles.es/SGFM/dctm/MEDIA03/201710/03/00120648603197____2__600x600.jpg","price":"2,25 €","price_unit":"(10,84 € / Kilo)","categories":["Supermercado","Desayunos Dulces y pan","Desayunos, dulces y pan","Chocolates y bombones","Chocolatinas","KIT KAT barritas de chocolate pack 5 unidades paquete 207,5 g"],"general_information":["Denominación del alimento: Galleta recubierta de chocolate con leche (67,2%)","País de origen: Alemania","Nombre del operador: Nestlé España, S.A.","Dirección del operador: NESTLÉ ESPAÑA, S.A. - Av. Països Catalans, 25-51 - 08950 - Esplugues de Llobregat (Barcelona)","Cantidad Neta: 207.5 g","Otras menciones obligatorias en la etiqueta: 1 Porción = 2 Fingers"],"ingredients":[" Azúcar, leche desnatada en polvo (15,6%), harina de trigo, manteca de cacao, grasa de palma, cacao (5,2%), grasa láctea, suero de leche en polvo, cacao desgrasado en polvo, emulgente (lecitina de girasol), aromas, sal, gasificante (bicarbonato sódico)."],"conservation":" Conservar en lugar fresco y seco","ean":"0000040345154"},{"full_name":"KIT KAT Mini barritas de chocolate bolsa 200 g","name":"Mini barritas de chocolate bolsa 200 g","brand":"KIT KAT ","img":"https://sgfm.elcorteingles.es/SGFM/dctm/MEDIA03/201710/03/00120648600607____2__600x600.jpg","price":"1,97 €","price_unit":"(9,85 € / Kilo)","categories":["Supermercado","Desayunos Dulces y pan","Desayunos, dulces y pan","Chocolates y bombones","Chocolatinas","KIT KAT Mini barritas de chocolate bolsa 200 g"],"general_information":["Denominación del alimento: Galleta recubierta de chocolate con leche (67,8%)","País de origen: Alemania","Nombre del operador: Nestlé España, S.A.","Dirección del operador: Nestlé Deutschland AG, 60523, Frankfurt am Main, Germany","Cantidad Neta: 200 g"],"ingredients":[" Ingredientes: azúcar, harina de trigo, manteca de cacao, leche desnatada en polvo, grasa de palma, cacao, grasa láctea, suero lácteo en polvo, cacao desgrasado, emulgente (lecitina de girasol), aromas, sal, gasificante (bicarbonato sódico)."],"conservation":" Conservar en lugar fresco y seco","ean":"5000189974579"},{"full_name":"KIT KAT Chunky barritas de chocolate pack 5 unidades estuche 200 g","name":"Chunky barritas de chocolate pack 5 unidades estuche 200 g","brand":"KIT KAT ","img":"https://sgfm.elcorteingles.es/SGFM/dctm/MEDIA03/201710/03/00120648603205____2__600x600.jpg","price":"3,02 €","price_unit":"(15,10 € / Kilo)","categories":["Supermercado","Desayunos Dulces y pan","Desayunos, dulces y pan","Chocolates y bombones","Chocolatinas","KIT KAT Chunky barritas de chocolate pack 5 unidades estuche 200 g"],"general_information":["Denominación del alimento: Galleta recubierta de chocolate con leche (68,5%)","País de origen: Alemania","Nombre del operador: Nestlé España, S.A.","Dirección del operador: Nestlé Deutschland AG, 60523, Frankfurt am Main, Germany","Cantidad Neta: 200 g"],"ingredients":[" Ingredientes: azúcar, manteca de cacao, harina de trigo, leche desnatada en polvo, cacao, grasa de palma, grasa láctea, suero de leche en polvo, emulgente (lecitina de girasol), aromas, sal, gasificante (bicarbonato sódico). Puede contener cacahuete y frutos secos"],"conservation":" Conservar en lugar fresco y seco","ean":"3800020420003"},{"full_name":"KIT KAT Family barritas de chocolate pack 8 unidades estuche 165,6 g","name":"Family barritas de chocolate pack 8 unidades estuche 165,6 g","brand":"KIT KAT ","img":"https://sgfm.elcorteingles.es/SGFM/dctm/MEDIA02/CONTENIDOS/201410/28/00120648602702____1__600x600.jpg","price":"1,95 €","price_unit":"(11,78 € / Kilo)","categories":["Supermercado","Desayunos Dulces y pan","Desayunos, dulces y pan","Chocolates y bombones","Chocolatinas","KIT KAT Family barritas de chocolate pack 8 unidades estuche 165,6 g"],"general_information":["Denominación del alimento: Galleta recubierta de chocolate con leche (66%)","País de origen: Reino Unido","Nombre del operador: NESTLÉ ESPAÑA, S.A.","Dirección del operador: Edificio Nestlé, 08950, Esplugues de Llobregat (Barcelona","Cantidad Neta: 166.4 g","Número de raciones por envase: 8"],"ingredients":[" Azúcar, harina de trigo (con calcio, hierro y vitaminas B3 y B1), cacao, leche en polvo, manteca de cacao, grasa vegetal (palma, shea, illipe, hueso de mango, kokum gurgi, sal), suero lácteo, emulgentes (lecitina de girasol, lecitina de soja), grasa láctea, aromas, levadura, leche desnatada en polvo, gasificante (carbonato sódico), sal."],"conservation":" Conservar en lugar fresco y seco","ean":"7613034898326"},{"full_name":"KIT KAT barritas de chocolate pack 3 unidades 124,5 g","name":"barritas de chocolate pack 3 unidades  124,5 g","brand":"KIT KAT ","img":"https://sgfm.elcorteingles.es/SGFM/dctm/MEDIA03/201710/03/00120648603189____2__600x600.jpg","price":"1,59 €","price_unit":"(12,77 € / Kilo)","categories":["Supermercado","Desayunos Dulces y pan","Desayunos, dulces y pan","Chocolates y bombones","Chocolatinas","KIT KAT barritas de chocolate pack 3 unidades 124,5 g"],"general_information":["Denominación del alimento: Galleta recubierta de chocolate con leche (67,2%)","País de origen: Alemania","Nombre del operador: Nestlé España, S.A.","Dirección del operador: NESTLÉ ESPAÑA, S.A. - Av. Països Catalans, 25-51 - 08950 - Esplugues de Llobregat (Barcelona)","Cantidad Neta: 124.5 g","Otras menciones obligatorias en la etiqueta: 1 Porción = 2 Fingers"],"ingredients":[" Azúcar, leche desnatada en polvo (15,6%), harina de trigo, manteca de cacao, grasa de palma, cacao (5,2%), grasa láctea, suero de leche en polvo, cacao desgrasado en polvo, emulgente (lecitina de girasol), aromas, sal, gasificante (bicarbonato sódico)."],"conservation":" Conservar en lugar fresco y seco","ean":"0000040052526"},{"full_name":"KIT KAT barritas de chocolate negro 70%  pack 3 unidades 124,5 g","name":"barritas de chocolate negro 70%  pack 3 unidades  124,5 g","brand":"KIT KAT ","img":"https://sgfm.elcorteingles.es/SGFM/dctm/MEDIA03/201605/06/00120648603270____1__600x600.jpg","price":"2,11 €","price_unit":"(16,95 € / Kilo)","categories":["Supermercado","Desayunos Dulces y pan","Desayunos, dulces y pan","Chocolates y bombones","Chocolatinas","KIT KAT barritas de chocolate negro 70%  pack 3 unidades 124,5 g"],"general_information":[],"ingredients":[],"ean":"7613035510579"},{"full_name":"KIT KAT White barritas de chocolate blanco 3 unidades 124,5 g","name":"White barritas de chocolate blanco 3 unidades  124,5 g","brand":"KIT KAT ","img":"https://sgfm.elcorteingles.es/SGFM/dctm/MEDIA03/201606/13/00120648603312____1__600x600.jpg","price":"2,17 €","price_unit":"(17,43 € / Kilo)","categories":["Supermercado","Desayunos Dulces y pan","Desayunos, dulces y pan","Chocolates y bombones","Chocolatinas","KIT KAT White barritas de chocolate blanco 3 unidades 124,5 g"],"general_information":[],"ingredients":[],"ean":"7613035512474"},{"full_name":"KIT KAT Rudolph chocolatinas surtidas en caja de reno 196,5 g","name":"Rudolph chocolatinas surtidas en caja de reno  196,5 g","brand":"KIT KAT ","img":"https://sgfm.elcorteingles.es/SGFM/dctm/MEDIA03/201709/14/00120648603643____1__600x600.jpg","price":"4,99 €","price_unit":"(25,39 € / Kilo)","categories":["Supermercado","Desayunos Dulces y pan","Desayunos, dulces y pan","Chocolates y bombones","Chocolatinas","KIT KAT Rudolph chocolatinas surtidas en caja de reno 196,5 g"],"general_information":["Denominación del alimento: KIT KAT Galleta recubierta de chocolate con leche (67,2%). # KIT KAT Galleta recubierta de chocolate blanco (66%). Contiene grasas vegetales además de manteca de cacao. # KIT KAT Galleta recubierta de chocolate negro (66%). # KIT KAT CHUNKY Galleta recubierta de chocolate con leche (68,5%). # KIT KAT Mini Galleta recubierta de chocolate con leche (67,8%).","País de origen: España","Nombre del operador: Nestlé España, S.A.","Dirección del operador: Nestlé España S.A. Edificio Nestlé 08950 Esplugues de Llobregat (Barcelona)","Cantidad Neta: 196.5 g"],"ingredients":[" Ingredientes KIT KAT Galleta recubierta de chocolate con leche (67,2%): Azúcar, leche desnatada en polvo (15,6%), harina de trigo, manteca de cacao, grasa de palma, cacao (5,2%), grasa láctea, suero de leche en polvo, cacao desgrasado en polvo, emulgente (lecitina de girasol), aromas, sal, gasificante (bicarbonato sódico).  Ingredientes KIT KAT Galleta recubierta de chocolate blanco (66%): Contiene grasas vegetales además de manteca de cacao. Azúcar, leche desnatada en polvo, manteca de cacao, harina de trigo, grasas vegetales (palmiste, palma, shea, sal, illipe, kokum gurgi, hueso de mango), grasa láctea, lactosa y proteínas lácteas, suero de leche en polvo, cacao, emulgentes (lecitinas de soja y girasol), aromas, leche en polvo, levadura, gasificante (bicarbonato sódico), sal.  Ingredientes KIT KAT Galleta recubierta de chocolate negro (66%): Cacao, azúcar, harina de trigo (con calcio, hierro y vitaminas B3 y B1), grasa vegetal (palmiste, palma, sea, illipe, hueso de mango, kokum gurgi, sal), grasa láctea, manteca de cacao, emulgentes (lecitinas de soja y girasol), leche en polvo, lactosa y proteínas de leche, suero de leche, levadura, leche desnatada en polvo, gasificante (bicarbonato sódico), sal, aromas naturales. Cacao: 70% mínimo en el chocolate negro.  Ingredientes KIT KAT CHUNKY Galleta recubierta de chocolate con leche (68,5%): Azúcar, leche desnatada en polvo (15,5%), manteca de cacao, cacao (6,9%), harina de trigo, grasa de palma, grasa láctea, suero de leche en polvo, emulgente (lecitina de girasol), aromas, sal, gasificante (bicarbonato sódico). Puede contener cacahuete y frutos secos.  Ingredientes KIT KAT Mini Galleta recubierta de chocolate con leche (67,8%): Azúcar, leche desnatada en polvo (15,7%), harina de trigo, manteca de cacao, grasa de palma, cacao (5,3%), grasa láctea, suero de leche en polvo, cacao desgrasado en polvo, emulgente (lecitinas), aromas, sal, gasificante (bicarbonato sódico)."],"conservation":" Conservar en un lugar fresco y seco","ean":"7613036174602"},{"full_name":"KIT KAT Village chocolatinas en caja diseño Navidad 100 g","name":"Village chocolatinas en caja diseño Navidad  100 g","brand":"KIT KAT ","img":"https://sgfm.elcorteingles.es/SGFM/dctm/MEDIA03/201711/08/00120648603866____1__600x600.jpg","price":"2,50 €","price_unit":"(25 € / Kilo)","categories":["Supermercado","Desayunos Dulces y pan","Desayunos, dulces y pan","Chocolates y bombones","Chocolatinas","KIT KAT Village chocolatinas en caja diseño Navidad 100 g"],"general_information":["Denominación del alimento: Galleta recubierta de chocolate con leche (67,8%). # Figura hueca de chocolate con leche con cereales crujientes (5%). Cacao: 32% mínimo en el chocolate con leche.","País de origen: Hungr¡a","Nombre del operador: Nestlé España, S.A.","Dirección del operador: Nestlé España S.A. Edificio Nestlé 08950 Esplugues de Llobregat (Barcelona)","Cantidad Neta: 100 g"],"ingredients":[" Ingredientes KIT KAT Mini: Azúcar, leche desnatada en polvo (15,7%), harina de trigo, manteca de cacao, grasa de palma, cacao (5,3%), grasa láctea, suero de leche en polvo, cacao desgrasado en polvo, emulgente (lecitina de girasol), aromas, sal, gasificante (bicarbonato sódico).  Ingredientes KIT KAT Santa: Azúcar, manteca de cacao, leche en polvo, cacao, cereales crujientes (harina de trigo azúcar, malta de trigo, gasificante bicarbonato sódico, emulgente lecitina de girasol, sal aroma), lactosa, suero de leche en polvo, pasta de avellana, grasa láctea, emulgente (lecitina de girasol), aroma. Puede contener cacahuete y soja."],"conservation":" Conservar en un lugar fresco y seco","ean":"7613036114363"},{"full_name":"KIT KAT chocolatina con forma de Santa Claus unidad 85 g","name":"chocolatina con forma de Santa Claus unidad 85 g","brand":"KIT KAT ","img":"https://sgfm.elcorteingles.es/SGFM/dctm/MEDIA03/201709/14/00120648603650____1__600x600.jpg","price":"2,50 €","price_unit":"(29,41 € / Kilo)","categories":["Supermercado","Desayunos Dulces y pan","Desayunos, dulces y pan","Chocolates y bombones","Chocolatinas","KIT KAT chocolatina con forma de Santa Claus unidad 85 g"],"general_information":["Denominación del alimento: Figura hueca de chocolate con leche con cereales crujientes (5%). Cacao: 32% mínimo en el chocolate con leche.","País de origen: Hungr¡a","Nombre del operador: Nestlé España, S.A.","Dirección del operador: Nestlé España S.A. Edificio Nestlé 08950 Esplugues de Llobregat (Barcelona)","Cantidad Neta: 85 g"],"ingredients":[" Azúcar, manteca de cacao, leche en polvo, cacao, cereales crujientes (harina de trigo, azúcar, malta de trigo, gasificante bicarbonato sódico, emulgente lecitina de girasol, sal, aroma), lactosa, suero de leche en polvo, pasta de avellana, grasa láctea, emulgentes (leticinas), aroma. Puede contener cacachuete y soja."],"conservation":" Conservar en un lugar fresco y seco","ean":"0000040052953"},{"full_name":"KIT KAT barrita de chocolate unidad 41,5 g","name":"barrita de chocolate unidad 41,5 g","brand":"KIT KAT ","img":"https://sgfm.elcorteingles.es/SGFM/dctm/MEDIA03/201710/03/00120648603171____6__600x600.jpg","price":"1,10 €","price_unit":"(26,51 € / Kilo)","categories":["Supermercado","Desayunos Dulces y pan","Desayunos, dulces y pan","Chocolates y bombones","Chocolatinas","KIT KAT barrita de chocolate unidad 41,5 g"],"general_information":["Denominación del alimento: Galleta recubierta de chocolate con leche (67,2%)","País de origen: Alemania","Nombre del operador: Nestlé España, S.A.","Dirección del operador: NESTLÉ ESPAÑA, S.A. - Av. Països Catalans, 25-51 - 08950 - Esplugues de Llobregat (Barcelona)","Cantidad Neta: 41.5 g","Otras menciones obligatorias en la etiqueta: 1 Porción = 2 Fingers"],"ingredients":[" Azúcar, leche desnatada en polvo (15,6%), harina de trigo, manteca de cacao, grasa de palma, cacao (5,2%), grasa láctea, suero de leche en polvo, cacao desgrasado en polvo, emulgente (lecitina de girasol), aromas, sal, gasificante (bicarbonato sódico)."],"conservation":" Conservar en lugar fresco y seco","ean":"0000040052403"},{"full_name":"KIT KAT barrita de chocolate blanco unidad 41,5 g","name":"barrita de chocolate blanco unidad 41,5 g","brand":"KIT KAT ","img":"https://sgfm.elcorteingles.es/SGFM/dctm/MEDIA03/201704/04/00120648603296____1__600x600.jpg","price":"1,21 €","price_unit":"(29,16 € / Kilo)","categories":["Supermercado","Desayunos Dulces y pan","Desayunos, dulces y pan","Chocolates y bombones","Chocolatinas","KIT KAT barrita de chocolate blanco unidad 41,5 g"],"general_information":[],"ingredients":[],"ean":"7613035510999"},{"full_name":"TOBLERONE leche pack 3x100g estuche tableta 300 g","name":"leche pack 3x100g estuche tableta 300 g","brand":"TOBLERONE ","img":"https://sgfm.elcorteingles.es/SGFM/dctm/MEDIA02/CONTENIDOS/201506/01/00120648602934____1__600x600.jpg","price":"5,15 €","price_unit":"(17,17 € / Kilo)","categories":["Supermercado","Desayunos Dulces y pan","Desayunos, dulces y pan","Chocolates y bombones","Chocolatinas","TOBLERONE leche pack 3x100g estuche tableta 300 g"],"general_information":["Denominación del alimento: Chocolate con leche suizo con ?nougat? (10%) de miel y almendras.","Nombre del operador: Mondelez España Commercial, S.L.","Dirección del operador: C/Eucalipto, 25  - 28016 Madrid,  España","Cantidad Neta: 100 g"],"ingredients":[" Ingredientes: Azúcar, LECHE en polvo, manteca de cacao, pasta de cacao, miel (3,0%), grasa de LECHE, ALMENDRAS (1,6%), emulgente (lecitina de SOJA), clara de HUEVO, aroma. Cacao: 28% mínimo."],"ean":"7614500011218"},{"full_name":"TOBLERONE leche pack 3x50G estuche 150 g","name":"leche pack 3x50G estuche 150 g","brand":"TOBLERONE ","img":"https://sgfm.elcorteingles.es/SGFM/01/41/5/0120648601415/0120648601415000g01011.jpg","price":"2,12 €","price_unit":"(14,13 € / Kilo)","categories":["Supermercado","Desayunos Dulces y pan","Desayunos, dulces y pan","Chocolates y bombones","Chocolatinas","TOBLERONE leche pack 3x50G estuche 150 g"],"general_information":["Denominación del alimento: Chocolate con leche suizo con ?nougat? (10%) de miel y almendras.","Nombre del operador: Mondelez España Commercial, S.L.","Dirección del operador: C/Eucalipto, 25  - 28016 Madrid,  España","Cantidad Neta: 150 g"],"ingredients":[" Ingredientes: Azúcar, LECHE en polvo, manteca de cacao, pasta de cacao, miel (3,0%), grasa de LECHE, ALMENDRAS (1,6%), emulgente (lecitina de SOJA), clara de HUEVO, aroma. Cacao: 28% mínimo."],"ean":"0000076145568"},{"full_name":"TOBLERONE chocolatina con leche unidad 100 g","name":"chocolatina con leche unidad 100 g","brand":"TOBLERONE ","img":"https://sgfm.elcorteingles.es/SGFM/00/78/9/0120648600789/0120648600789000g01011.jpg","price":"2,48 €","price_unit":"(24,80 € / Kilo)","categories":["Supermercado","Desayunos Dulces y pan","Desayunos, dulces y pan","Chocolates y bombones","Chocolatinas","TOBLERONE chocolatina con leche unidad 100 g"],"general_information":["Denominación del alimento: Chocolate con leche suizo con ?nougat? (10%) de miel y almendras.","País de origen: Suiza","Nombre del operador: Mondelez España Commercial, S.L.","Dirección del operador: C/Eucalipto, 25  - 28016 Madrid,  España","Cantidad Neta: 100 g"],"ingredients":[" Ingredientes: Azúcar, LECHE en polvo, manteca de cacao, pasta de cacao, miel (3,0%), grasa de LECHE, ALMENDRAS (1,6%), emulgente (lecitina de SOJA), clara de HUEVO, aroma. Cacao: 28% mínimo."],"ean":"7614500010013"},{"full_name":"LINDT HELLO chocolatina con relleno de crema de caramelo y brownie unidad 39 g","name":"chocolatina con relleno de crema de caramelo y brownie unidad 39 g","brand":"LINDT HELLO ","img":"https://sgfm.elcorteingles.es/SGFM/01/68/8/0120648601688/0120648601688000g01011.jpg","price":"1,05 €","price_unit":"(23,33 € / Kilo)","categories":["Supermercado","Desayunos Dulces y pan","Desayunos, dulces y pan","Chocolates y bombones","Chocolatinas","LINDT HELLO chocolatina con relleno de crema de caramelo y brownie unidad 39 g"],"general_information":["Denominación del alimento: Chocolate","País de origen: Alemania","Nombre del operador: Lindt & Sprüngli","Dirección del operador: C/ Marina 16-18 Torre Mapfre, P39. 08005 (Barcelona)","Cantidad Neta: 39 g"],"ingredients":[" Azúcar, manteca de cacao, pasta de cacao, leche en polvo, jarabe de glucosa, avellanas, grasa láctea anhidra, grasa vegetal (palma, palmiste), nata en polvo, leche condensada, harina de trigo, dextrosa, lactosa, emulgentes (lecitina de soja y de girasol), cacao en polvo, leche desnatada en polvo, sal, aroma natural, extracto de malta de cebada, aroma (vainillina), gasificantes (carbonato ácido de amonio, carbonato ácido de sodio y carbonato ácido de potasio), vainilla. Puede contener almendras."],"conservation":" Conservar en lugar fresco y seco","ean":"4000539221507"},{"full_name":"LINDT HELLO chocolatina con relleno de crema de tarta de queso y fresa unidad 39 g","name":"chocolatina con relleno de crema de tarta de queso y fresa unidad 39 g","brand":"LINDT HELLO ","img":"https://sgfm.elcorteingles.es/SGFM/01/65/4/0120648601654/0120648601654000g01011.jpg","price":"1,05 €","price_unit":"(23,33 € / Kilo)","categories":["Supermercado","Desayunos Dulces y pan","Desayunos, dulces y pan","Chocolates y bombones","Chocolatinas","LINDT HELLO chocolatina con relleno de crema de tarta de queso y fresa unidad 39 g"],"general_information":["Denominación del alimento: Chocolate","País de origen: Alemania","Nombre del operador: Lindt & Sprüngli","Dirección del operador: C/ Marina 16-18 Torre Mapfre, P39. 08005 (Barcelona)","Cantidad Neta: 39 g"],"ingredients":[" Azúcar, manteca de cacao, leche en polvo, pasta de cacao, grasa vegetal (palma, coco), producto lácteo fermentado desnatado en polvo, grasa láctea anhidra, lactosa, nata en polvo, harina de trigo, fresas (1%), crema de queso en polvo (1%), emulgentes (lecitina de soja y de girasol), leche desnatada en polvo, jarabe de glucosa y fructosa, zumo de limón concentrado, aroma natural, proteína láctea, sal, aromas, extracto de malta de cebada, gasificantes (carbonato ácido de sodio, carbonato ácido de amonio), jarabe de caramelo. Puede contener avellanas, almendras."],"conservation":" Conservar en lugar fresco y seco","ean":"4000539221408"},{"full_name":"LINDT HELLO chocolatina con relleno de crema de turrón crujiente unidad 39 g","name":"chocolatina con relleno de crema de turrón crujiente unidad 39 g","brand":"LINDT HELLO ","img":"https://sgfm.elcorteingles.es/SGFM/01/66/2/0120648601662/0120648601662000g01011.jpg","price":"1,05 €","price_unit":"(23,33 € / Kilo)","categories":["Supermercado","Desayunos Dulces y pan","Desayunos, dulces y pan","Chocolates y bombones","Chocolatinas","LINDT HELLO chocolatina con relleno de crema de turrón crujiente unidad 39 g"],"general_information":["Denominación del alimento: Chocolate","País de origen: Alemania","Nombre del operador: Lindt & Sprüngli","Dirección del operador: C/ Marina 16-18 Torre Mapfre, P39. 08005 (Barcelona)","Cantidad Neta: 39 g"],"ingredients":[" Azúcar, manteca de cacao, leche en polvo, avellanas (12%), pasta de cacao, leche desnatada en polvo, grasa láctea anhidra, harina de trigo, emulgente (lecitina de soja), lactosa, sal, aroma (vainillina), grasas vegetales (palma, coco), extracto de malta de cebada, jarabe de azúcar caramelizado, gasificante (carbonato ácido de sodio). Puede contener otros frutos de cáscara."],"conservation":" Conservar en lugar fresco y seco","ean":"4000539221705"},{"full_name":"LINDT HELLO chocolatina con relleno de galletas y crema unidad 39 g","name":"chocolatina con relleno de galletas y crema unidad 39 g","brand":"LINDT HELLO ","img":"https://sgfm.elcorteingles.es/SGFM/01/67/0/0120648601670/0120648601670000g01011.jpg","price":"1,05 €","price_unit":"(23,33 € / Kilo)","categories":["Supermercado","Desayunos Dulces y pan","Desayunos, dulces y pan","Chocolates y bombones","Chocolatinas","LINDT HELLO chocolatina con relleno de galletas y crema unidad 39 g"],"general_information":["Denominación del alimento: Chocolate","País de origen: Alemania","Nombre del operador: Lindt & Sprüngli","Dirección del operador: C/ Marina 16-18 Torre Mapfre, P39. 08005 (Barcelona)","Cantidad Neta: 39 g"],"ingredients":[" Azúcar, leche en polvo, manteca de cacao, pasta de cacao, grasa vegetal (coco, palmiste), nata en polvo (3.5%), harina de trigo, grasa láctea anhidra, cacao en polvo, emulgente (lecitina de soja), lactosa, leche desnatada en polvo, sal, aroma (vainillina), extracto de malta de cebada, gasificantes (carbonato ácido de amonio, carbonato ácido de sodio y carbonato ácido de potasio). Puede contener avellanas, almendras, frutos de cáscara."],"conservation":" Conservar en lugar fresco y seco","ean":"4000539221606"},{"full_name":"LINDT NOCCIOLATTE chocolatina con leche y avellanas unidad 38 g","name":"chocolatina con leche y avellanas unidad 38 g","brand":"LINDT NOCCIOLATTE ","img":"https://sgfm.elcorteingles.es/SGFM/dctm/MEDIA03/201704/10/00120648603239____6__600x600.jpg","price":"1,00 €","price_unit":"(26,32 € / Kilo)","categories":["Supermercado","Desayunos Dulces y pan","Desayunos, dulces y pan","Chocolates y bombones","Chocolatinas","LINDT NOCCIOLATTE chocolatina con leche y avellanas unidad 38 g"],"general_information":["Denominación del alimento: Chocolate","País de origen: Alemania","Nombre del operador: Lindt & Sprüngli","Dirección del operador: C/ Marina 16-18 Torre Mapfre, P39. 08005 (Barcelona)","Cantidad Neta: 38 g"],"ingredients":[" Azúcar, grasas vegetales (coco, palmiste), manteca de cacao, leche en polvo, pasta de cacao, lactosa, leche desnatada en polvo, grasa láctea anhidra, extracto de malta de cebada, emulgente (lecitina de soja), aromas.Puede contener avellanas, almendras y otros frutos de cáscara."],"conservation":" Conservar en lugar fresco y seco","ean":"4000539363108"},{"full_name":"LINDT Wafer chocolatina con barquillo unidad 30 g","name":"Wafer chocolatina con barquillo unidad 30 g","brand":"LINDT ","img":"https://sgfm.elcorteingles.es/SGFM/dctm/MEDIA03/201704/10/00120648603262____1__600x600.jpg","price":"1,15 €","price_unit":"(38,33 € / Kilo)","categories":["Supermercado","Desayunos Dulces y pan","Desayunos, dulces y pan","Chocolates y bombones","Chocolatinas","LINDT Wafer chocolatina con barquillo unidad 30 g"],"general_information":["Denominación del alimento: Chocolate","País de origen: Austria","Nombre del operador: Lindt & Sprüngli","Dirección del operador: C/ Marina 16-18 Torre Mapfre, P39. 08005 (Barcelona)","Cantidad Neta: 30 g"],"ingredients":[" Azúcar, manteca de cacao, leche en polvo, avellanas (7%), pasta de cacao, leche desnatada en polvo, harina de trigo, aceite de palma, lactosa, fructosa, fécula de maíz, extracto de malta de cebada , emulgente (lecitina de soja), humectante (sorbitol), yema de huevo en polvo,  aroma, sal, grasa láctea anhidra. Puede contener almendras. Fracción de chocolate con leche contiene cacao: 31% mínimo"],"conservation":" Conservar en lugar fresco y seco","ean":"9003600570462"},{"full_name":"LINDT NOCCIONOIR chocolatina de chocolate negro y avellanas unidad 40 g","name":"chocolatina de chocolate negro y avellanas unidad 40 g","brand":"LINDT NOCCIONOIR ","img":"https://sgfm.elcorteingles.es/SGFM/dctm/MEDIA03/201704/10/00120648603254____1__600x600.jpg","price":"1,26 €","price_unit":"(31,50 € / Kilo)","categories":["Supermercado","Desayunos Dulces y pan","Desayunos, dulces y pan","Chocolates y bombones","Chocolatinas","LINDT NOCCIONOIR chocolatina de chocolate negro y avellanas unidad 40 g"],"general_information":["Denominación del alimento: Chocolate","País de origen: Italia","Nombre del operador: Lindt & Sprüngli","Dirección del operador: C/ Marina 16-18 Torre Mapfre, P39. 08005 (Barcelona)","Cantidad Neta: 40 g"],"ingredients":[" Azúcar, pasta de cacao, avellanas (13%), manteca de cacao, grasa láctea anhidra, lactosa, leche desnatada en polvo, cacao desgrasado, emulgente (lecitina de soja), aromas. Puede contener almendras. Fracción de chocolate negro contiene cacao: 45% mínimo"],"conservation":" Conservar en lugar fresco y seco","ean":"8003340077116"},{"full_name":"LINDT LINDOR chocolatina de chocolate extra negro unidad 38 g","name":"chocolatina de chocolate extra negro unidad 38 g","brand":"LINDT LINDOR ","img":"https://sgfm.elcorteingles.es/SGFM/dctm/MEDIA03/201710/02/00120602601666____1__600x600.jpg","price":"1,04 €","price_unit":"(27,37 € / Kilo)","categories":["Supermercado","Desayunos Dulces y pan","Desayunos, dulces y pan","Chocolates y bombones","Chocolatinas","LINDT LINDOR chocolatina de chocolate extra negro unidad 38 g"],"general_information":["Denominación del alimento: Chocolate","País de origen: Alemania","Nombre del operador: Lindt & Sprüngli","Dirección del operador: C/ Marina 16-18 Torre Mapfre, P39. 08005 (Barcelona)","Cantidad Neta: 38 g"],"ingredients":[" Chocolate negro con relleno (43%).Ingredientes: pasta de cacao, azúcar, grasas vegetales (coco, palmiste), manteca de cacao, leche en polvo, grasa láctea anhidra, lactosa,emulgente (lecitina de soja), leche desnatada en polvo, vainilla,extracto de malta de cebada, aromas.Puede contener avellanas, almendras.Fracción de chocolate negro contiene Cacao: 60 % mín."],"conservation":" Conservar en lugar fresco y seco","ean":"4000539101809"},{"full_name":"VALOR Huesitos Original pack 15 unidades envase 360 g","name":"Huesitos Original pack 15 unidades envase 360 g","brand":"VALOR ","img":"https://sgfm.elcorteingles.es/SGFM/dctm/MEDIA02/CONTENIDOS/201504/20/00200248601122____1__600x600.jpg","price":"2,95 €","price_unit":"(8,19 € / Kilo)","categories":["Supermercado","Desayunos Dulces y pan","Desayunos, dulces y pan","Chocolates y bombones","Chocolatinas","VALOR Huesitos Original pack 15 unidades envase 360 g"],"general_information":["Denominación del alimento: Crujiente barrita de barquillo cubierto de chocolate con leche y con relleno (37%) con cacao","Nombre del operador: Chocolates Valor,S.A.","Dirección del operador: Av. Pianista Gonzalo Soriano, 13 - 03570 - Villajoyosa (Alicante)","Cantidad Neta: 360 g","Otras menciones obligatorias en la etiqueta: Cacao: 30 % mínimo en el chocolate con leche."],"ingredients":[" Chocolate con leche (45%) [Azúcar, manteca de cacao, leche desnatada en polvo, pasta de cacao, lactosuero en polvo (leche), grasa de leche, pasta de avellana, emulgentes: lecitina de soja y E-476, aroma], azúcar, harina de trigo, grasa vegetal de plama, lactosuero en polvo (leche), cacao desgrasado (2,5%), pasta de avellana, leche desnatada en polvo, emulgente: lecitina de soja, gasificante: bicarbonato de sodio, aromas. Puede contener trazas de otros frutos secos."],"conservation":" Conservar en lugar fresco y seco, alejado de olores.","ean":"8410034078630"},{"full_name":"VALOR Huesitos leche 12 unidades envase 240 g","name":"Huesitos leche 12 unidades envase 240 g","brand":"VALOR ","img":"https://sgfm.elcorteingles.es/SGFM/dctm/MEDIA03/201609/22/00120648602900____2__600x600.jpg","price":"2,36 €","price_unit":"(9,83 € / Kilo)","categories":["Supermercado","Desayunos Dulces y pan","Desayunos, dulces y pan","Chocolates y bombones","Chocolatinas","VALOR Huesitos leche 12 unidades envase 240 g"],"general_information":["Denominación del alimento: Crujiente barrita de barquillo cubierto de chocolate con leche y con relleno (48%) sabor nata","Nombre del operador: Chocolates Valor,S.A.","Dirección del operador: Av. Pianista Gonzalo Soriano, 13 - 03570 - Villajoyosa (Alicante)","Cantidad Neta: 240 g","Otras menciones obligatorias en la etiqueta: Cacao: 30 % mínimo en el chocolate con leche."],"ingredients":[" Chocolate con leche (38%) [Azúcar, manteca de cacao, leche desnatada en polvo (14%), pasta de cacao, lactosuero en polvo (leche), grasa de leche, pasta de avellana, emulgentes: lecitina de soja y E-476, aroma], azúcar, leche desnatada en polvo (13%), grasa vegetal de palma, harina de trigo, emulgente: lecitina de soja, gasificante: bicarbonato de sodio, aromas. Puede contener trazas de otros frutos secos."],"conservation":" Conservar en lugar fresco y seco, alejado de olores.","ean":"8410034074274"},{"full_name":"VALOR Huesitos original 12 unidades envase 240 g","name":"Huesitos original 12 unidades envase 240 g","brand":"VALOR ","img":"https://sgfm.elcorteingles.es/SGFM//00/99/5/0120648600995/0120648600995000g01011.jpg","price":"2,37 €","price_unit":"(9,88 € / Kilo)","categories":["Supermercado","Desayunos Dulces y pan","Desayunos, dulces y pan","Chocolates y bombones","Chocolatinas","VALOR Huesitos original 12 unidades envase 240 g"],"general_information":["Denominación del alimento: Crujiente barrita de barquillo cubierto de chocolate con leche y con relleno (37%) con cacao","Nombre del operador: Chocolates Valor,S.A.","Dirección del operador: Av. Pianista Gonzalo Soriano, 13 - 03570 - Villajoyosa (Alicante)","Cantidad Neta: 240 g","Otras menciones obligatorias en la etiqueta: Cacao: 30 % mínimo en el chocolate con leche."],"ingredients":[" Chocolate con leche (45%) [Azúcar, manteca de cacao, leche desnatada en polvo, pasta de cacao, lactosuero en polvo (leche), grasa de leche, pasta de avellana, emulgentes: lecitina de soja y E-476, aroma], azúcar, harina de trigo, grasa vegetal de plama, lactosuero en polvo (leche), cacao desgrasado (2,5%), pasta de avellana, leche desnatada en polvo, emulgente: lecitina de soja, gasificante: bicarbonato de sodio, aromas. Puede contener trazas de otros frutos secos."],"conservation":" Conservar en lugar fresco y seco, alejado de olores.","ean":"8410034075509"},{"full_name":"VALOR Huesitos con chocolate blanco 12 uds envase 240 g","name":"Huesitos con chocolate blanco 12 uds envase 240 g","brand":"VALOR ","img":"https://sgfm.elcorteingles.es/SGFM/dctm/MEDIA02/CONTENIDOS/201503/11/00120648602892000_1__600x600.jpg","price":"2,36 €","price_unit":"(9,83 € / Kilo)","categories":["Supermercado","Desayunos Dulces y pan","Desayunos, dulces y pan","Chocolates y bombones","Chocolatinas","VALOR Huesitos con chocolate blanco 12 uds envase 240 g"],"general_information":["Denominación del alimento: Crujiente barrita de barquillo cubierto de cobertura blanca (38%) y con relleno (48%) sabor nata.","Nombre del operador: Chocolates Valor,S.A.","Dirección del operador: Av. Pianista Gonzalo Soriano, 13 - 03570 - Villajoyosa (Alicante)","Cantidad Neta: 240 g"],"ingredients":[" Cobertura blanca 38% (Azúcar, grasa vegetal  (palma y palmiste), leche en polvo (5%), emulgente: lecitina de soja, colorante: beta caroteno (E-160a) y aroma), azúcar, leche desnatada en polvo (13%), grasa vegetal de palma, harina de trigo (gluten), emulgente: lecitina de soja, gasificante: bicarbonato de sodio y aromas. Puede contener trazas de frutos secos."],"conservation":" Conservar en lugar fresco y seco, alejado de olores.","ean":"8410109101997"},{"full_name":"VALOR huesitos con chocolate blanco 6+1 140 g","name":"huesitos con chocolate blanco 6+1  140 g","brand":"VALOR ","img":"https://sgfm.elcorteingles.es/SGFM/dctm/MEDIA02/CONTENIDOS/201508/21/00120648602983____1__600x600.jpg","price":"1,53 €","price_unit":"(10,93 € / Kilo)","categories":["Supermercado","Desayunos Dulces y pan","Desayunos, dulces y pan","Chocolates y bombones","Chocolatinas","VALOR huesitos con chocolate blanco 6+1 140 g"],"general_information":["Denominación del alimento: Crujiente barrita de barquillo cubierto de cobertura blanca (38%) y con relleno (48%) sabor nata.","Nombre del operador: Chocolates Valor,S.A.","Dirección del operador: Av. Pianista Gonzalo Soriano, 13 - 03570 - Villajoyosa (Alicante)","Cantidad Neta: 140 g"],"ingredients":[" Cobertura blanca 38% (Azúcar, grasa vegetal  (palma y palmiste), leche en polvo (5%), emulgente: lecitina de soja, colorante: beta caroteno (E-160a) y aroma), azúcar, leche desnatada en polvo (13%), grasa vegetal de palma, harina de trigo (gluten), emulgente: lecitina de soja, gasificante: bicarbonato de sodio y aromas. Puede contener trazas de frutos secos."],"conservation":" Conservar en lugar fresco y seco, alejado de olores.","ean":"8410109102826"},{"full_name":"VALOR Huesitos mini 12 unidades bolsa 162 g","name":"Huesitos mini 12 unidades bolsa 162 g","brand":"VALOR ","img":"https://sgfm.elcorteingles.es/SGFM/dctm/MEDIA02/CONTENIDOS/201508/21/00120648602991____1__600x600.jpg","price":"2,11 €","price_unit":"(13,02 € / Kilo)","categories":["Supermercado","Desayunos Dulces y pan","Desayunos, dulces y pan","Chocolates y bombones","Chocolatinas","VALOR Huesitos mini 12 unidades bolsa 162 g"],"general_information":["Denominación del alimento: Crujiente barrita de barquillo cubierto de chocolate con leche y con relleno (37%).","Nombre del operador: Chocolates Valor,S.A.","Dirección del operador: Av. Pianista Gonzalo Soriano, 13 - 03570 - Villajoyosa (Alicante)","Cantidad Neta: 162 g","Otras menciones obligatorias en la etiqueta: Cacao: 30 % mínimo en el chocolate con leche."],"ingredients":[" Chocolate con leche (45%) [Azúcar, manteca de cacao, leche desnatada en polvo, pasta de cacao, lactosuero en polvo (leche), grasa de leche, pasta de avellanas, emulgentes: lecitina de soja y E-476, aroma], azúcar, harina de trigo, grasa vegetal de palma, lactosuero en polvo (leche), cacao desgrasado, pasta de avellanas, leche desnatada en polvo, emulgente: lecitina de soja, gasificante: bicarbonato de sodio, aromas. Puede contener trazas de otros frutos secos."],"conservation":" Conservar en lugar fresco y seco, alejado de olores.","ean":"8410109103595"},{"full_name":"VALOR Huesitos con chocolate negro 4 unidades envase 80 g","name":"Huesitos con chocolate negro 4 unidades envase 80 g","brand":"VALOR ","img":"https://sgfm.elcorteingles.es/SGFM/dctm/MEDIA03/201703/16/00120648603577____1__600x600.jpg","price":"1,32 €","price_unit":"(16,50 € / Kilo)","categories":["Supermercado","Desayunos Dulces y pan","Desayunos, dulces y pan","Chocolates y bombones","Chocolatinas","VALOR Huesitos con chocolate negro 4 unidades envase 80 g"],"general_information":["Denominación del alimento: Crujiente barrita de barquillo cubierto de chocolate y con relleno (37%) con cacao.","Nombre del operador: Chocolates Valor,S.A.","Dirección del operador: Av. Pianista Gonzalo Soriano, 13 - 03570 - Villajoyosa (Alicante)","Cantidad Neta: 80 g","Otras menciones obligatorias en la etiqueta: Cacao: 52 % mínimo en el chocolate."],"ingredients":[" Chocolate (45%) [Azúcar, pasta de cacao, cacao desgrasado en polvo, manteca de cacao, mantequilla concentrada (leche) emulgentes: lecitina de soja y E-476, aroma], azúcar, harina de trigo, grasa vegetal de palma, lactosuero en polvo (leche), cacao desgrasado (2,5%), pasta de avellanas, leche desnatada en polvo, emulgente: lecitina de soja, gasificante: bicarbonato de sodio, aromas. Puede contener trazas de otros frutos con cáscara."],"conservation":" Conservar en lugar fresco y seco, alejado de olores.","ean":"8410109109658"},{"full_name":"VALOR Huesitos original pack 2 unidad 40 g","name":"Huesitos original pack 2 unidad 40 g","brand":"VALOR ","img":"https://sgfm.elcorteingles.es/SGFM/dctm/MEDIA03/201703/28/00120648600540____1__600x600.jpg","price":"1,10 €","price_unit":"(27,50 € / Kilo)","categories":["Supermercado","Desayunos Dulces y pan","Desayunos, dulces y pan","Chocolates y bombones","Chocolatinas","VALOR Huesitos original pack 2 unidad 40 g"],"general_information":["Denominación del alimento: Crujiente barrita de barquillo cubierto de chocolate con leche y con relleno (37%) con cacao","Nombre del operador: Chocolates Valor,S.A.","Dirección del operador: Av. Pianista Gonzalo Soriano, 13 - 03570 - Villajoyosa (Alicante)","Cantidad Neta: 40 g","Otras menciones obligatorias en la etiqueta: Cacao: 30 % mínimo en el chocolate con leche."],"ingredients":[" Chocolate con leche (45%) [Azúcar, manteca de cacao, leche desnatada en polvo, pasta de cacao, lactosuero en polvo (leche), grasa de leche, pasta de avellana, emulgentes: lecitina de soja y E-476, aroma], azúcar, harina de trigo, grasa vegetal de plama, lactosuero en polvo (leche), cacao desgrasado (2,5%), pasta de avellana, leche desnatada en polvo, emulgente: lecitina de soja, gasificante: bicarbonato de sodio, aromas. Puede contener trazas de otros frutos secos."],"conservation":" Conservar en lugar fresco y seco, alejado de olores.","ean":"8410034075028"},{"full_name":"MILKA Tender barritas rellenas de chocolate con leche 5x37 g envase 185 g","name":"Tender barritas rellenas de chocolate con leche 5x37 g envase 185 g","brand":"MILKA ","img":"https://sgfm.elcorteingles.es/SGFM/dctm/MEDIA03/201708/10/00120671500583____6__600x600.jpg","price":"2,12 €","price_unit":"(11,46 € / Kilo)","categories":["Supermercado","Desayunos Dulces y pan","Desayunos, dulces y pan","Chocolates y bombones","Chocolatinas","MILKA Tender barritas rellenas de chocolate con leche 5x37 g envase 185 g"],"general_information":[],"ingredients":[],"ean":"7622400004483"},{"full_name":"MILKA Oreo barritas rellenas de galleta 5x37 g envase 185 g","name":"Oreo barritas rellenas de galleta 5x37 g envase 185 g","brand":"MILKA ","img":"https://sgfm.elcorteingles.es/SGFM/dctm/MEDIA03/201703/09/00200248603458____1__600x600.jpg","price":"2,23 €","price_unit":"(12,05 € / Kilo)","categories":["Supermercado","Desayunos Dulces y pan","Desayunos, dulces y pan","Chocolates y bombones","Chocolatinas","MILKA Oreo barritas rellenas de galleta 5x37 g envase 185 g"],"general_information":["Denominación del alimento: Chocolate con leche de los Alpes con trozos de galleta con cacao (15%) y relleno cremoso lácteo (35%) sabor vainilla.","País de origen: Polonia","Nombre del operador: Mondelez España Commercial, S.L.","Dirección del operador: C/Eucalipto, 25  - 28016 Madrid,  España","Cantidad Neta: 185 g"],"ingredients":[" Ingredientes: Azúcar, grasas vegetales (palma, palmiste), harina de TRIGO, manteca de cacao, LECHE desnatada en polvo, suero de LECHE en polvo, pasta de cacao, grasa de LECHE, cacao desgrasado (1 %), almidón de TRIGO, emulgentes (lecitina de SOJA, lecitina de girasol), gasificantes (carbonato ácido de potasio, carbonato ácido de amonio, carbonato ácido de sodio), sal, aromas, pasta de AVELLANAS, contiene jarabe de glucosa y/o jarabe de glucosa y fructosa. 7% leche desnatada en polvo en el relleno cremoso lácteo."],"conservation":"Modo de empleo: No especificado","ean":"7622210718686"},{"full_name":"MILKA barritas de caramelo y avellanas enteras 3x43 g envase 129 g","name":"barritas de caramelo y avellanas enteras 3x43 g envase 129 g","brand":"MILKA ","img":"https://sgfm.elcorteingles.es/SGFM/dctm/MEDIA03/201711/17/00120648602587____2__600x600.jpg","price":"2,52 €","price_unit":"(19,53 € / Kilo)","categories":["Supermercado","Desayunos Dulces y pan","Desayunos, dulces y pan","Chocolates y bombones","Chocolatinas","MILKA barritas de caramelo y avellanas enteras 3x43 g envase 129 g"],"general_information":["Denominación del alimento: Chocolate con leche de los Alpes con relleno cremoso lácteo con sabor a caramelo (32%), con relleno cremoso con caramelo (10%) y avellanas enteras (10%).","País de origen: España","Nombre del operador: Mondelez España Commercial, S.L.","Dirección del operador: C/Eucalipto, 25  - 28016 Madrid,  España","Cantidad Neta: 129 g"],"ingredients":[" Ingredientes: Azúcar, manteca de palma, AVELLANAS, manteca de cacao, LECHE desnatada en polvo, suero de LECHE en polvo, jarabe de glucosa, pasta de cacao, grasa de LECHE, LECHE desnatada condensada, humectante (glicerina), emulgentes (lecitina de SOJA, lecitina de girasol), jarabe de azúcar invertido, sirope de azúcar caramelizado (0,4%), aromas, sal. 7% leche desnatada en polvo en el relleno cremoso lácteo PUEDE CONTENER OTROS FRUTOS DE CÁSCARA Y TRIGO."],"ean":"7622210176479"},{"full_name":"KINDER barritas de chocolate 1/2 metro de barritas 24 unidades estuche 302,4 g","name":"barritas de chocolate 1/2 metro de barritas 24 unidades estuche 302,4 g","brand":"KINDER ","img":"https://sgfm.elcorteingles.es/SGFM/dctm/MEDIA02/CONTENIDOS/201510/26/00120642901043____2__600x600.jpg","price":"5,30 €            ","price_unit":"(14,75 € / Kilo)","categories":["Supermercado","Desayunos Dulces y pan","Desayunos, dulces y pan","Chocolates y bombones","Chocolatinas","KINDER barritas de chocolate 1/2 metro de barritas 24 unidades estuche 302,4 g"],"general_information":["Denominación del alimento: Chocolate con leche extrafino relleno de crema rica en leche","Nombre del operador: Ferrero Ibérica, S.A.","Dirección del operador: WTC Almeda Park, Edificio 2 - 08940 Cornellà de Llobregat (Barcelona)","Cantidad Neta: 300 g"],"ingredients":[" Chocolate con leche extrafino 40% (azúcar, leche entera en polvo, manteca de cacao, pasta de cacao, emulgentes: lecitinas (soja); vainillina), azúcar, leche desnatada en polvo, manteca de palma, mantequilla concentrada, emulgentes: lecitinas (soja), vainillina. Sobre el total: productos de la leche: 33%, cacao: 13%."],"conservation":" Conservar en lugar fresco y seco","ean":"8000500018828"},{"full_name":"KINDER chocolate con leche 24 porciones formato ahorro estuche 300 g","name":"chocolate con leche 24 porciones formato ahorro estuche 300 g","brand":"KINDER ","img":"https://sgfm.elcorteingles.es/SGFM/dctm/MEDIA02/CONTENIDOS/201511/19/00120642900847____1__600x600.jpg","price":"3,70 €","price_unit":"(12,33 € / Kilo)","categories":["Supermercado","Desayunos Dulces y pan","Desayunos, dulces y pan","Chocolates y bombones","Chocolatinas","KINDER chocolate con leche 24 porciones formato ahorro estuche 300 g"],"general_information":["Denominación del alimento: Chocolate con leche extrafino relleno de crema rica en leche","Nombre del operador: Ferrero Ibérica, S.A.","Dirección del operador: WTC Almeda Park, Edificio 2 - 08940 Cornellà de Llobregat (Barcelona)","Cantidad Neta: 300 g"],"ingredients":[" Chocolate con leche extrafino 40% (azúcar, leche entera en polvo, manteca de cacao, pasta de cacao, emulgentes: lecitinas (soja); vainillina), azúcar, leche desnatada en polvo, manteca de palma, mantequilla concentrada, emulgentes: lecitinas (soja), vainillina. Sobre el total: productos de la leche: 33%, cacao: 13%."],"conservation":" Conservar en lugar fresco y seco","ean":"8000500111581"},{"full_name":"KINDER maxi chocolate 10 barritas estuche 210 g","name":"maxi chocolate 10 barritas estuche 210 g","brand":"KINDER ","img":"https://sgfm.elcorteingles.es/SGFM/dctm/MEDIA03/201609/07/00120648600888____1__600x600.jpg","price":"2,86 €","price_unit":"(13,62 € / Kilo)","categories":["Supermercado","Desayunos Dulces y pan","Desayunos, dulces y pan","Chocolates y bombones","Chocolatinas","KINDER maxi chocolate 10 barritas estuche 210 g"],"general_information":["Denominación del alimento: Chocolate con leche extrafino, relleno de crema rica en leche","Nombre del operador: Ferrero Ibérica, S.A.","Dirección del operador: WTC Almeda Park, Edificio 2 - 08940 Cornellà de Llobregat (Barcelona)","Cantidad Neta: 210 g"],"ingredients":[" Chocolate con leche extrafino 40% (azúcar, leche entera en polvo, manteca de cacao, pasta de cacao, emulgentes: lecitinas (soja), vainillina), azúcar, leche desnatada en polvo, manteca de palma, mantequilla concentrada, emulgentes: lecitinas (soja), vainillina. Sobre el total: productos de la leche: 33% (leche desnatada en polvo, leche entera en polvo: 27,5%, mantequilla concentrada 5,5%) cacao 13%."],"conservation":" Conservar en lugar fresco y seco","ean":"4008400221021"},{"full_name":"KINDER chocolate 16 porciones estuche 200 g","name":"chocolate 16 porciones estuche 200 g","brand":"KINDER ","img":"https://sgfm.elcorteingles.es/SGFM/dctm/MEDIA03/201703/28/00120642901035____1__600x600.jpg","price":"2,90 €            ","price_unit":"(13,10 € / Kilo)","categories":["Supermercado","Desayunos Dulces y pan","Desayunos, dulces y pan","Chocolates y bombones","Chocolatinas","KINDER chocolate 16 porciones estuche 200 g"],"general_information":["Denominación del alimento: Chocolate con leche extrafino relleno de crema rica en leche","Nombre del operador: Ferrero Ibérica, S.A.","Dirección del operador: WTC Almeda Park, Edificio 2 - 08940 Cornellà de Llobregat (Barcelona)","Cantidad Neta: 200 g"],"ingredients":[" Chocolate con leche extrafino 40% (azúcar, leche entera en polvo, manteca de cacao, pasta de cacao, emulgentes: lecitinas (soja); vainillina), azúcar, leche desnatada en polvo, manteca de palma, mantequilla concentrada, emulgentes: lecitinas (soja), vainillina. Sobre el total: productos de la leche: 33%, cacao: 13%."],"conservation":" Conservar en lugar fresco y seco","ean":"8000500071083"},{"full_name":"KINDER chocolate maxi 6 unidades estuche 126 g","name":"chocolate maxi 6 unidades estuche 126 g","brand":"KINDER ","img":"https://sgfm.elcorteingles.es/SGFM/dctm/MEDIA03/201609/07/00120648603007____2__600x600.jpg","price":"1,99 €","price_unit":"(15,79 € / Kilo)","categories":["Supermercado","Desayunos Dulces y pan","Desayunos, dulces y pan","Chocolates y bombones","Chocolatinas","KINDER chocolate maxi 6 unidades estuche 126 g"],"general_information":["Denominación del alimento: Chocolate con leche extrafino, relleno de crema rica en leche","Nombre del operador: Ferrero Ibérica, S.A.","Dirección del operador: WTC Almeda Park, Edificio 2 - 08940 Cornellà de Llobregat (Barcelona)","Cantidad Neta: 126 g"],"ingredients":[" Chocolate con leche extrafino 40% (azúcar, leche entera en polvo, manteca de cacao, pasta de cacao, emulgentes: lecitinas (soja), vainillina), azúcar, leche desnatada en polvo, manteca de palma, mantequilla concentrada, emulgentes: lecitinas (soja), vainillina. Sobre el total: productos de la leche: 33% (leche desnatada en polvo, leche entera en polvo: 27,5%, mantequilla concentrada 5,5%) cacao 13%."],"conservation":" Conservar en lugar fresco y seco","ean":"0000080310167"},{"full_name":"KINDER chocolate 8 porciones estuche 100 g","name":"chocolate 8 porciones estuche 100 g","brand":"KINDER ","img":"https://sgfm.elcorteingles.es/SGFM/00/77/1/0120648600771/0120648600771000g01011.jpg","price":"1,46 €            ","price_unit":"(14,30 € / Kilo)","categories":["Supermercado","Desayunos Dulces y pan","Desayunos, dulces y pan","Chocolates y bombones","Chocolatinas","KINDER chocolate 8 porciones estuche 100 g"],"general_information":["Denominación del alimento: Chocolate con leche extrafino relleno de crema rica en leche","Nombre del operador: Ferrero Ibérica, S.A.","Dirección del operador: WTC Almeda Park, Edificio 2 - 08940 Cornellà de Llobregat (Barcelona)","Cantidad Neta: 100 g"],"ingredients":[" Chocolate con leche extrafino 40% (azúcar, leche entera en polvo, manteca de cacao, pasta de cacao, emulgentes: lecitinas (soja); vainillina), azúcar, leche desnatada en polvo, manteca de palma, mantequilla concentrada, emulgentes: lecitinas (soja), vainillina. Sobre el total: productos de la leche: 33%, cacao: 13%."],"conservation":" Conservar en lugar fresco y seco","ean":"8000500049617"},{"full_name":"KINDER Cereali 4 barritas de chocolate con leche y 5 cereales estuche 94 g","name":"Cereali 4 barritas de chocolate con leche y 5 cereales estuche 94 g","brand":"KINDER ","img":"https://sgfm.elcorteingles.es/SGFM/dctm/MEDIA03/201609/07/00120648602793____2__600x600.jpg","price":"1,90 €","price_unit":"(20,21 € / Kilo)","categories":["Supermercado","Desayunos Dulces y pan","Desayunos, dulces y pan","Chocolates y bombones","Chocolatinas","KINDER Cereali 4 barritas de chocolate con leche y 5 cereales estuche 94 g"],"general_information":["Denominación del alimento: Chocolate con leche extrafino con relleno de leche y cereales","Nombre del operador: Ferrero Ibérica, S.A.","Dirección del operador: WTC Almeda Park, Edificio 2 - 08940 Cornellà de Llobregat (Barcelona)","Cantidad Neta: 94 g"],"ingredients":[" Chocolate con leche extrafino 33,5% (azúcar, manteca de cacao, leche entera en polvo, pasta de cacao, emulgentes: lecitinas (soja); vainillina), azúcar, leche desnatada en polvo, manteca de palma, mantequilla concentrada, cebada, arroz, trigo, escanda, emulgentes: lecitinas (soja), trigo sarraceno, vainillina."],"conservation":" Conservar en lugar fresco y seco","ean":"8000500199985"},{"full_name":"KINDER DELICE bizcocho con leche y cobertura de chocolate 10 unidades estuche 390 g","name":"bizcocho con leche y cobertura de chocolate 10 unidades estuche 390 g","brand":"KINDER DELICE ","img":"https://sgfm.elcorteingles.es/SGFM/00/89/6/0120648600896/0120648600896000g01011.jpg","price":"4,23 €","price_unit":"(10,85 € / Kilo)","categories":["Supermercado","Desayunos Dulces y pan","Desayunos, dulces y pan","Chocolates y bombones","Chocolatinas","KINDER DELICE bizcocho con leche y cobertura de chocolate 10 unidades estuche 390 g"],"general_information":["Denominación del alimento: Bizcocho con cobertura de cacao y relleno de leche.","Nombre del operador: Ferrero Ibérica, S.A.","Dirección del operador: WTC Almeda Park, Edificio 2 - 08940 Cornellà de Llobregat (Barcelona)","Cantidad Neta: 390 g"],"ingredients":[" Azúcar, grasas vegetales (palma, shea, sal), jarabe de glucosa-fructosa, humectante (glicerina), leche en polvo rehidratada (7%), harina de trigo (6,5%), leche desnatada en polvo (5%), dextrosa, cacao desgrasado (3%), cacao (3%), huevos (2,5%),  suero lácteo en polvo, zumo de pera concentrado, almidón de trigo, leche entera en polvo (0,5%), emulgentes: lecitinas (soja), monoglicéridos y diglicéridos de ácidos grasos; gasificantes (carbonato amónico, carbonato ácido de sodio), zumo de limón concentrado, aromas, manteca de cacao, sal, pasta de cacao, mantequilla concentrada."],"conservation":" Conservar en lugar fresco y seco","ean":"8000500267103"},{"full_name":"KINDER BUENO barritas de chocolate con leche y avellanas pack 10 x 2 barritas estuche 440 g","name":"barritas de chocolate con leche y avellanas pack 10 x 2 barritas estuche 440 g","brand":"KINDER BUENO ","img":"https://sgfm.elcorteingles.es/SGFM/dctm/MEDIA03/201602/11/00120648603155____1__600x600.jpg","price":"6,04 €","price_unit":"(13,73 € / Kilo)","categories":["Supermercado","Desayunos Dulces y pan","Desayunos, dulces y pan","Chocolates y bombones","Chocolatinas","KINDER BUENO barritas de chocolate con leche y avellanas pack 10 x 2 barritas estuche 440 g"],"general_information":["Denominación del alimento: Crujientes barritas con relleno cremoso de leche y avellanas recubiertas de chocolate con leche","Nombre del operador: Ferrero Ibérica, S.A.","Dirección del operador: WTC Almeda Park, Edificio 2 - 08940 Cornellà de Llobregat (Barcelona)","Cantidad Neta: 430 g"],"ingredients":[" Chocolate con leche 31,5% (azúcar, manteca de cacao, pasta de cacao, leche desnatada en polvo, mantequilla concentrada, emulgentes: lecitinas (soja); vainillina), azúcar, manteca de palma, harina de trigo, avellanas (10,8%), leche desnatada en polvo, leche entera en polvo, chocolate negro (azúcar, pasta de cacao, manteca de cacao, emulgentes: lecitinas (soja); vainillina), cacao desgrasado, emulgentes: lecitinas (soja), gasificantes (carbonato ácido de sodio, carbonato ácido de amónio), sal, vainillina. Sobre el total: productos de la leche 19,5%."],"conservation":" Conservar en lugar fresco y seco","ean":"3017620691027"},{"full_name":"KINDER BUENO barritas de chocolate con leche y avellanas pack 6 x 2 barritas envase 258 g","name":"barritas de chocolate con leche y avellanas pack 6 x 2 barritas envase 258 g","brand":"KINDER BUENO ","img":"https://sgfm.elcorteingles.es/SGFM/dctm/MEDIA03/201609/08/00120648601514____2__600x600.jpg","price":"4,06 €            ","price_unit":"(15,31 € / Kilo)","categories":["Supermercado","Desayunos Dulces y pan","Desayunos, dulces y pan","Chocolates y bombones","Chocolatinas","KINDER BUENO barritas de chocolate con leche y avellanas pack 6 x 2 barritas envase 258 g"],"general_information":["Denominación del alimento: Crujientes barritas con relleno cremoso de leche y avellanas recubiertas de chocolate con leche","Nombre del operador: Ferrero Ibérica, S.A.","Dirección del operador: WTC Almeda Park, Edificio 2 - 08940 Cornellà de Llobregat (Barcelona)","Cantidad Neta: 258 g"],"ingredients":[" Chocolate con leche 31,5% (azúcar, manteca de cacao, pasta de cacao, leche desnatada en polvo, mantequilla concentrada, emulgentes: lecitinas (soja); vainillina), azúcar, manteca de palma, harina de trigo, avellanas (10,8%), leche desnatada en polvo, leche entera en polvo, chocolate negro (azúcar, pasta de cacao, manteca de cacao, emulgentes: lecitinas (soja); vainillina), cacao desgrasado, emulgentes: lecitinas (soja), gasificantes (carbonato ácido de sodio, carbonato ácido de amónio), sal, vainillina. Sobre el total: productos de la leche 19,5%."],"conservation":" Conservar en lugar fresco y seco","ean":"3017620694004"},{"full_name":"KINDER BUENO barritas de chocolate con leche y avellanas estuche 44 g","name":"barritas de chocolate con leche y avellanas estuche 44 g","brand":"KINDER BUENO ","img":"https://sgfm.elcorteingles.es/SGFM/dctm/MEDIA03/201609/02/00120648600870____1__600x600.jpg","price":"1,02 €","price_unit":"(23,72 € / Kilo)","categories":["Supermercado","Desayunos Dulces y pan","Desayunos, dulces y pan","Chocolates y bombones","Chocolatinas","KINDER BUENO barritas de chocolate con leche y avellanas estuche 44 g"],"general_information":["Denominación del alimento: Crujientes barritas con relleno cremoso de leche y avellanas recubiertas de chocolate con leche","Nombre del operador: Ferrero Ibérica, S.A.","Dirección del operador: WTC Almeda Park, Edificio 2 - 08940 Cornellà de Llobregat (Barcelona)","Cantidad Neta: 43 g"],"ingredients":[" Chocolate con leche 31,5% (azúcar, manteca de cacao, pasta de cacao, leche desnatada en polvo, mantequilla concentrada, emulgentes: lecitinas (soja); vainillina), azúcar, manteca de palma, harina de trigo, avellanas (10,8%), leche desnatada en polvo, leche entera en polvo, chocolate negro (azúcar, pasta de cacao, manteca de cacao, emulgentes: lecitinas (soja); vainillina), cacao desgrasado, emulgentes: lecitinas (soja), gasificantes (carbonato ácido de sodio, carbonato ácido de amónio), sal, vainillina. Sobre el total: productos de la leche 19,5%."],"conservation":" Conservar en lugar fresco y seco","ean":"0000080052760"},{"full_name":"KINDER BUENO barritas de chocolate con leche y avellanas pack 2 x 3 unidades estuche 129 g","name":"barritas de chocolate con leche y avellanas pack 2 x 3 unidades estuche 129 g","brand":"KINDER BUENO ","img":"https://sgfm.elcorteingles.es/SGFM/dctm/MEDIA03/201609/08/00120648600243____2__600x600.jpg","price":"2,47 €            ","price_unit":"(18,14 € / Kilo)","categories":["Supermercado","Desayunos Dulces y pan","Desayunos, dulces y pan","Chocolates y bombones","Chocolatinas","KINDER BUENO barritas de chocolate con leche y avellanas pack 2 x 3 unidades estuche 129 g"],"general_information":["Denominación del alimento: Crujientes barritas con relleno cremoso de leche y avellanas recubiertas de chocolate con leche","Nombre del operador: Ferrero Ibérica, S.A.","Dirección del operador: WTC Almeda Park, Edificio 2 - 08940 Cornellà de Llobregat (Barcelona)","Cantidad Neta: 129 g"],"ingredients":[" Chocolate con leche 31,5% (azúcar, manteca de cacao, pasta de cacao, leche desnatada en polvo, mantequilla concentrada, emulgentes: lecitinas (soja); vainillina), azúcar, manteca de palma, harina de trigo, avellanas (10,8%), leche desnatada en polvo, leche entera en polvo, chocolate negro (azúcar, pasta de cacao, manteca de cacao, emulgentes: lecitinas (soja); vainillina), cacao desgrasado, emulgentes: lecitinas (soja), gasificantes (carbonato ácido de sodio, carbonato ácido de amónio), sal, vainillina. Sobre el total: productos de la leche 19,5%."],"conservation":" Conservar en lugar fresco y seco","ean":"8000500025857"},{"full_name":"KINDER mini barritas de chocolate con leche envase 172 g","name":"mini barritas de chocolate con leche envase 172 g","brand":"KINDER ","img":"https://sgfm.elcorteingles.es/SGFM/dctm/MEDIA03/201709/19/00120648603726____1__600x600.jpg","price":"2,19 €","price_unit":"(18,25 € / Kilo)","categories":["Supermercado","Desayunos Dulces y pan","Desayunos, dulces y pan","Chocolates y bombones","Chocolatinas","KINDER mini barritas de chocolate con leche envase 172 g"],"general_information":["Denominación del alimento: Chocolate con leche extrafino relleno de crema rica en leche","Nombre del operador: Ferrero Ibérica, S.A.","Dirección del operador: WTC Almeda Park, Edificio 2 - 08940 Cornellà de Llobregat (Barcelona)","Cantidad Neta: 20 g"],"ingredients":[" Chocolate con leche extrafino 39% (azúcar, leche entera en polvo, manteca de cacao, pasta de cacao, emulgentes: lecitinas (soja); vainillina), azúcar, leche desnatada en polvo, manteca de palma, mantequilla concentrada, emulgentes: lecitinas (soja), vainillina. Sobre el total: productos de la leche: 33%, cacao: 12,5%."],"conservation":" Conservar en lugar fresco y seco","ean":"8000500189122"},{"full_name":"KINDER BUENO mini barritas de chocolate con leche estuche 108 g","name":"mini barritas de chocolate con leche estuche 108 g","brand":"KINDER BUENO ","img":"https://sgfm.elcorteingles.es/SGFM/dctm/MEDIA02/CONTENIDOS/201409/16/00120648602652____1__600x600.jpg","price":"2,42 €            ","price_unit":"(21,11 € / Kilo)","categories":["Supermercado","Desayunos Dulces y pan","Desayunos, dulces y pan","Chocolates y bombones","Chocolatinas","KINDER BUENO mini barritas de chocolate con leche estuche 108 g"],"general_information":["Denominación del alimento: Crujientes barritas con relleno cremoso de leche y avellanas recubiertas de chocolate con leche","Nombre del operador: Ferrero Ibérica, S.A.","Dirección del operador: WTC Almeda Park, Edificio 2 - 08940 Cornellà de Llobregat (Barcelona)","Cantidad Neta: 108 g"],"ingredients":[" Chocolate con leche 31% (azúcar, manteca de cacao, pasta de cacao, leche desnatada en polvo, mantequilla concentrada, emulgentes: lecitinas (soja); vainillina), azúcar, manteca de palma, harina de trigo, avellanas 10,8%, leche desnatada en polvo, leche entera en polvo, chocolate negro (azúcar, pasta de cacao, manteca de cacao, emulgentes: lecitinas (soja); vainillina), cacao desgrasado, emulgentes: lecitinas (soja), gasificantes (carbonato ácido de sodio, carbonato ácido de amónio), sal, vainillina. Sobre el total: productos de la leche 19%."],"conservation":" Conservar en lugar fresco y seco","ean":"8000500180709"},{"full_name":"KINDER BUENO White barritas de chocolate blanco y avellanas pack 6x2 envase 258 g","name":"White barritas de chocolate blanco y avellanas pack 6x2 envase 258 g","brand":"KINDER BUENO ","img":"https://sgfm.elcorteingles.es/SGFM/dctm/MEDIA02/CONTENIDOS/201511/19/00200248601544____1__600x600.jpg","price":"4,15 €            ","price_unit":"(15,70 € / Kilo)","categories":["Supermercado","Desayunos Dulces y pan","Desayunos, dulces y pan","Chocolates y bombones","Chocolatinas","KINDER BUENO White barritas de chocolate blanco y avellanas pack 6x2 envase 258 g"],"general_information":["Denominación del alimento: Crujientes barritas con relleno cremoso de leche y avellanas con cobertura de chocolate blanco y virutas de cacao (6,5%)","Nombre del operador: Ferrero Ibérica, S.A.","Dirección del operador: WTC Almeda Park, Edificio 2 - 08940 Cornellà de Llobregat (Barcelona)","Cantidad Neta: 234 g"],"ingredients":[" Chocolate blanco 28% (manteca de cacao, azúcar, leche desnatada en polvo, mantequilla concentrada, emulgentes: lecitinas (soja); aromas), azúcar, manteca de palma, harina de trigo, leche desnatada en polvo, leche entera en polvo, avellanas (5%), suero lácteo en polvo, almidón de trigo, cacao desgrasado (0,4%), aceite de girasol, proteínas de la leche, emulgentes: lecitinas (soja), gasificantes (carbonato ácido de amonio, carbonato ácido de sodio), aromas, sal. Sobre el total: Productos de la leche 21,5%."],"conservation":" Conservar en lugar fresco y seco","ean":"8000500128732"},{"full_name":"KINDER BUENO White barritas de chocolate blanco y avellanas pack 6x2 envase 452 g","name":"White barritas de chocolate blanco y avellanas pack 6x2 envase 452 g","brand":"KINDER BUENO ","img":"https://sgfm.elcorteingles.es/SGFM/dctm/MEDIA03/201711/06/00120648603759____5__600x600.jpg","price":"5,99 €","price_unit":"(14,98 € / Kilo)","categories":["Supermercado","Desayunos Dulces y pan","Desayunos, dulces y pan","Chocolates y bombones","Chocolatinas","KINDER BUENO White barritas de chocolate blanco y avellanas pack 6x2 envase 452 g"],"general_information":["Denominación del alimento: Crujientes barritas con relleno cremoso de leche y avellanas con cobertura de chocolate blanco y virutas de cacao (6,5%)","Nombre del operador: Ferrero Ibérica, S.A.","Dirección del operador: WTC Almeda Park, Edificio 2 - 08940 Cornellà de Llobregat (Barcelona)","Cantidad Neta: 390 g"],"ingredients":[" Chocolate blanco 28% (manteca de cacao, azúcar, leche desnatada en polvo, mantequilla concentrada, emulgentes: lecitinas (soja); aromas), azúcar, manteca de palma, harina de trigo, leche desnatada en polvo, leche entera en polvo, avellanas (5%), suero lácteo en polvo, almidón de trigo, cacao desgrasado (0,4%), aceite de girasol, proteínas de la leche, emulgentes: lecitinas (soja), gasificantes (carbonato ácido de amonio, carbonato ácido de sodio), aromas, sal. Sobre el total: Productos de la leche 21,5%."],"conservation":" Conservar en lugar fresco y seco","ean":"8000500127414"},{"full_name":"KINDER BUENO White barritas de chocolate blanco y avellanas pack 3 estuche 141 g","name":"White barritas de chocolate blanco y avellanas pack 3 estuche 141 g","brand":"KINDER BUENO ","img":"https://sgfm.elcorteingles.es/SGFM/dctm/MEDIA03/201609/08/00120648601233____2__600x600.jpg","price":"2,47 €            ","price_unit":"(16,60 € / Kilo)","categories":["Supermercado","Desayunos Dulces y pan","Desayunos, dulces y pan","Chocolates y bombones","Chocolatinas","KINDER BUENO White barritas de chocolate blanco y avellanas pack 3 estuche 141 g"],"general_information":["Denominación del alimento: Crujientes barritas con relleno cremoso de leche y avellanas con cobertura de chocolate blanco y virutas de cacao (6,5%)","Nombre del operador: Ferrero Ibérica, S.A.","Dirección del operador: WTC Almeda Park, Edificio 2 - 08940 Cornellà de Llobregat (Barcelona)","Cantidad Neta: 117 g"],"ingredients":[" Chocolate blanco 28% (manteca de cacao, azúcar, leche desnatada en polvo, mantequilla concentrada, emulgentes: lecitinas (soja); aromas), azúcar, manteca de palma, harina de trigo, leche desnatada en polvo, leche entera en polvo, avellanas (5%), suero lácteo en polvo, almidón de trigo, cacao desgrasado (0,4%), aceite de girasol, proteínas de la leche, emulgentes: lecitinas (soja), gasificantes (carbonato ácido de amonio, carbonato ácido de sodio), aromas, sal. Sobre el total: Productos de la leche 21,5%."],"conservation":" Conservar en lugar fresco y seco","ean":"8000500121436"},{"full_name":"KINDER BUENO White barritas de chocolate blanco y avellanas 2 uds estuche 43 g","name":"White barritas de chocolate blanco y avellanas 2 uds estuche 43 g","brand":"KINDER BUENO ","img":"https://sgfm.elcorteingles.es/SGFM/dctm/MEDIA03/201609/02/00120648600375____2__600x600.jpg","price":"1,02 €","price_unit":"(23,72 € / Kilo)","categories":["Supermercado","Desayunos Dulces y pan","Desayunos, dulces y pan","Chocolates y bombones","Chocolatinas","KINDER BUENO White barritas de chocolate blanco y avellanas 2 uds estuche 43 g"],"general_information":["Denominación del alimento: Crujientes barritas con relleno cremoso de leche y avellanas con cobertura de chocolate blanco y virutas de cacao (6,5%)","Nombre del operador: Ferrero Ibérica, S.A.","Dirección del operador: WTC Almeda Park, Edificio 2 - 08940 Cornellà de Llobregat (Barcelona)","Cantidad Neta: 39 g"],"ingredients":[" Chocolate blanco 28% (manteca de cacao, azúcar, leche desnatada en polvo, mantequilla concentrada, emulgentes: lecitinas (soja); aromas), azúcar, manteca de palma, harina de trigo, leche desnatada en polvo, leche entera en polvo, avellanas (5%), suero lácteo en polvo, almidón de trigo, cacao desgrasado (0,4%), aceite de girasol, proteínas de la leche, emulgentes: lecitinas (soja), gasificantes (carbonato ácido de amonio, carbonato ácido de sodio), aromas, sal. Sobre el total: Productos de la leche 21,5%."],"conservation":" Conservar en lugar fresco y seco","ean":"0000080761761"},{"full_name":"KINDER huevo sorpresa pack 6 unidades diseños surtidos estuche 120 g","name":"huevo sorpresa pack 6 unidades diseños surtidos estuche 120 g","brand":"KINDER ","img":"https://sgfm.elcorteingles.es/SGFM/dctm/MEDIA03/201711/03/00120648602496____19__600x600.jpg","price":"6,44 €            ","price_unit":"(50,75 € / Kilo)","categories":["Supermercado","Desayunos Dulces y pan","Desayunos, dulces y pan","Chocolates y bombones","Chocolatinas","KINDER huevo sorpresa pack 6 unidades diseños surtidos estuche 120 g"],"general_information":["Denominación del alimento: Huevo con sorpresa cubierto de chocolate con leche extrafino","Nombre del operador: Ferrero Ibérica, S.A.","Dirección del operador: WTC Almeda Park, Edificio 2 - 08940 Cornellà de Llobregat (Barcelona)","Cantidad Neta: 120 g"],"ingredients":[" Chocolate con leche extrafino 47% (azúcar, leche entera en polvo, manteca de cacao, pasta de cacao, emulgentes: lecitinas (soja), vainillina), leche desnatada en polvo, azúcar, grasas vegetales (palma, shea), mantequilla concentrada, emulgentes: lecitinas (soja), vainillina. Sobre el total: productos de la leche: 32%, cacao 15%."],"conservation":" Conservar en lugar fresco y seco","ean":"8000500014455"},{"full_name":"KINDER huevo sorpresa pack 3 x 20 g diseños surtidos estuche 60 g","name":"huevo sorpresa pack 3 x 20 g diseños surtidos estuche 60 g","brand":"KINDER ","img":"https://sgfm.elcorteingles.es/SGFM/dctm/MEDIA03/201709/25/00120648602504____4__600x600.jpg","price":"3,35 €","price_unit":"(55,83 € / Kilo)","categories":["Supermercado","Desayunos Dulces y pan","Desayunos, dulces y pan","Chocolates y bombones","Chocolatinas","KINDER huevo sorpresa pack 3 x 20 g diseños surtidos estuche 60 g"],"general_information":["Denominación del alimento: Huevo con sorpresa cubierto de chocolate con leche extrafino","Nombre del operador: Ferrero Ibérica, S.A.","Dirección del operador: WTC Almeda Park, Edificio 2 - 08940 Cornellà de Llobregat (Barcelona)","Cantidad Neta: 60 g"],"ingredients":[" Chocolate con leche extrafino 47% (azúcar, leche entera en polvo, manteca de cacao, pasta de cacao, emulgentes: lecitinas (soja), vainillina), leche desnatada en polvo, azúcar, grasas vegetales (palma, shea), mantequilla concentrada, emulgentes: lecitinas (soja), vainillina. Sobre el total: productos de la leche: 32%, cacao 15%."],"conservation":" Conservar en lugar fresco y seco","ean":"8000500026731"},{"full_name":"KINDER huevo sorpresa maxi unidad 100 g","name":"huevo sorpresa maxi unidad 100 g","brand":"KINDER ","img":"https://sgfm.elcorteingles.es/SGFM/dctm/MEDIA03/201611/08/00120648602561____6__600x600.jpg","price":"5,39 €            ","price_unit":"(49,90 € / Kilo)","categories":["Supermercado","Desayunos Dulces y pan","Desayunos, dulces y pan","Chocolates y bombones","Chocolatinas","KINDER huevo sorpresa maxi unidad 100 g"],"general_information":["Denominación del alimento: Huevo con sorpresa cubierto de chocolate con leche extrafino","Nombre del operador: Ferrero Ibérica, S.A.","Dirección del operador: WTC Almeda Park, Edificio 2 - 08940 Cornellà de Llobregat (Barcelona)","Cantidad Neta: 100 g"],"ingredients":[" Chocolate con leche extrafino 45% (azúcar, leche entera en polvo, manteca de cacao, pasta de cacao, emulgentes: lecitinas (soja), vainillina), leche desnatada en polvo, azúcar, grasas vegetales (palma, shea), mantequilla concentrada, emulgentes: lecitinas (soja), vainillina. Sobre el total: productos de la leche: 32%, cacao 14,5%."],"conservation":" Conservar en lugar fresco y seco","ean":"4008400230726"},{"full_name":"KINDER huevo sorpresa unidad 20 g","name":"huevo sorpresa unidad 20 g","brand":"KINDER ","img":"https://sgfm.elcorteingles.es/SGFM/dctm/MEDIA03/201703/28/00120648602488____1__600x600.jpg","price":"1,30 €            ","price_unit":"(58 € / Kilo)","categories":["Supermercado","Desayunos Dulces y pan","Desayunos, dulces y pan","Chocolates y bombones","Chocolatinas","KINDER huevo sorpresa unidad 20 g"],"general_information":["Denominación del alimento: Huevo con sorpresa cubierto de chocolate con leche extrafino","Nombre del operador: Ferrero Ibérica, S.A.","Dirección del operador: WTC Almeda Park, Edificio 2 - 08940 Cornellà de Llobregat (Barcelona)","Cantidad Neta: 20 g"],"ingredients":[" Chocolate con leche extrafino 47% (azúcar, leche entera en polvo, manteca de cacao, pasta de cacao, emulgentes: lecitinas (soja), vainillina), leche desnatada en polvo, azúcar, grasas vegetales (palma, shea), mantequilla concentrada, emulgentes: lecitinas (soja), vainillina. Sobre el total: productos de la leche: 32%, cacao 15%."],"conservation":" Conservar en lugar fresco y seco","ean":"0000040084107"},{"full_name":"KINDER SCHOKO-BONS huevos de chocolate rellenos de leche y avellanas bolsa 125 g","name":"huevos de chocolate rellenos de leche y avellanas bolsa 125 g","brand":"KINDER SCHOKO-BONS ","img":"https://sgfm.elcorteingles.es/SGFM/dctm/MEDIA03/201611/08/00120648602470____1__600x600.jpg","price":"3,18 €            ","price_unit":"(21,52 € / Kilo)","categories":["Supermercado","Desayunos Dulces y pan","Desayunos, dulces y pan","Chocolates y bombones","Chocolatinas","KINDER SCHOKO-BONS huevos de chocolate rellenos de leche y avellanas bolsa 125 g"],"general_information":["Denominación del alimento: Chocolate con leche extrafino con relleno cremoso de leche y avellanas","Nombre del operador: Ferrero Ibérica, S.A.","Dirección del operador: WTC Almeda Park, Edificio 2 - 08940 Cornellà de Llobregat (Barcelona)","Cantidad Neta: 125 g"],"ingredients":[" Chocolate con leche extrafino 50% (azúcar, leche entera en polvo, manteca de cacao, pasta de cacao, emulgentes: lecitinas (soja), aromas), azúcar, leche desnatada en polvo, manteca de palma, avellanas (5,8%), mantequilla concentrada, chocolate negro (azúcar, pasta de cacao, manteca de cacao, emulgentes: lecitinas (soja); aromas), agentes de recubrimiento (goma arábiga, goma laca), jarabe de glucosa, emulgentes: lecitinas (soja), aromas. Sobre el total: productos de la leche: 28%, cacao: 16,5%."],"conservation":" Conservar en lugar fresco y seco","ean":"5413548280189"},{"full_name":"KINDER SCHOKO-BONS huevos de chocolate rellenos de leche y avellanas estuche 225 g","name":"huevos de chocolate rellenos de leche y avellanas estuche 225 g","brand":"KINDER SCHOKO-BONS ","img":"https://sgfm.elcorteingles.es/SGFM/dctm/MEDIA03/201611/08/00120648601324____1__600x600.jpg","price":"3,79 €","price_unit":"(16,84 € / Kilo)","categories":["Supermercado","Desayunos Dulces y pan","Desayunos, dulces y pan","Chocolates y bombones","Chocolatinas","KINDER SCHOKO-BONS huevos de chocolate rellenos de leche y avellanas estuche 225 g"],"general_information":["Denominación del alimento: Chocolate con leche extrafino con relleno cremoso de leche y avellanas","Nombre del operador: Ferrero Ibérica, S.A.","Dirección del operador: WTC Almeda Park, Edificio 2 - 08940 Cornellà de Llobregat (Barcelona)","Cantidad Neta: 225 g"],"ingredients":[" Chocolate con leche extrafino 50% (azúcar, leche entera en polvo, manteca de cacao, pasta de cacao, emulgentes: lecitinas (soja), aromas), azúcar, leche desnatada en polvo, manteca de palma, avellanas (5,8%), mantequilla concentrada, chocolate negro (azúcar, pasta de cacao, manteca de cacao, emulgentes: lecitinas (soja); aromas), agentes de recubrimiento (goma arábiga, goma laca), jarabe de glucosa, emulgentes: lecitinas (soja), aromas. Sobre el total: productos de la leche: 28%, cacao: 16,5%."],"conservation":" Conservar en lugar fresco y seco","ean":"5413548280677"},{"full_name":"KINDER HAPPY Hippo pack 5 unidades estuche 104 g","name":"Hippo pack 5 unidades estuche 104 g","brand":"KINDER HAPPY ","img":"https://sgfm.elcorteingles.es/SGFM/dctm/MEDIA02/CONTENIDOS/201510/26/00120648603064____1__600x600.jpg","price":"2,44 €","price_unit":"(23,46 € / Kilo)","categories":["Supermercado","Desayunos Dulces y pan","Desayunos, dulces y pan","Chocolates y bombones","Chocolatinas","KINDER HAPPY Hippo pack 5 unidades estuche 104 g"],"general_information":["Denominación del alimento: Galleta de barquillo con granulado a base de avellanas, con relleno cremoso de leche y avellanas","Nombre del operador: Ferrero Ibérica, S.A.","Dirección del operador: WTC Almeda Park, Edificio 2 - 08940 Cornellà de Llobregat (Barcelona)","Cantidad Neta: 103.5 g"],"ingredients":[" Azúcar, grasas vegetales (palma, shea), leche desnatada en polvo (12,5%), avellanas (12%), harina de trigo, leche entera en polvo (7,5%)  suero lácteo en polvo, almidón de trigo, emulgentes: lecitinas (soja), aceite de girasol, proteínas de la leche, gasificantes (carbonato ácido de sodio, carbonato ácido de amonio), sal, vainillina, cacao desgrasado."],"conservation":" Conservar en lugar fresco y seco","ean":"0000080052586"},{"full_name":"KINDER HAPPY Hippo pack 5 unidades envase 102 g","name":"Hippo pack 5 unidades envase 102 g","brand":"KINDER HAPPY ","img":"https://sgfm.elcorteingles.es/SGFM/dctm/MEDIA03/201709/25/00120648600904____2__600x600.jpg","price":"2,44 €","price_unit":"(23,92 € / Kilo)","categories":["Supermercado","Desayunos Dulces y pan","Desayunos, dulces y pan","Chocolates y bombones","Chocolatinas","KINDER HAPPY Hippo pack 5 unidades envase 102 g"],"general_information":["Denominación del alimento: Galleta de barquillo con granulado a base de cacao, con relleno cremoso de leche y cacao","Nombre del operador: Ferrero Ibérica, S.A.","Dirección del operador: WTC Almeda Park, Edificio 2 - 08940 Cornellà de Llobregat (Barcelona)","Cantidad Neta: 103.5 g"],"ingredients":[" Azúcar, grasas vegetales (palma, shea), harina de trigo, leche entera en polvo (7,5 %), cacao desgrasado (5%), leche desnatada en polvo (4,5%), avellanas, suero lácteo en polvo, almidón de trigo, pasta de cacao, emulgentes: lecitinas (soja), aceite de girasol, proteínas de la leche, manteca de cacao, gasificantes (carbonato ácido de amonio, carbonato ácido de sodio), sal, vainillina."],"conservation":" Conservar en lugar fresco y seco","ean":"8000500023624"},{"full_name":"LACASITOS paraguas de chocolate con Lacasitos 5 unidades blister 55 g","name":"paraguas de chocolate con Lacasitos 5 unidades blister 55 g","brand":"LACASITOS ","img":"https://sgfm.elcorteingles.es/SGFM/dctm/MEDIA03/201702/03/00120648603544____1__600x600.jpg","price":"1,83 €","price_unit":"(33,27 € / Kilo)","categories":["Supermercado","Desayunos Dulces y pan","Desayunos, dulces y pan","Chocolates y bombones","Chocolatinas","LACASITOS paraguas de chocolate con Lacasitos 5 unidades blister 55 g"],"general_information":["Denominación del alimento: CHOCOLATE CON LECHE EXTRAFINO CON GRAGEAS DE CHOCOLATE CON LECHE RECUBIERTAS DE AZÚCAR COLOREADO","Nombre del operador: Lacasa España S.A.U.","Dirección del operador: Autovía de Logroño km.14 (50180 Utebo, Zaragoza).","Cantidad Neta: 55 g"],"ingredients":[" Chocolate con leche extrafino: Ingredientes: azúcar, manteca de cacao, leche entera  en polvo, pasta de cacao, sólidos lácteos, mantequilla, emulgentes (lecitina de soja y E-476) y aroma. Cacao 31% mínimo en el chocolate.Grageas de chocolate con leche recubiertas de azúcar coloreado (minilacasitos) (14%): Ingredientes: Azúcar, manteca de cacao, pasta de cacao, leche entera en polvo, leche desnatada en polvo, colorantes (E-171, E-163, E-101, E-120, E-141, E-160a, E-153), emulgente (lecitina de soja), agentes de recubrimiento (E-414, E-903, E-901) y aroma.Puede contener trazas de cacahuetes y de frutos de cáscara."],"conservation":" Conservar en un lugar fresco y seco.","ean":"8410740909075"},{"full_name":"QUELY Merienda Xl palitos con dos chocolatinas de chocolate con leche Lacasitos paquete 94 g","name":"Merienda Xl palitos con dos chocolatinas de chocolate con leche Lacasitos paquete 94 g","brand":"QUELY ","img":"https://sgfm.elcorteingles.es/SGFM/dctm/MEDIA03/201711/07/00120671500633____1__600x600.jpg","price":"1,69 €","price_unit":"(17,98 € / Kilo)","categories":["Supermercado","Desayunos Dulces y pan","Desayunos, dulces y pan","Chocolates y bombones","Chocolatinas","QUELY Merienda Xl palitos con dos chocolatinas de chocolate con leche Lacasitos paquete 94 g"],"general_information":[],"ingredients":[],"ean":"8411145202181"},{"full_name":"BOOM surtido de 21 chocolatinas minis bolsa 400 g","name":"surtido de 21 chocolatinas minis bolsa 400 g","brand":"BOOM ","img":"https://sgfm.elcorteingles.es/SGFM/01/95/1/0120648601951/0120648601951000g01011.jpg","price":"4,77 €","price_unit":"(11,92 € / Kilo)","categories":["Supermercado","Desayunos Dulces y pan","Desayunos, dulces y pan","Chocolates y bombones","Chocolatinas","BOOM surtido de 21 chocolatinas minis bolsa 400 g"],"general_information":["Denominación del alimento: Barritas mini cubiertas de chocolate","Nombre del operador: Wrigley Co SLU","Dirección del operador: Via Augusta 2bis, 3º. Barcelona 08006","Cantidad Neta: 400 g"],"ingredients":[" MarsAzúcar, jarabe de glucosa, manteca de cacao, leche entera en polvo, pasta de cacao, aceite de girasol, leche descremada en polvo, lactosa, polvo de suero(de la leche), cacao magro en polvo,grasa de mantequilla de la leche, extracto de malta de cebada, sal, emulgente (lecitina de soja), clara de huevo en polvo, grasa de palma, proteína de leche hidrolizada, extracto natural de vainilla.Puede contener cacahuete, avellana.SnickersAzúcar, jarabe de glucosa,cacahuetes, leche descrenada en polvo, manteca de cacao, pasta de cacao, aceite de girasol, lactosa, grasa de mantequilla (de la leche), polvo de suero (de la leche), grasa de palma, sal, emulgente (lecitina de soja), clara de huevo en polvo, proteína de la leche, extracto natural de vainilla. Puede contener avellanas.BountyAzúcar, coco (21%), jarabe de glucosa, manteca de cacao, pasta de cacao, leche descremada en polvo, emulgentes (lecitina de soja,E471), lactosa, grasa de mantequilla (de la leche), polvo de suero (de la leche), humectante (glicerina), sal, extracto natural de vainilla.Milky WayAzúcar, jarabe de glucosa, leche descremada en polvo, manteca de cacao, aceite de girasol, pasta de cacao, grasa de mantequilla (de la leche), lactosa, polvo de suero (de la leche), extracto de malta de cebada, sal, emulgente (lecitina de soja), clara de huevo en polvo, grasa de palma, proteína de leche hidrolizada, extracto natural de vainilla. Puede contener cacahuete, avellana.TwixAzúcar, jarabe de glucosa, harina de trigo (17%), grasa de palma, manteca de cacao, leche desnatada condensada, pasta de cacao, leche descremada en polvo, lactosa, grasa de mantequilla (de la leche), polvo de suero (de la leche), cacao magro en polvo, sal, emulgente (lecitina de soja), gasificante (E500), extracto natural de vainilla. Puede contener avellana, almendra, gluten (cebada, avena)."],"conservation":" Mantener en lugar fresco y seco.","ean":"5000159452977"},{"full_name":"TWIX pack 6 X 50 g envase 300 g","name":"pack 6 X 50 g envase 300 g","brand":"TWIX ","img":"https://sgfm.elcorteingles.es/SGFM/dctm/MEDIA03/201704/10/00120648601381____1__600x600.jpg","price":"2,49 €","price_unit":"(7,16 € / Kilo)","categories":["Supermercado","Desayunos Dulces y pan","Desayunos, dulces y pan","Chocolates y bombones","Chocolatinas","TWIX pack 6 X 50 g envase 300 g"],"general_information":["Denominación del alimento: Caramelo (32%) y galleta (26%) cubiertos de chocolate con leche (35%)","Nombre del operador: Wrigley Co SLU","Dirección del operador: Via Augusta 2bis, 3º. Barcelona 08006","Cantidad Neta: 300 g"],"ingredients":[" Azúcar, jarabe de glucosa, harina de trigo (17%), grasa de palma,  manteca de cacao, leche descremada en polvo,  pasta de cacao, lactosa, grasa de mantequilla (de la leche), polvo de suero (de la leche), cacao magro en polvo, sal, emulgente (lecitina de soja), gasificante (E500), extracto natural de vainilla. Podria contener trazas de frutos secos"],"conservation":" Mantener en lugar fresco y seco.","ean":"5000159461849"},{"full_name":"TWIX barritas de chocolate pack 4 X 50 g envase 200 g","name":"barritas de chocolate pack 4 X 50 g envase  200 g","brand":"TWIX ","img":"https://sgfm.elcorteingles.es/SGFM/dctm/MEDIA02/CONTENIDOS/201506/15/00120648601464____1__600x600.jpg","price":"2,01 €","price_unit":"(8,66 € / Kilo)","categories":["Supermercado","Desayunos Dulces y pan","Desayunos, dulces y pan","Chocolates y bombones","Chocolatinas","TWIX barritas de chocolate pack 4 X 50 g envase 200 g"],"general_information":["Denominación del alimento: Caramelo (32%) y galleta (26%) cubiertos de chocolate con leche (35%)","Nombre del operador: Wrigley Co SLU","Dirección del operador: Via Augusta 2bis, 3º. Barcelona 08006","Cantidad Neta: 250 g"],"ingredients":[" Azúcar, jarabe de glucosa, harina de trigo (17%), grasa de palma,  manteca de cacao, leche descremada en polvo,  pasta de cacao, lactosa, grasa de mantequilla (de la leche), polvo de suero (de la leche), cacao magro en polvo, sal, emulgente (lecitina de soja), gasificante (E500), extracto natural de vainilla. Podria contener trazas de frutos secos"],"conservation":" Mantener en lugar fresco y seco.","ean":"5000159462594"},{"full_name":"TWIX minis 11 unidades envase 170 g","name":"minis 11 unidades envase 170 g","brand":"TWIX ","img":"https://sgfm.elcorteingles.es/SGFM/01/92/8/0120648601928/0120648601928000g01011.jpg","price":"1,98 €","price_unit":"(11,65 € / Kilo)","categories":["Supermercado","Desayunos Dulces y pan","Desayunos, dulces y pan","Chocolates y bombones","Chocolatinas","TWIX minis 11 unidades envase 170 g"],"general_information":["Denominación del alimento: Barritas mini de galleta y caramelo cubiertas de chocolate con leche.","Nombre del operador: Wrigley Co SLU","Dirección del operador: Via Augusta 2bis, 3º. Barcelona 08006","Cantidad Neta: 170 g"],"ingredients":[" Azúcar, jarabe de glucosa, harina de trigo (17%), grasa de palma,  manteca de cacao, leche descremada en polvo,  pasta de cacao, lactosa, grasa de mantequilla (de la leche), polvo de suero (de la leche), cacao magro en polvo, sal, emulgente (lecitina de soja), gasificante (E500), extracto natural de vainilla. Podria contener trazas de frutos secos"],"conservation":" Mantener en lugar fresco y seco.","ean":"5000159472760"},{"full_name":"TWIX miniaturas bolsa 100 g","name":"miniaturas bolsa 100 g","brand":"TWIX ","img":"https://sgfm.elcorteingles.es/SGFM/dctm/MEDIA02/CONTENIDOS/201509/10/00120648603031____1__600x600.jpg","price":"1,55 €","price_unit":"(11,92 € / Kilo)","categories":["Supermercado","Desayunos Dulces y pan","Desayunos, dulces y pan","Chocolates y bombones","Chocolatinas","TWIX miniaturas bolsa 100 g"],"general_information":["Denominación del alimento: Barritas mini de galleta y caramelo cubiertas de chocolate con leche.","Nombre del operador: Wrigley Co SLU","Dirección del operador: Via Augusta 2bis, 3º. Barcelona 08006","Cantidad Neta: 130 g"],"ingredients":[" Azúcar, jarabe de glucosa, harina de trigo (17%), grasa de palma,  manteca de cacao, leche descremada en polvo,  pasta de cacao, lactosa, grasa de mantequilla (de la leche), polvo de suero (de la leche), cacao magro en polvo, sal, emulgente (lecitina de soja), gasificante (E500), extracto natural de vainilla. Podria contener trazas de frutos secos"],"conservation":" Mantener en lugar fresco y seco.","ean":"5000159442008"},{"full_name":"TWIX clásico unidad 50 g","name":"clásico unidad 50 g","brand":"TWIX ","img":"https://sgfm.elcorteingles.es/SGFM/dctm/MEDIA03/201604/05/00120648600029____1__600x600.jpg","price":"1,02 €","price_unit":"(20,40 € / Kilo)","categories":["Supermercado","Desayunos Dulces y pan","Desayunos, dulces y pan","Chocolates y bombones","Chocolatinas","TWIX clásico unidad 50 g"],"general_information":["Denominación del alimento: Caramelo (32%) y galleta (26%) cubiertos de chocolate con leche (35%)","Nombre del operador: Wrigley Co SLU","Dirección del operador: Via Augusta 2bis, 3º. Barcelona 08006","Cantidad Neta: 50 g"],"ingredients":[" Azúcar, jarabe de glucosa, harina de trigo (17%), grasa de palma,  manteca de cacao, leche descremada en polvo,  pasta de cacao, lactosa, grasa de mantequilla (de la leche), polvo de suero (de la leche), cacao magro en polvo, sal, emulgente (lecitina de soja), gasificante (E500), extracto natural de vainilla. Podria contener trazas de frutos secos"],"conservation":" Mantener en lugar fresco y seco.","ean":"5000159459228"},{"full_name":"MARS chocolatinas pack 6x45 270 g","name":"chocolatinas pack 6x45  270 g","brand":"MARS ","img":"https://sgfm.elcorteingles.es/SGFM/dctm/MEDIA02/CONTENIDOS/201411/19/00200248601031____1__600x600.jpg","price":"2,49 €","price_unit":"(9,22 € / Kilo)","categories":["Supermercado","Desayunos Dulces y pan","Desayunos, dulces y pan","Chocolates y bombones","Chocolatinas","MARS chocolatinas pack 6x45 270 g"],"general_information":["Denominación del alimento: Chocolate con leche relleno de caramelo (29%) y leche malteada (34%)","Nombre del operador: Wrigley Co SLU","Dirección del operador: Via Augusta 2bis, 3º. Barcelona 08006","Cantidad Neta: 270 g"],"ingredients":[" Azúcar, jarabe de glucosa, manteca de cacao, leche entera en polvo, pasta de cacao, aceite de girasol, leche descremada en polvo, lactosa, suero en polvo (de leche), cacao magro en polvo (1,3%), grasa de leche, extracto de malta de cebada, emulgente (lecitina de soja), sal, clara de huevo en polvo, aceite de palma, proteína de la leche hidrolizada, extracto natural de vainilla.  Puede contener  trazas de frutos secos y cacahuete"],"conservation":" Mantener en lugar fresco y seco.","ean":"5000159404235"},{"full_name":"MARS miniaturas bolsa 100 g","name":"miniaturas bolsa 100 g","brand":"MARS ","img":"https://sgfm.elcorteingles.es/SGFM/dctm/MEDIA02/CONTENIDOS/201509/10/00120648603023____1__600x600.jpg","price":"1,55 €","price_unit":"(11,92 € / Kilo)","categories":["Supermercado","Desayunos Dulces y pan","Desayunos, dulces y pan","Chocolates y bombones","Chocolatinas","MARS miniaturas bolsa 100 g"],"general_information":["Denominación del alimento: Chocolate con leche relleno de caramelo (29%) y leche malteada (34%)","Nombre del operador: Wrigley Co SLU","Dirección del operador: Via Augusta 2bis, 3º. Barcelona 08006","Cantidad Neta: 130 g"],"ingredients":[" Azúcar, jarabe de glucosa, manteca de cacao, leche entera en polvo, pasta de cacao, aceite de girasol, leche descremada en polvo, lactosa, suero en polvo (de leche), cacao magro en polvo (1,3%), grasa de leche, extracto de malta de cebada, emulgente (lecitina de soja), sal, clara de huevo en polvo, aceite de palma, proteína de la leche hidrolizada, extracto natural de vainilla.  Puede contener  trazas de frutos secos y cacahuete"],"conservation":" Mantener en lugar fresco y seco.","ean":"5000159441988"},{"full_name":"SNICKERS chocolatinas pack 4x50g 200 g","name":"chocolatinas pack 4x50g  200 g","brand":"SNICKERS ","img":"https://sgfm.elcorteingles.es/SGFM/dctm/MEDIA03/201705/05/00120648602926____1__600x600.jpg","price":"2,01 €","price_unit":"(11,55 € / Kilo)","categories":["Supermercado","Desayunos Dulces y pan","Desayunos, dulces y pan","Chocolates y bombones","Chocolatinas","SNICKERS chocolatinas pack 4x50g 200 g"],"general_information":["Denominación del alimento: Chocolate con leche relleno de una suave crema de cacahuete (16%) y caramelo (27%) con cacahuetes frescos tostados (22%)","Nombre del operador: Wrigley Co SLU","Dirección del operador: Via Augusta 2bis, 3º. Barcelona 08006","Cantidad Neta: 200,0 g"],"ingredients":[" Azúcar, cacahuete, jarabe de glucosa, manteca de cacao, leche descremada en polvo, pasta de cacao, aceite de girasol, lactosa, grasa de mantequilla (de la leche), polvo de suero (de la leche), grasa de palma, sal, emulgente (lecitina de soja), aceite de coco, clara de huevo en polvo, extracto natural de vainilla, proteina de leche hidrolizada. Podria contener frutos secos"],"conservation":" Mantener en lugar fresco y seco.","ean":"5000159384209"},{"full_name":"SNICKERS chocolatinas pack 6x50g 300 g","name":"chocolatinas pack 6x50g  300 g","brand":"SNICKERS ","img":"https://sgfm.elcorteingles.es/SGFM/01/09/2/0120648601092/0120648601092000g01011.jpg","price":"2,49 €","price_unit":"(8,30 € / Kilo)","categories":["Supermercado","Desayunos Dulces y pan","Desayunos, dulces y pan","Chocolates y bombones","Chocolatinas","SNICKERS chocolatinas pack 6x50g 300 g"],"general_information":["Denominación del alimento: Chocolate con leche relleno de una suave crema de cacahuete (12%) y caramelo (23%) con cacahuetes frescos tostados (20%)","Nombre del operador: Wrigley Co SLU","Dirección del operador: Via Augusta 2bis, 3º. Barcelona 08006","Cantidad Neta: 350 g"],"ingredients":[" Azúcar, cacahuete, jarabe de glucosa, manteca de cacao, leche descremada en polvo, pasta de cacao, aceite de girasol, lactosa, grasa de mantequilla (de la leche), polvo de suero (de la leche), grasa de palma, sal, emulgente (lecitina de soja), aceite de coco, clara de huevo en polvo, extracto natural de vainilla, proteina de leche hidrolizada.  Podria contener trazas de frutos secos"],"conservation":" Mantener en lugar fresco y seco.","ean":"5000159469951"},{"full_name":"SNICKERS minis 13 unidades bolsa 170 g","name":"minis 13 unidades bolsa 170 g","brand":"SNICKERS ","img":"https://sgfm.elcorteingles.es/SGFM/01/94/4/0120648601944/0120648601944000g01011.jpg","price":"1,96 €","price_unit":"(11,53 € / Kilo)","categories":["Supermercado","Desayunos Dulces y pan","Desayunos, dulces y pan","Chocolates y bombones","Chocolatinas","SNICKERS minis 13 unidades bolsa 170 g"],"general_information":["Denominación del alimento: Chocolate con leche relleno de una suave crema de cacahuete (12%) y caramelo (23%) con cacahuetes frescos tostados (20%)","Nombre del operador: Wrigley Co SLU","Dirección del operador: Via Augusta 2bis, 3º. Barcelona 08006","Cantidad Neta: 187 g"],"ingredients":[" Azúcar, cacahuete, jarabe de glucosa, manteca de cacao, leche descremada en polvo, pasta de cacao, aceite de girasol, lactosa, grasa de mantequilla (de la leche), polvo de suero (de la leche), grasa de palma, sal, emulgente (lecitina de soja), aceite de coco, clara de huevo en polvo, extracto natural de vainilla, proteina de leche hidrolizada.  Podria contener trazas de frutos secos"],"conservation":" Mantener en lugar fresco y seco.","ean":"5000159474634"},{"full_name":"SNICKERS miniaturas bolsa 100 g","name":"miniaturas bolsa 100 g","brand":"SNICKERS ","img":"https://sgfm.elcorteingles.es/SGFM/dctm/MEDIA02/CONTENIDOS/201509/10/00120648603015____1__600x600.jpg","price":"1,55 €","price_unit":"(11,92 € / Kilo)","categories":["Supermercado","Desayunos Dulces y pan","Desayunos, dulces y pan","Chocolates y bombones","Chocolatinas","SNICKERS miniaturas bolsa 100 g"],"general_information":["Denominación del alimento: Chocolate con leche relleno de una suave crema de cacahuete (12%) y caramelo (23%) con cacahuetes frescos tostados (20%)","Nombre del operador: Wrigley Co SLU","Dirección del operador: Via Augusta 2bis, 3º. Barcelona 08006","Cantidad Neta: 130 g"],"ingredients":[" Azúcar, cacahuete, jarabe de glucosa, manteca de cacao, leche descremada en polvo, pasta de cacao, aceite de girasol, lactosa, grasa de mantequilla (de la leche), polvo de suero (de la leche), grasa de palma, sal, emulgente (lecitina de soja), aceite de coco, clara de huevo en polvo, extracto natural de vainilla, proteina de leche hidrolizada.  Podria contener trazas de frutos secos"],"conservation":" Mantener en lugar fresco y seco.","ean":"5000159442060"},{"full_name":"SNICKERS chocolatina envase 50 g","name":"chocolatina envase 50 g","brand":"SNICKERS ","img":"https://sgfm.elcorteingles.es/SGFM/01/19/7/0200248601197/0200248601197000g01011.jpg","price":"0,97 €","price_unit":"(17,02 € / Kilo)","categories":["Supermercado","Desayunos Dulces y pan","Desayunos, dulces y pan","Chocolates y bombones","Chocolatinas","SNICKERS chocolatina envase 50 g"],"general_information":["Denominación del alimento: Chocolate con leche relleno de una suave crema de cacahuete (12%) y caramelo (23%) con cacahuetes frescos tostados (20%)","Nombre del operador: Wrigley Co SLU","Dirección del operador: Via Augusta 2bis, 3º. Barcelona 08006","Cantidad Neta: 50 g"],"ingredients":[" Azúcar, cacahuete, jarabe de glucosa, manteca de cacao, leche descremada en polvo, pasta de cacao, aceite de girasol, lactosa, grasa de mantequilla (de la leche), polvo de suero (de la leche), grasa de palma, sal, emulgente (lecitina de soja), aceite de coco, clara de huevo en polvo, extracto natural de vainilla, proteina de leche hidrolizada.  Podria contener trazas de frutos secos"],"conservation":" Mantener en lugar fresco y seco.","ean":"5000159461122"},{"full_name":"ALIADA cobertura de chocolate con leche especial repostería tableta 200 g","name":"cobertura de chocolate con leche especial repostería tableta 200 g","brand":"ALIADA ","img":"https://sgfm.elcorteingles.es/SGFM/dctm/MEDIA02/CONTENIDOS/201408/27/00120642901019____1__600x600.jpg","price":"1,13 €","price_unit":"(5,65 € / Kilo)","categories":["Supermercado","Desayunos Dulces y pan","Desayunos, dulces y pan","Chocolates y bombones","Chocolates a la taza / repostería","ALIADA cobertura de chocolate con leche especial repostería tableta 200 g"],"general_information":["Denominación del alimento: Cobertura de chocolate con leche. Cacao 30% mínimo.","Nombre del operador: Elaborado para el \nGrupo El Corte Inglés\nHermosilla, 112   28009 Madrid ? España \npor CIF: A03012655","Cantidad Neta: 200 g","Número de raciones por envase: 5"],"ingredients":[" Ingredientes: \nAzúcar, manteca de cacao, leche en polvo, pasta de cacao, lactosuero en polvo, mantequilla anhidra, emulgente: lecitina de soja, aroma (vainillina). Puede contener trazas de avellanas y almendras."],"conservation":" Evitar ambientes húmedos u olores fuertes. \nAlejar de focos de calor y exposición directa al sol. \nTemparatura ideal de conservación: 16 - 20 ºC.","ean":"8433329045124"},{"full_name":"ALIADA cobertura de chocolate negro especial repostería fácil de fundir tableta 200 g","name":"cobertura de chocolate negro especial repostería fácil de fundir tableta 200 g","brand":"ALIADA ","img":"https://sgfm.elcorteingles.es/SGFM/dctm/MEDIA02/CONTENIDOS/201408/27/00120645301118____1__600x600.jpg","price":"1,00 €","price_unit":"(5 € / Kilo)","categories":["Supermercado","Desayunos Dulces y pan","Desayunos, dulces y pan","Chocolates y bombones","Chocolates a la taza / repostería","ALIADA cobertura de chocolate negro especial repostería fácil de fundir tableta 200 g"],"general_information":["Denominación del alimento: Cobertura de chocolate. Cacao 52% mínimo.","Nombre del operador: Elaborado para el\nGrupo El Corte Inglés\nHermosilla, 112   28009 Madrid ? España \npor CIF: A03012655","Cantidad Neta: 200 g","Número de raciones por envase: 5"],"ingredients":[" Ingredientes: \nAzúcar, pasta de cacao, manteca de cacao, emulgente: lecitina de soja, aroma (extracto de vainilla). Puede contener trazas de leche, avellana y almendra."],"conservation":" Evitar ambientes húmedos u olores fuertes. \nAlejar de focos de calor y exposición directa al sol. \nTemparatura ideal de conservación: 16 - 20 ºC.","ean":"8433329045162"},{"full_name":"VALOR Valorcao chocolate a la taza negro intenso bolsa 400 g","name":"Valorcao chocolate a la taza negro intenso bolsa 400 g","brand":"VALOR ","img":"https://sgfm.elcorteingles.es/SGFM/dctm/MEDIA03/201611/04/00120646401099____1__600x600.jpg","price":"2,38 €","price_unit":"(5,95 € / Kilo)","categories":["Supermercado","Desayunos Dulces y pan","Desayunos, dulces y pan","Chocolates y bombones","Chocolates a la taza / repostería","VALOR Valorcao chocolate a la taza negro intenso bolsa 400 g"],"general_information":["Denominación del alimento: Preparado alimenticio al cacao para su consumo cocido","Nombre del operador: Chocolates Valor,S.A.","Dirección del operador: Av. Pianista Gonzalo Soriano, 13 - 03570 - Villajoyosa (Alicante)","Cantidad Neta: 400 g"],"ingredients":[" Azúcar, cacao desgrasado en polvo (30%), harina de trigo, emulgente: lecitina de soja, aromas. Puede contener trazas de leche."],"conservation":" Conservar en lugar fresco y seco, alejado de olores.","ean":"8410109106633"},{"full_name":"VALOR especial chocolate a la taza sin gluten tableta 300 g","name":"especial chocolate a la taza sin gluten tableta 300 g","brand":"VALOR ","img":"https://sgfm.elcorteingles.es/SGFM/dctm/MEDIA03/201602/18/00120645300177____1__600x600.jpg","price":"2,26 €","price_unit":"(7,53 € / Kilo)","categories":["Supermercado","Desayunos Dulces y pan","Desayunos, dulces y pan","Chocolates y bombones","Chocolates a la taza / repostería","VALOR especial chocolate a la taza sin gluten tableta 300 g"],"general_information":["Denominación del alimento: Chocolate familiar a la taza para su consumo cocido","Nombre del operador: Chocolates Valor,S.A.","Dirección del operador: Av. Pianista Gonzalo Soriano, 13 - 03570 - Villajoyosa (Alicante)","Cantidad Neta: 300 g","Otras menciones obligatorias en la etiqueta: Cacao: 38% mínimo"],"ingredients":[" Azúcar, pasta de cacao, harina de arroz, manteca de cacao, emulgente: lecitina de soja, aromas. Puede contener trazas de almendra, avellana y leche."],"conservation":" Conservar en lugar fresco y seco, alejado de olores.","ean":"8410109000108"},{"full_name":"VALOR chocolate puro postres 0% azúcares añadidos sin gluten tableta 200 g","name":"chocolate puro postres 0% azúcares añadidos sin gluten tableta 200 g","brand":"VALOR ","img":"https://sgfm.elcorteingles.es/SGFM/dctm/MEDIA03/201610/14/00120647400041____3__600x600.jpg","price":"2,65 €","price_unit":"(13,25 € / Kilo)","categories":["Supermercado","Desayunos Dulces y pan","Desayunos, dulces y pan","Chocolates y bombones","Chocolates a la taza / repostería","VALOR chocolate puro postres 0% azúcares añadidos sin gluten tableta 200 g"],"general_information":["Denominación del alimento: Cobertura de chocolate sin azúcares con edulcorante","Nombre del operador: Chocolates Valor,S.A.","Dirección del operador: Av. Pianista Gonzalo Soriano, 13 - 03570 - Villajoyosa (Alicante)","Cantidad Neta: 200 g","Otras menciones obligatorias en la etiqueta: Cacao: 52% mínimo. Un consumo excesivo puede tener efectos laxantes. Producto apto para diabéticos."],"ingredients":[" Edulcorante: maltitol, pasta de cacao, manteca de cacao, emulgente: lecitina de soja, aroma. Puede contener trazas de almendra, avellana y leche."],"conservation":" Conservar en lugar fresco y seco, alejado de olores.","ean":"8410109003833"},{"full_name":"VALOR Postres chocolate puro sin gluten tableta 200 g","name":"Postres chocolate puro sin gluten tableta 200 g","brand":"VALOR ","img":"https://sgfm.elcorteingles.es/SGFM/dctm/MEDIA03/201609/02/00120645301027____2__600x600.jpg","price":"1,71 €","price_unit":"(8,55 € / Kilo)","categories":["Supermercado","Desayunos Dulces y pan","Desayunos, dulces y pan","Chocolates y bombones","Chocolates a la taza / repostería","VALOR Postres chocolate puro sin gluten tableta 200 g"],"general_information":["Denominación del alimento: Cobertura de chocolate","Nombre del operador: Chocolates Valor,S.A.","Dirección del operador: Av. Pianista Gonzalo Soriano, 13 - 03570 - Villajoyosa (Alicante)","Cantidad Neta: 200 g","Otras menciones obligatorias en la etiqueta: Cacao: 52% mínimo"],"ingredients":[" Azúcar, Pasta de cacao, Manteca de cacao, Emulgente: lecitina de soja, Aroma natural de vainilla. Puede contener trazas de leche, almendra y avellana."],"conservation":" Conservar en lugar fresco y seco, alejado de olores.","ean":"8410109003253"},{"full_name":"VALOR Postres chocolate negro 70% sin gluten tableta 200 g","name":"Postres chocolate negro 70% sin gluten tableta 200 g","brand":"VALOR ","img":"https://sgfm.elcorteingles.es/SGFM/dctm/MEDIA03/201609/02/00120645301019____2__600x600.jpg","price":"2,05 €","price_unit":"(10,25 € / Kilo)","categories":["Supermercado","Desayunos Dulces y pan","Desayunos, dulces y pan","Chocolates y bombones","Chocolates a la taza / repostería","VALOR Postres chocolate negro 70% sin gluten tableta 200 g"],"general_information":["Denominación del alimento: Cobertura de chocolate","Nombre del operador: Chocolates Valor,S.A.","Dirección del operador: Av. Pianista Gonzalo Soriano, 13 - 03570 - Villajoyosa (Alicante)","Cantidad Neta: 200 g","Otras menciones obligatorias en la etiqueta: Cacao: 70 % mínimo"],"ingredients":[" Pasta de cacao, Azúcar, Manteca de cacao, Cacao desgrasado en polvo, Emulgente: lecitina de soja, Aroma natural de vainilla. Puede contener trazas de leche, almendra y avellana."],"conservation":" Conservar en lugar fresco y seco, alejado de olores.","ean":"8410109003260"},{"full_name":"LINDT POSTRES chocolate negro 70% cacao fácil de fundir tableta 180 g","name":"chocolate negro 70% cacao fácil de fundir tableta 180 g","brand":"LINDT POSTRES ","img":"https://sgfm.elcorteingles.es/SGFM/dctm/MEDIA03/201602/24/00120643200494____1__600x600.jpg","price":"2,94 €","price_unit":"(16,33 € / Kilo)","categories":["Supermercado","Desayunos Dulces y pan","Desayunos, dulces y pan","Chocolates y bombones","Chocolates a la taza / repostería","LINDT POSTRES chocolate negro 70% cacao fácil de fundir tableta 180 g"],"general_information":[],"ingredients":[],"ean":"3046920026826"},{"full_name":"LINDT chocolate a la taza tableta 180 g","name":"chocolate a la taza tableta 180 g","brand":"LINDT ","img":"https://sgfm.elcorteingles.es/SGFM/dctm/MEDIA03/201602/24/00120645301357____1__600x600.jpg","price":"2,97 €","price_unit":"(16,50 € / Kilo)","categories":["Supermercado","Desayunos Dulces y pan","Desayunos, dulces y pan","Chocolates y bombones","Chocolates a la taza / repostería","LINDT chocolate a la taza tableta 180 g"],"general_information":["Denominación del alimento: Chocolate","País de origen: Francia","Nombre del operador: Lindt & Sprüngli","Dirección del operador: C/ Marina 16-18 Torre Mapfre, P39. 08005 (Barcelona)","Cantidad Neta: 180 g"],"ingredients":[" Ingredientes: Azúcar, pasta de cacao, manteca de cacao, emulgente (lecitina de soja), aroma natural de vainilla. Puede contener leche y frutos de cáscara. Cacao 51% mínimo."],"conservation":" Conservar en lugar fresco y seco","ean":"3046920028110"},{"full_name":"SABU chocolate a la taza tableta 400 g","name":"chocolate a la taza tableta 400 g","brand":"SABU ","img":"https://sgfm.elcorteingles.es/SGFM/dctm/MEDIA02/CONTENIDOS/201509/24/00120643200346____2__600x600.jpg","price":"3,21 €","price_unit":"(8,02 € / Kilo)","categories":["Supermercado","Desayunos Dulces y pan","Desayunos, dulces y pan","Chocolates y bombones","Chocolates a la taza / repostería","SABU chocolate a la taza tableta 400 g"],"general_information":["Denominación del alimento: Chocolate a la taza","Nombre del operador: Europraline SL.","Dirección del operador: Autovía A-62, Km90 - 34208 San Isidro de Dueñas (Palencia)","Cantidad Neta: 400 g","Otras menciones obligatorias en la etiqueta: Sin gluten."],"ingredients":[" Azúcar, pasta de cacao, harina de arroz, manteca de cacao, cacao desgrasado enpolvo, emulgente(lecitina de soja no trasgénica) y aromas. Contenido de cacao: mínimo 37%. Puede contener trazas de cacahuete, frutos de cáscara y leche."],"conservation":" Conservar en lugar fresco, seco, alejado de olores y protegido de la luz solar. Temperatura ideal de conservación: 12-16°C.","ean":"8411191001110"},{"full_name":"VALOR chocolate líquido a la taza listo para tomar sabor original envase 1 l","name":"chocolate líquido a la taza listo para tomar sabor original envase 1 l","brand":"VALOR ","img":"https://sgfm.elcorteingles.es/SGFM/dctm/MEDIA03/201702/13/00120912600226____1__600x600.jpg","price":"2,41 €","price_unit":"(2,41 € / Litro)","categories":["Supermercado","Desayunos Dulces y pan","Desayunos, dulces y pan","Chocolates y bombones","Chocolates a la taza / repostería","VALOR chocolate líquido a la taza listo para tomar sabor original envase 1 l"],"general_information":["Denominación del alimento: Preparado lácteo con chocolate. UHT","Nombre del operador: Chocolates Valor,S.A.","Dirección del operador: Av. Pianista Gonzalo Soriano, 13 - 03570 - Villajoyosa (Alicante)","Cantidad Neta: 1 Litros"],"ingredients":[" leche desnatada reconstituida, agua, azúcar, cacao desgrasado en polvo (5%), almidón modificado, estabilizador: E-415, emulgente: lecitina de soja, sal, aromas."],"conservation":" Conservar en lugar fresco y seco, alejado de olores. Una vez abierto conservar en frigorífico y consumir antes de 5 días.","ean":"8410109101911"},{"full_name":"VISO chocolate sin leche a la taza tableta 500 g","name":"chocolate sin leche a la taza tableta 500 g","brand":"VISO ","img":"https://sgfm.elcorteingles.es/SGFM/dctm/MEDIA02/CONTENIDOS/201509/24/00120643200353____2__600x600.jpg","price":"3,32 €","price_unit":"(6,64 € / Kilo)","categories":["Supermercado","Desayunos Dulces y pan","Desayunos, dulces y pan","Chocolates y bombones","Chocolates a la taza / repostería","VISO chocolate sin leche a la taza tableta 500 g"],"general_information":["Denominación del alimento: Chocolate sin leche a la taza","Nombre del operador: Europraline SL.","Dirección del operador: Autovía A-62, Km90 - 34208 San Isidro de Dueñas (Palencia)","Cantidad Neta: 500 g","Otras menciones obligatorias en la etiqueta: Sin gluten."],"ingredients":[" Azúcar, pasta de cacao, harina de arroz, manteca de cacao, cacao desgrasado en polvo, emulgente (lecitina de soja no transgénica), aromas. Contenido de cacao: 37%. Puede contener trazas de frutos de cáscara y leche."],"conservation":" Conservar en lugar fresco, seco, alejado de olores y protegido de la luz solar. Temperatura ideal de conservación: 12-16°C.","ean":"8411191081105"},{"full_name":"RAM chocolate a la taza envase 1 l","name":"chocolate a la taza envase 1 l","brand":"RAM ","img":"https://sgfm.elcorteingles.es/SGFM/dctm/MEDIA02/CONTENIDOS/201601/25/00120912600101____1__600x600.jpg","price":"1,85 €            ","price_unit":"(1,69 € / Litro)","categories":["Supermercado","Desayunos Dulces y pan","Desayunos, dulces y pan","Chocolates y bombones","Chocolates a la taza / repostería","RAM chocolate a la taza envase 1 l"],"general_information":["Denominación del alimento: Producto lácteo con chocolate. UHT","Nombre del operador: Lactalis Puleva, S.L.","Dirección del operador: Camino de Purchil, 66 - 18004 Granada","Cantidad Neta: 1 Litros","Número de raciones por envase: 1"],"ingredients":[" Leche semidesnatada, azúcar, almidón de maíz, cacao (mínimo 2,6%), estabilizantes (E-407 y E-466) y aroma de vainilla."],"conservation":" Una vez abierto el envase, conservar en el frigorífico, siendo aconsejable su consumo en los 2-3 días siguientes.","ean":"8410132106167"},{"full_name":"RAM Chocolatíssimo a la taza envase 190 ml","name":"Chocolatíssimo a la taza envase 190 ml","brand":"RAM ","img":"https://sgfm.elcorteingles.es/SGFM/dctm/MEDIA03/201712/20/00120911801692____1__600x600.jpg","price":"1,19 €","price_unit":"(6,26 € / Litro)","categories":["Supermercado","Desayunos Dulces y pan","Desayunos, dulces y pan","Chocolates y bombones","Chocolates a la taza / repostería","RAM Chocolatíssimo a la taza envase 190 ml"],"general_information":["Denominación del alimento: Producto lácteo con chocolate. UHT","Nombre del operador: Lactalis Puleva, S.L.","Dirección del operador: Camino de Purchil, 66 - 18004 Granada","Cantidad Neta: 190 Mililitros","Número de raciones por envase: 1"],"ingredients":[" Leche desnatada, azúcar, nata, almidón de maíz, cacao (mín. 2,60%), estabilizantes (E-407, E-460 y E-466) y aroma de vainilla."],"conservation":" Una vez abierto el envase, debe conservarse en frío, siendo aconsejable su consumo en los 2-3 días siguientes.","ean":"8410132020449"},{"full_name":"PEDRO MAYO chocolate para fundir cobertura Repostería tableta 200 g","name":"chocolate para fundir cobertura Repostería tableta 200 g","brand":"PEDRO MAYO ","price":"2,40 €","price_unit":"(12 € / Kilo)","categories":["Supermercado","Desayunos Dulces y pan","Desayunos, dulces y pan","Chocolates y bombones","Chocolates a la taza / repostería","PEDRO MAYO chocolate para fundir cobertura Repostería tableta 200 g"],"general_information":[],"ingredients":[],"ean":"8426175094057"},{"full_name":"SANTOCILDES chocolate familiar a la taza tableta 300 g","name":"chocolate familiar a la taza tableta 300 g","brand":"SANTOCILDES ","img":"https://sgfm.elcorteingles.es/SGFM/dctm/MEDIA03/201707/08/00200243200268____1__600x600.jpg","price":"2,57 €","price_unit":"(8,57 € / Kilo)","categories":["Supermercado","Desayunos Dulces y pan","Desayunos, dulces y pan","Chocolates y bombones","Chocolates a la taza / repostería","SANTOCILDES chocolate familiar a la taza tableta 300 g"],"general_information":[],"ingredients":[],"ean":"8426560000014"},{"full_name":"NESTLE POSTRES chocolate para fundir pack 2 tabletas 250 g","name":"chocolate para fundir pack 2 tabletas 250 g","brand":"NESTLE POSTRES ","img":"https://sgfm.elcorteingles.es/SGFM//00/41/1/0120643200411/0120643200411000g01011.jpg","price":"4,08 €","price_unit":"(8,16 € / Kilo)","categories":["Supermercado","Desayunos Dulces y pan","Desayunos, dulces y pan","Chocolates y bombones","Chocolates a la taza / repostería","NESTLE POSTRES chocolate para fundir pack 2 tabletas 250 g"],"general_information":["Denominación del alimento: Chocolate extrafino fondant // Leche condensada. Materia grasa 8.5%. Extracto seco magro lácteo 20%","Nombre del operador: NESTLÉ ESPAÑA, S.A","Dirección del operador: Av. Països Catalans, 25-52, 08950 Esplugues de Llobregat (Barcelona)","Cantidad Neta: 670 g","Número de raciones por envase: 28","Otras menciones obligatorias en la etiqueta: Leche condensada: Envasado en atmósfera protectora."],"ingredients":[" CHOCOLATE EXTRAFINO FONDANT: Azúcar, cacao, manteca de cacao, emulgente (lecitina de girasol), aroma natural de vainilla. Puede contener trazas de frutos secos y leche. Cacao 52% mínimo.LECHE CONDENSADA. Materia grasa 8.5%. Extracto seco magro lácteo 20%: Leche, azúcar."],"conservation":" Chocolate extrafino fondant: conservar en lugar fresco y seco // Leche condensada: Una vez abierto conservar tapado en el frigorífico y consumir antes de 7 días.","ean":"7613033137518"},{"full_name":"NESTLE POSTRES chocolate negro para repostería fácil de fundir sin gluten tableta 250 g","name":"chocolate negro para repostería fácil de fundir sin gluten tableta 250 g","brand":"NESTLE POSTRES ","img":"https://sgfm.elcorteingles.es/SGFM/dctm/MEDIA03/201609/02/00120643200296____1__600x600.jpg","price":"1,89 €","price_unit":"(7,56 € / Kilo)","categories":["Supermercado","Desayunos Dulces y pan","Desayunos, dulces y pan","Chocolates y bombones","Chocolates a la taza / repostería","NESTLE POSTRES chocolate negro para repostería fácil de fundir sin gluten tableta 250 g"],"general_information":["Denominación del alimento: Chocolate extrafino fondant","Nombre del operador: Nestlé España, S.A.","Dirección del operador: Avinguda Països Catalans, 51 - 08950 Esplugues de Llobregat (Barcelona)","Cantidad Neta: 250 g"],"ingredients":[" Azúcar, cacao, manteca de cacao, emulgente (lecitina de girasol), aroma natural de vainilla. Puede contener trazas de frutos secos y leche. Cacao 52% mínimo."],"conservation":" Conservar en lugar  fresco y seco","ean":"8410100034140"},{"full_name":"NESTLE POSTRES chocolate blanco para repostería fácil de fundir tableta 180 g","name":"chocolate blanco para repostería fácil de fundir tableta 180 g","brand":"NESTLE POSTRES ","img":"https://sgfm.elcorteingles.es/SGFM/dctm/MEDIA03/201603/04/00120643200197____2__600x600.jpg","price":"1,89 €","price_unit":"(10,50 € / Kilo)","categories":["Supermercado","Desayunos Dulces y pan","Desayunos, dulces y pan","Chocolates y bombones","Chocolates a la taza / repostería","NESTLE POSTRES chocolate blanco para repostería fácil de fundir tableta 180 g"],"general_information":["Denominación del alimento: CHOCOLATE BLANCO","Nombre del operador: Nestlé España, S.A.","Dirección del operador: Edificio Nestlé 08950 Esplugues de Llobregat (Barcelona)","Cantidad Neta: 180 g"],"ingredients":[" Ingredientes: azúcar, leche en polvo, manteca de cacao, emulgente (lecitina de girasol) extracto natural de vainilla. Puede contener cacahuete, frutos secos y soja"],"conservation":" Conservar en lugar fresco y seco","ean":"8593893734975"},{"full_name":"NESTLE POSTRES chocolate con leche para repostería fácil de fundir sin gluten tableta 170 g","name":"chocolate con leche para repostería fácil de fundir sin gluten tableta 170 g","brand":"NESTLE POSTRES ","img":"https://sgfm.elcorteingles.es/SGFM/dctm/MEDIA03/201609/02/00120643200205____1__600x600.jpg","price":"1,77 €","price_unit":"(10,41 € / Kilo)","categories":["Supermercado","Desayunos Dulces y pan","Desayunos, dulces y pan","Chocolates y bombones","Chocolates a la taza / repostería","NESTLE POSTRES chocolate con leche para repostería fácil de fundir sin gluten tableta 170 g"],"general_information":["Denominación del alimento: Chocolate con leche fondant","Nombre del operador: Nestlé España, S.A.","Dirección del operador: Avinguda Països Catalans, 51 - 08950 Esplugues de Llobregat (Barcelona)","Cantidad Neta: 170 g"],"ingredients":[" Azúcar, cacao, manteca de cacao, leche en polvo, lactosa, emulgente (lecitina de girasol), extracto de vainilla. Cacao 40% mínimo. Puede contener trazas de frutos secos."],"conservation":" Conservar en lugar fresco y seco.","ean":"7613034650443"},{"full_name":"NESTLE POSTRES chocolate negro 70% para repostería fácil de fundir tableta 170 g","name":"chocolate negro 70% para repostería fácil de fundir tableta 170 g","brand":"NESTLE POSTRES ","img":"https://sgfm.elcorteingles.es/SGFM/dctm/MEDIA03/201710/25/00120645301704____1__600x600.jpg","price":"1,99 €","price_unit":"(11,71 € / Kilo)","categories":["Supermercado","Desayunos Dulces y pan","Desayunos, dulces y pan","Chocolates y bombones","Chocolates a la taza / repostería","NESTLE POSTRES chocolate negro 70% para repostería fácil de fundir tableta 170 g"],"general_information":["Denominación del alimento: Chocolate negro","Nombre del operador: Nestlé España, S.A.","Dirección del operador: Nestlé España S. A. Edificio Nestlé 08950 Esplugues de Llobregat (Barcelona)","Cantidad Neta: 170 g"],"ingredients":[" Cacao, azúcar, manteca de cacao, grasa láctea, aroma natural de vainilla. Puede contener frutos secos. Cacao: 70% mínimo"],"conservation":" Conservar en lugar limpio, fresco y seco","ean":"7613036142182"},{"full_name":"LA CIBELES chocolate a la taza tableta 300 g","name":"chocolate a la taza tableta 300 g","brand":"LA CIBELES ","img":"https://sgfm.elcorteingles.es/SGFM/dctm/MEDIA03/201609/02/00200245300280____1__600x600.jpg","price":"2,50 €","price_unit":"(8,33 € / Kilo)","categories":["Supermercado","Desayunos Dulces y pan","Desayunos, dulces y pan","Chocolates y bombones","Chocolates a la taza / repostería","LA CIBELES chocolate a la taza tableta 300 g"],"general_information":["Denominación del alimento: CHOCOLATE A LA TAZA (PARA SU CONSUMO COCIDO)","Nombre del operador: Lacasa España S.A.U.","Dirección del operador: Autovía de Logroño km.14 (50180 Utebo, Zaragoza).","Cantidad Neta: 300 g"],"ingredients":[" Azúcar, pasta de cacao, harina de arroz, manteca de cacao, emulgentes(lecitina de soja y E-476) y aroma.Cacao 43% mínimo.Puede contener trazas de leche y derivados (incluida la lactosa), cacahuetes y frutos de cáscara."],"conservation":" Conservar en un lugar fresco y seco.","ean":"8410116011074"},{"full_name":"LACASA chocolate a la taza tableta 300 g","name":"chocolate a la taza tableta 300 g","brand":"LACASA ","img":"https://sgfm.elcorteingles.es/SGFM//00/42/9/0120643200429/0120643200429000g01011.jpg","price":"2,11 €","price_unit":"(7,03 € / Kilo)","categories":["Supermercado","Desayunos Dulces y pan","Desayunos, dulces y pan","Chocolates y bombones","Chocolates a la taza / repostería","LACASA chocolate a la taza tableta 300 g"],"general_information":["Denominación del alimento: Chocolate a la taza.","Nombre del operador: La Casa España S.A.U.","Dirección del operador: Autovía de Logroño km. 14 (50180 Utebo, Zaragoza).","Cantidad Neta: 300 g"],"ingredients":[" Azúcar, pasta de cacao, harina de arroz, manteca de cacao, emulgentes (lecitina de soja, E-476), aroma. Puede contener trazas de leche y derivados (incluida la lactosa), cacahuetes y otros frutos secos."],"conservation":" Conservar en un lugar fresco y seco.","ean":"8410740015141"},{"full_name":"EXPRESS familiar chocolate a la taza tableta 500 g","name":"familiar chocolate a la taza tableta 500 g","brand":"EXPRESS ","img":"https://sgfm.elcorteingles.es/SGFM//00/31/2/0120643200312/0120643200312000g01011.jpg","price":"3,43 €","price_unit":"(6,86 € / Kilo)","categories":["Supermercado","Desayunos Dulces y pan","Desayunos, dulces y pan","Chocolates y bombones","Chocolates a la taza / repostería","EXPRESS familiar chocolate a la taza tableta 500 g"],"general_information":["Denominación del alimento: Chocolate","Nombre del operador: Chocolate Express, S.L.","Dirección del operador: Pol. Pocomaco Parcela B-1-B - A Coruña - España","Cantidad Neta: 500,0 g"],"ingredients":[" azúcar, pasta de cacao, harina de arroz, lecitina de soja (E-322)."],"conservation":" Conservese en lugar fresco y seco.","ean":"8414119034504"},{"full_name":"EXPRESS familiar chocolate a la taza tableta 350 g","name":"familiar chocolate a la taza tableta 350 g","brand":"EXPRESS ","img":"https://sgfm.elcorteingles.es/SGFM//00/40/3/0120643200403/0120643200403000g01011.jpg","price":"2,72 €","price_unit":"(7,77 € / Kilo)","categories":["Supermercado","Desayunos Dulces y pan","Desayunos, dulces y pan","Chocolates y bombones","Chocolates a la taza / repostería","EXPRESS familiar chocolate a la taza tableta 350 g"],"general_information":["Denominación del alimento: Chocolate","Nombre del operador: Chocolate Express, S.L.","Dirección del operador: Pol. Pocomaco Parcela B-1-B - A Coruña - España","Cantidad Neta: 350,0 g"],"ingredients":[" azúcar, pasta de cacao, harina de arroz, lecitina de soja (E-322)."],"conservation":" Conservese en lugar fresco y seco.","ean":"8414119038359"},{"full_name":"RENY PICOT chocolate a la taza envase 1 l","name":"chocolate a la taza envase 1 l","brand":"RENY PICOT ","img":"https://sgfm.elcorteingles.es/SGFM/00/11/9/0120912600119/0120912600119000g01011.jpg","price":"2,18 €","price_unit":"(2,18 € / Litro)","categories":["Supermercado","Desayunos Dulces y pan","Desayunos, dulces y pan","Chocolates y bombones","Chocolates a la taza / repostería","RENY PICOT chocolate a la taza envase 1 l"],"general_information":["Denominación del alimento: Producto Lácteo con chocolate, UHT","Nombre del operador: Industrias Lácteas Asturianas, S.A.","Dirección del operador: Anleo, s/n - 33719 Navia (Asturias)","Cantidad Neta: 1 Litros"],"ingredients":[" Leche entera, azúcar, jarabe de glucosa-fructosa, cacao (4%), almidón modificado de tapioca, extracto de cacao, estabilizantes (E 407, E331iii) y aroma de vainilla"],"conservation":" El chocolate a la taza Reny Picot se conserva a temperatura ambiente. Una vez abierto el envase, consérvese en el frgorífico hasta un máximo de 4 días","ean":"8410379940012"},{"full_name":"TORRAS cobertura fondant de chocolate tableta 300 g","name":"cobertura fondant de chocolate tableta 300 g","brand":"TORRAS ","img":"https://sgfm.elcorteingles.es/SGFM/dctm/MEDIA03/201607/27/00120643200270____1__600x600.jpg","price":"2,77 €","price_unit":"(9,23 € / Kilo)","categories":["Supermercado","Desayunos Dulces y pan","Desayunos, dulces y pan","Chocolates y bombones","Chocolates a la taza / repostería","TORRAS cobertura fondant de chocolate tableta 300 g"],"general_information":["Denominación del alimento: Chocolate negro 70% cacao","Nombre del operador: Chocolates Torras","Dirección del operador: Carretera de Girona - Banyoles km. 15 17844 Cornellà de Terri","Cantidad Neta: 300 g"],"ingredients":[" Cacao en pasta, azúcar, manteca de cacao, emulgente (lecitina de soja) y\naroma natural de vainilla."],"conservation":" Conservar en un lugar fresco y seco, alejado de los olores.","ean":"8410342000880"},{"full_name":"CHAPARRO chocolate sin leche a la taza tableta 500 g","name":"chocolate sin leche a la taza tableta 500 g","brand":"CHAPARRO ","img":"https://sgfm.elcorteingles.es/SGFM//00/33/8/0120643200338/0120643200338000g01011.jpg","price":"4,87 €","price_unit":"(9,74 € / Kilo)","categories":["Supermercado","Desayunos Dulces y pan","Desayunos, dulces y pan","Chocolates y bombones","Chocolates a la taza / repostería","CHAPARRO chocolate sin leche a la taza tableta 500 g"],"general_information":["Denominación del alimento: Chocolate a la taza","Nombre del operador: Chocolates Chaparro, S.L","Dirección del operador: Quintela, 23 - 32080 Ourense","Cantidad Neta: 500 g"],"ingredients":[" Azúcar (sacarosa), cacao, harina de trigo, emulgente (lecitina de soja) E-322. El porcentaje de cacao que contiene es de un 40%.Contiene soja y gluten."],"ean":"8413228002053"},{"full_name":"CHAPARRO chocolate sin leche a la taza tableta 350 g","name":"chocolate sin leche a la taza tableta 350 g","brand":"CHAPARRO ","img":"https://sgfm.elcorteingles.es/SGFM//00/32/0/0120643200320/0120643200320000g01011.jpg","price":"3,54 €","price_unit":"(10,11 € / Kilo)","categories":["Supermercado","Desayunos Dulces y pan","Desayunos, dulces y pan","Chocolates y bombones","Chocolates a la taza / repostería","CHAPARRO chocolate sin leche a la taza tableta 350 g"],"general_information":["Denominación del alimento: Chocolate a la taza","Nombre del operador: Chocolates Chaparro, S.L","Dirección del operador: Quintela, 23 - 32080 Ourense","Cantidad Neta: 350 g"],"ingredients":[" Azúcar (sacarosa), cacao, harina de trigo, emulgente (lecitina de soja) E-322. El porcentaje de cacao que contiene es de un 40%.Contiene soja y gluten."],"ean":"8413228002022"},{"full_name":"VICENS chocolate a la piedra Jolonch a la taza con un 60% de cacao tableta 300 g","name":"chocolate a la piedra Jolonch a la taza con un 60% de cacao tableta 300 g","brand":"VICENS ","img":"https://sgfm.elcorteingles.es/SGFM/dctm/MEDIA03/201609/27/00120645301456____1__600x600.jpg","price":"5,07 €","price_unit":"(16,90 € / Kilo)","categories":["Supermercado","Desayunos Dulces y pan","Desayunos, dulces y pan","Chocolates y bombones","Chocolates a la taza / repostería","VICENS chocolate a la piedra Jolonch a la taza con un 60% de cacao tableta 300 g"],"general_information":[],"ingredients":[],"ean":"8410495951244"},{"full_name":"LA HERMINIA chocolate a la taza tableta 300 g","name":"chocolate a la taza tableta 300 g","brand":"LA HERMINIA ","img":"https://sgfm.elcorteingles.es/SGFM//00/29/2/0200243200292/0200243200292000g01011.jpg","price":"3,50 €","price_unit":"(11,67 € / Kilo)","categories":["Supermercado","Desayunos Dulces y pan","Desayunos, dulces y pan","Chocolates y bombones","Chocolates a la taza / repostería","LA HERMINIA chocolate a la taza tableta 300 g"],"general_information":["Denominación del alimento: Chocolate a la taza","Nombre del operador: Europraline SL.","Dirección del operador: Autovía A-62, Km90 - 34208 San Isidro de Dueñas (Palencia)","Cantidad Neta: 300 g","Otras menciones obligatorias en la etiqueta: Sin gluten."],"ingredients":[" Azúcar, pasta de cacao, harina de arroz, manteca de cacao, cacao desgrasado en polvo, emulgente (lecitina de soja no transgénica) y aromas. Contenido de cacao: 37% mínimo. Puede contener trazas de cacahuete, frutos de cáscara y leche."],"conservation":" Conservar en lugar fresco, seco, alejado de olores y protegido de la luz solar. Temperatura ideal de conservación: 12-16°C.","ean":"8411596130019"},{"full_name":"PEDRO MAYO chocolate familiar a la taza tableta 200 g","name":"chocolate familiar a la taza tableta 200 g","brand":"PEDRO MAYO ","img":"https://sgfm.elcorteingles.es/SGFM/dctm/MEDIA03/201711/30/00120643200361____1__600x600.jpg","price":"1,71 €","price_unit":"(8,55 € / Kilo)","categories":["Supermercado","Desayunos Dulces y pan","Desayunos, dulces y pan","Chocolates y bombones","Chocolates a la taza / repostería","PEDRO MAYO chocolate familiar a la taza tableta 200 g"],"general_information":[],"ingredients":[],"ean":"8426175094033"},{"full_name":"ALTERNATIVA 3 chocolate ecológico a la taza estuche 500 g","name":"chocolate ecológico a la taza estuche 500 g","brand":"ALTERNATIVA 3 ","img":"https://sgfm.elcorteingles.es/SGFM/00/02/1/0120646600021/0120646600021000g01011.jpg","price":"3,99 €","price_unit":"(7,98 € / Kilo)","categories":["Supermercado","Desayunos Dulces y pan","Desayunos, dulces y pan","Chocolates y bombones","Chocolates a la taza / repostería","ALTERNATIVA 3 chocolate ecológico a la taza estuche 500 g"],"general_information":["Denominación del alimento: Chocolate a la taza","País de origen: República Dominicana","Nombre del operador: Alternativa 3, S.C.C.L.","Dirección del operador: Ctra. Castellar, 526, 08227 Terrassa, Barcelona","Cantidad Neta: 350 g","Otras menciones obligatorias en la etiqueta: Sin alérgenos. Comercio justo. Cacao de Rep. Dominicana y azúcar de Paraguay."],"ingredients":[" Azúcar de caña, cacao en polvo, almidón de maíz."],"conservation":" Conservar en lugar fresco y seco","ean":"8435030572135"},{"full_name":"GUYLIAN fondue de chocolate belga estuche 150 g","name":"fondue de chocolate belga estuche 150 g","brand":"GUYLIAN ","img":"https://sgfm.elcorteingles.es/SGFM/dctm/MEDIA03/201709/25/00120643200510____6__600x600.jpg","price":"2,50 €","price_unit":"(16,67 € / Kilo)","categories":["Supermercado","Desayunos Dulces y pan","Desayunos, dulces y pan","Chocolates y bombones","Chocolates a la taza / repostería","GUYLIAN fondue de chocolate belga estuche 150 g"],"general_information":[],"ingredients":[],"ean":"5410976100003"},{"full_name":"LINDT SENSATION FRUIT perlas de chocolate negro con corazón de frambuesas y arándano rojo bolsa 150 g","name":"perlas de chocolate negro con corazón de frambuesas y arándano rojo bolsa 150 g","brand":"LINDT SENSATION FRUIT ","img":"https://sgfm.elcorteingles.es/SGFM/dctm/MEDIA03/201609/23/00120648603395____1__600x600.jpg","price":"3,92 €","price_unit":"(26,13 € / Kilo)","categories":["Supermercado","Desayunos Dulces y pan","Desayunos, dulces y pan","Chocolates y bombones","Grageas de chocolate","LINDT SENSATION FRUIT perlas de chocolate negro con corazón de frambuesas y arándano rojo bolsa 150 g"],"general_information":["Denominación del alimento: Chocolate","País de origen: Italia","Nombre del operador: Lindt & Sprüngli","Dirección del operador: C/ Marina 16-18 Torre Mapfre, P39. 08005 (Barcelona)","Cantidad Neta: 150 g"],"ingredients":[" Fino chocolate negro con un relleno (34%).Ingredientes: preparado de frutas (34%) (puré de manzana concentrado, jarabe de glucosa y fructosa,jarabe de glucosa, puré de frambuesa (8%), azúcar ,puré de arándano agrio (5%), fibras de cítricos,aceite vegetal de girasol, gelificante (pectinas),acidulante (ácido cítrico, ácido málico), aromasnaturales, azúcar, pasta de cacao, manteca decacao, grasa láctea anhidra, agente de recubrimiento(goma arábiga, goma laca), emulgente (lecitina de soja) y aroma.Puede contener frutos de cáscara ytrigo.Fracción de chocolate negro contiene cacao: 44 %"],"conservation":" Conservar en lugar fresco y seco","ean":"3046920045315"},{"full_name":"LINDT SENSATION FRUIT perlas de chocolate negro con corazón de arándano y açai bolsa 150 g","name":"perlas de chocolate negro con corazón de arándano y açai bolsa 150 g","brand":"LINDT SENSATION FRUIT ","img":"https://sgfm.elcorteingles.es/SGFM/dctm/MEDIA03/201609/23/00120648603403____1__600x600.jpg","price":"3,92 €","price_unit":"(26,13 € / Kilo)","categories":["Supermercado","Desayunos Dulces y pan","Desayunos, dulces y pan","Chocolates y bombones","Grageas de chocolate","LINDT SENSATION FRUIT perlas de chocolate negro con corazón de arándano y açai bolsa 150 g"],"general_information":["Denominación del alimento: Chocolate","País de origen: Italia","Nombre del operador: Lindt & Sprüngli","Dirección del operador: C/ Marina 16-18 Torre Mapfre, P39. 08005 (Barcelona)","Cantidad Neta: 150 g"],"ingredients":[" Fino chocolate negro con un relleno (34%). Ingredientes: preparado de frutas (34%) (azúcar, zumo de manzana concentrado, jarabe de glucosa, puré de manzana concentrado, harina de arroz (4,5%), puré de arándano(4,5%), zumo de arándano concentrado (2%),zumo de acai concentrado (2%), manteca de cacao,zumo de baya de saúco concentrado, gelificante(pectinas), aroma natural, zumo de limón.Puede contener frutos de cáscara y trigo.Fracción de chocolate negro contiene cacao: 44 %.concentrado), azúcar , pasta de cacao, manteca decacao,grasa láctea anhidra, agente de recubrimiento(goma arábiga, goma laca), emulgente (lecitina desoja), aroma natural de arándano, aroma."],"conservation":" Conservar en lugar fresco y seco","ean":"3046920045308"},{"full_name":"CONGUITOS Original cacahuetes recubiertos de chocolate con leche pack ahorro bolsa 350 g","name":"Original cacahuetes recubiertos de chocolate con leche pack ahorro bolsa 350 g","brand":"CONGUITOS ","img":"https://sgfm.elcorteingles.es/SGFM/dctm/MEDIA02/CONTENIDOS/201512/14/00120648602280____1__600x600.jpg","price":"2,86 €","price_unit":"(8,17 € / Kilo)","categories":["Supermercado","Desayunos Dulces y pan","Desayunos, dulces y pan","Chocolates y bombones","Grageas de chocolate","CONGUITOS Original cacahuetes recubiertos de chocolate con leche pack ahorro bolsa 350 g"],"general_information":["Denominación del alimento: CACAHUETE RECUBIERTO DE CHOCOLATE","Nombre del operador: Lacasa España S.A.U.","Dirección del operador: Autovía de Logroño km.14 (50180 Utebo, Zaragoza).","Cantidad Neta: 350 g"],"ingredients":[" Cacahuete(38%), azúcar, pasta de cacao, manteca de cacao, jarabe de glucosa, lactosa, agentes de recubrimiento (E-414, almidón, E-904), emulgente (lecitina de soja), colorante (E-171) y aroma.Cacao 43% mínimo en chocolate.Puede contener trazas de  frutos de cáscara y de otros lácteos."],"conservation":" Conservar en un lugar fresco y seco.","ean":"8410740007917"},{"full_name":"CONGUITOS Original cacahuetes recubiertos de chocolate con leche bolsa 220 g","name":"Original cacahuetes recubiertos de chocolate con leche bolsa 220 g","brand":"CONGUITOS ","img":"https://sgfm.elcorteingles.es/SGFM/dctm/MEDIA03/201611/29/00120648603510____1__600x600.jpg","price":"2,34 €","price_unit":"(10,64 € / Kilo)","categories":["Supermercado","Desayunos Dulces y pan","Desayunos, dulces y pan","Chocolates y bombones","Grageas de chocolate","CONGUITOS Original cacahuetes recubiertos de chocolate con leche bolsa 220 g"],"general_information":["Denominación del alimento: CACAHUETES RECUBIERTO CON CHOCOLATE CON LECHE","Nombre del operador: Lacasa España S.A.U.","Dirección del operador: Autovía de Logroño km.14 (50180 Utebo, Zaragoza).","Cantidad Neta: 220 g"],"ingredients":[" Cacahuete (38%), azúcar, manteca de cacao, leche entera en polvo, jarabe de glucosa, pasta de cacao, lactosa, agentes de recubrimiento(E-414, almidón y E-904), emulgente (lecitina de soja), aromas y colorante (E-171).Cacao 32%  mínimo en chocolate.Puede contener trazas de frutos de cáscara."],"conservation":" Conservar en un lugar fresco y seco.","ean":"8410740907767"},{"full_name":"CONGUITOS Original cacahuetes recubiertos de chocolate blanco bolsa 220 g","name":"Original cacahuetes recubiertos de chocolate blanco bolsa 220 g","brand":"CONGUITOS ","img":"https://sgfm.elcorteingles.es/SGFM/dctm/MEDIA03/201711/17/00120648602298____6__600x600.jpg","price":"2,17 €","price_unit":"(9,86 € / Kilo)","categories":["Supermercado","Desayunos Dulces y pan","Desayunos, dulces y pan","Chocolates y bombones","Grageas de chocolate","CONGUITOS Original cacahuetes recubiertos de chocolate blanco bolsa 220 g"],"general_information":["Denominación del alimento: CACAHUETE TOSTADO RECUBIERTO DE CHOCOLATE BLANCO.","Nombre del operador: Lacasa España S.A.U.","Dirección del operador: Autovía de Logroño km.14 (50180 Utebo, Zaragoza).","Cantidad Neta: 220 g"],"ingredients":[" Azúcar, cacahuete tostado(30%), manteca de cacao, leche entera en polvo, jarabe de glucosa, leche desnatada en polvo, lactosa, agentes de recubrimiento(E-414, E-904 y almidón), colorantes(E-171 y E-172), emulgente (lecitina de soja) y aromas.Cacao 30% mínimo en chocolate.Puede contener trazas de frutos de cáscara."],"conservation":" Conservar en un lugar fresco y seco.","ean":"8410556007880"},{"full_name":"CONGUITOS Original cacahuetes recubiertos de chocolate con leche bolsa 240 g","name":"Original cacahuetes recubiertos de chocolate con leche bolsa 240 g","brand":"CONGUITOS ","img":"https://sgfm.elcorteingles.es/SGFM/dctm/MEDIA03/201711/17/00120648602272____2__600x600.jpg","price":"2,11 €","price_unit":"(8,79 € / Kilo)","categories":["Supermercado","Desayunos Dulces y pan","Desayunos, dulces y pan","Chocolates y bombones","Grageas de chocolate","CONGUITOS Original cacahuetes recubiertos de chocolate con leche bolsa 240 g"],"general_information":["Denominación del alimento: CACAHUETE RECUBIERTO DE CHOCOLATE","Nombre del operador: Lacasa España S.A.U.","Dirección del operador: Autovía de Logroño km.14 (50180 Utebo, Zaragoza).","Cantidad Neta: 240 g"],"ingredients":[" Cacahuete(38%), azúcar, pasta de cacao, manteca de cacao, jarabe de glucosa, lactosa, agentes de recubrimiento (E-414, almidón, E-904), emulgente (lecitina de soja), colorante (E-171) y aroma.Cacao 43% mínimo en chocolate.Puede contener trazas de  frutos de cáscara y de otros lácteos."],"conservation":" Conservar en un lugar fresco y seco.","ean":"8410556007804"},{"full_name":"LACASITOS grageas de chocolate envase dispensador 190 g","name":"grageas de chocolate envase dispensador  190 g","brand":"LACASITOS ","img":"https://sgfm.elcorteingles.es/SGFM/dctm/MEDIA02/CONTENIDOS/201410/15/00120648601555____1__600x600.jpg","price":"10,97 €","price_unit":"(57,74 € / Kilo)","categories":["Supermercado","Desayunos Dulces y pan","Desayunos, dulces y pan","Chocolates y bombones","Grageas de chocolate","LACASITOS grageas de chocolate envase dispensador 190 g"],"general_information":[],"ingredients":[],"ean":"8410740908870"},{"full_name":"LACASITOS grageas de chocolate pack ahorro bolsa 325 g","name":"grageas de chocolate pack ahorro bolsa 325 g","brand":"LACASITOS ","img":"https://sgfm.elcorteingles.es/SGFM/dctm/MEDIA03/201711/17/00120648602256____1__600x600.jpg","price":"3,06 €","price_unit":"(9,42 € / Kilo)","categories":["Supermercado","Desayunos Dulces y pan","Desayunos, dulces y pan","Chocolates y bombones","Grageas de chocolate","LACASITOS grageas de chocolate pack ahorro bolsa 325 g"],"general_information":["Denominación del alimento: GRAGEA DE CHOCOLATE CON LECHE RECUBIERTA CON AZÚCAR COLOREADO","Nombre del operador: Lacasa España S.A.U.","Dirección del operador: Autovía de Logroño km.14 (50180 Utebo, Zaragoza).","Cantidad Neta: 325 g"],"ingredients":[" Azúcar, manteca de cacao, pasta de cacao, leche entera en polvo, leche desnatada en polvo, colorantes (E-171, E-163, E-101, E-120, E-141, E-160a y E-153), emulgente (lecitina de soja), agentes de recubrimiento (E-414, E-903, E-901) y aroma.Cacao 37% mínimo en chocolate.Puede contener trazas de cacahuetes y frutos de cáscara."],"conservation":" Conservar en un lugar fresco y seco.","ean":"8410740006088"},{"full_name":"LACASITOS grageas de chocolate pack 4 envase 20 g","name":"grageas de chocolate pack 4 envase 20 g","brand":"LACASITOS ","img":"https://sgfm.elcorteingles.es/SGFM/dctm/MEDIA03/201606/13/00120648602249____2__600x600.jpg","price":"1,89 €","price_unit":"(23,62 € / Kilo)","categories":["Supermercado","Desayunos Dulces y pan","Desayunos, dulces y pan","Chocolates y bombones","Grageas de chocolate","LACASITOS grageas de chocolate pack 4 envase 20 g"],"general_information":["Denominación del alimento: GRAGEA DE CHOCOLATE CON LECHE RECUBIERTA CON AZÚCAR COLOREADO","Nombre del operador: Lacasa España S.A.U.","Dirección del operador: Autovía de Logroño km.14 (50180 Utebo, Zaragoza).","Cantidad Neta: 80 g"],"ingredients":[" Azúcar, manteca de cacao, pasta de cacao, leche entera en polvo, leche desnatada en polvo, colorantes (E-171, E-163, E-101, E-120, E-141, E-160a y E-153), emulgente (lecitina de soja), agentes de recubrimiento (E-414, E-903, E-901) y aroma.Cacao 37% mínimo en chocolate.Puede contener trazas de cacahuetes y frutos de cáscara."],"conservation":" Conservar en un lugar fresco y seco.","ean":"8410740006125"},{"full_name":"LACASITOS grageas de chocolate bolsa 190 g","name":"grageas de chocolate bolsa 190 g","brand":"LACASITOS ","img":"https://sgfm.elcorteingles.es/SGFM//02/26/4/0120648602264/0120648602264000g01011.jpg","price":"2,17 €","price_unit":"(11,42 € / Kilo)","categories":["Supermercado","Desayunos Dulces y pan","Desayunos, dulces y pan","Chocolates y bombones","Grageas de chocolate","LACASITOS grageas de chocolate bolsa 190 g"],"general_information":["Denominación del alimento: GRAGEA DE CHOCOLATE CON LECHE RECUBIERTA CON AZÚCAR COLOREADO.","Nombre del operador: Lacasa España S.A.U.","Dirección del operador: Autovía de Logroño km.14 (50180 Utebo, Zaragoza).","Cantidad Neta: 190 g"],"ingredients":[" Azúcar, manteca de cacao, pasta de cacao, leche desnatada en polvo, leche entera en polvo, colorante (E-171, E-163, E-101, E-120, E-141, E-160a(ii), E-153), emulgente (lecitina de soja), agente de recubrimiento (E-414, E-903, E-901) y aroma.Cacao 37% mínimo en chocolate.Contiene leche y soja.Puede contener trazas de cacahuetes y frutos secos."],"conservation":" Conservar en un lugar fresco y seco.","ean":"8410740006262"},{"full_name":"LACASITOS grageas de chocolate blanco bolsa 150 g","name":"grageas de chocolate blanco bolsa 150 g","brand":"LACASITOS ","img":"https://sgfm.elcorteingles.es/SGFM/dctm/MEDIA03/201711/17/00120648603056____2__600x600.jpg","price":"1,94 €","price_unit":"(12,93 € / Kilo)","categories":["Supermercado","Desayunos Dulces y pan","Desayunos, dulces y pan","Chocolates y bombones","Grageas de chocolate","LACASITOS grageas de chocolate blanco bolsa 150 g"],"general_information":["Denominación del alimento: GRAGEA DE CHOCOLATE BLANCO RECUBIERTA CON AZÚCAR COLOREADO","Nombre del operador: Lacasa España S.A.U.","Dirección del operador: Autovía de Logroño km.14 (50180 Utebo, Zaragoza).","Cantidad Neta: 150 g"],"ingredients":[" Azúcar, manteca de cacao, leche entera en polvo, sólidos lácteos, leche desnatada en polvo, colorantes(E-171, E-160a, E-133 y E-120), emulgente (lecitina de soja), agentes de recubrimiento(E-414, E-903 y E-901) y aromas.Cacao 34% mínimo en chocolate.Puede contener trazas de cacahuetes y  frutos de cáscara."],"conservation":" Conservar en un lugar fresco y seco.","ean":"8410740904483"},{"full_name":"LACASITOS grageas de chocolate bolsa 65 g","name":"grageas de chocolate bolsa 65 g","brand":"LACASITOS ","img":"https://sgfm.elcorteingles.es/SGFM/dctm/MEDIA02/CONTENIDOS/201504/20/00120648602884____1__600x600.jpg","price":"1,03 €","price_unit":"(15,85 € / Kilo)","categories":["Supermercado","Desayunos Dulces y pan","Desayunos, dulces y pan","Chocolates y bombones","Grageas de chocolate","LACASITOS grageas de chocolate bolsa 65 g"],"general_information":["Denominación del alimento: GRAGEA DE CHOCOLATE CON LECHE RECUBIERTA CON AZÚCAR COLOREADO.","Nombre del operador: Lacasa España S.A.U.","Dirección del operador: Autovía de Logroño km.14 (50180 Utebo, Zaragoza).","Cantidad Neta: 65 g"],"ingredients":[" Azúcar, manteca de cacao, pasta de cacao, leche desnatada en polvo, leche entera en polvo, colorante (E-171, E-163, E-101, E-120, E-141, E-160a(ii), E-153), emulgente (lecitina de soja), agente de recubrimiento (E-414, E-903, E-901) y aroma.Cacao 37% mínimo en chocolate.Contiene leche y soja.Puede contener trazas de cacahuetes y frutos secos."],"conservation":" Conservar en un lugar fresco y seco.","ean":"8410740903622"},{"full_name":"LACASITOS grageas de chocolate tubo 20 g","name":"grageas de chocolate tubo 20 g","brand":"LACASITOS ","img":"https://sgfm.elcorteingles.es/SGFM/dctm/MEDIA03/201703/29/00120648602942____1__600x600.jpg","price":"1,02 €","price_unit":"(51 € / Kilo)","categories":["Supermercado","Desayunos Dulces y pan","Desayunos, dulces y pan","Chocolates y bombones","Grageas de chocolate","LACASITOS grageas de chocolate tubo 20 g"],"general_information":["Denominación del alimento: GRAGEA DE CHOCOLATE CON LECHE RECUBIERTA CON AZÚCAR COLOREADO","Nombre del operador: Lacasa España S.A.U.","Dirección del operador: Autovía de Logroño km.14 (50180 Utebo, Zaragoza).","Cantidad Neta: 20 g"],"ingredients":[" Azúcar, manteca de cacao, pasta de cacao, leche entera en polvo, leche desnatada en polvo, colorantes (E-171, E-163, E-101, E-120, E-141, E-160a y E-153), emulgente (lecitina de soja), agentes de recubrimiento (E-414, E-903, E-901) y aroma.Cacao 37% mínimo en chocolate.Puede contener trazas de cacahuetes y frutos de cáscara."],"conservation":" Conservar en un lugar fresco y seco.","ean":"8410740096201"},{"full_name":"LACASITOS Gold grageas de chocolate de caramelo bolsa 125 g","name":"Gold grageas de chocolate de caramelo bolsa 125 g","brand":"LACASITOS ","img":"https://sgfm.elcorteingles.es/SGFM/dctm/MEDIA03/201709/14/00120648603718____1__600x600.jpg","price":"2,00 €","price_unit":"(16 € / Kilo)","categories":["Supermercado","Desayunos Dulces y pan","Desayunos, dulces y pan","Chocolates y bombones","Grageas de chocolate","LACASITOS Gold grageas de chocolate de caramelo bolsa 125 g"],"general_information":["Denominación del alimento: GRAGEA DE CHOCOLATE BLANCO CON CARAMELO Y RECUBIERTA CON AZÚCAR COLOREADO","Nombre del operador: Lacasa España S.A.U.","Dirección del operador: Autovía de Logroño km.14 (50180 Utebo, Zaragoza).","Cantidad Neta: 125 g"],"ingredients":[" Chocolate blanco con caramelo (70%) (azúcar, manteca de cacao, leche entera en polvo, leche desnatada en polvo, caramelo en polvo(7%) (leche desnatada, suero lácteo, azúcar, mantequilla y aroma natural),  emulgente (lecitina de soja), sal y aromas), azúcar, colorantes (E-171, E-163, E-160a y E-120) y agentes de recubrimiento(E-414, E-903 y E-901).Puede contener trazas de cacahuetes y frutos de cáscara."],"conservation":" Conservar en un lugar fresco y seco.","ean":"8410740909914"},{"full_name":"M&M'S M&M cacahuetes recubiertos de chocolate Xlarge bolsa 400 g","name":"M&M cacahuetes recubiertos de chocolate Xlarge bolsa 400 g","brand":"M&M'S ","img":"https://sgfm.elcorteingles.es/SGFM/dctm/MEDIA03/201709/29/00120648602082____2__600x600.jpg","price":"3,50 €","price_unit":"(8,75 € / Kilo)","categories":["Supermercado","Desayunos Dulces y pan","Desayunos, dulces y pan","Chocolates y bombones","Grageas de chocolate","M&M'S M&M cacahuetes recubiertos de chocolate Xlarge bolsa 400 g"],"general_information":["Denominación del alimento: Cacahuetes (24%) recubiertos de chocolate con leche (48%) y una capa de azúcar.","Nombre del operador: Wrigley Co SLU","Dirección del operador: Via Augusta 2bis, 3º. Barcelona 08006","Cantidad Neta: 440 g","Otras menciones obligatorias en la etiqueta: El chocolate con leche contiene grasas vegetales además de manteca de cacao"],"ingredients":[" Azúcar, cacahuetes, pasta de cacao, leche descremada en polvo, lactosa y proteína de leche, manteca de cacao, grasa de palma, grasa de mantequilla (de la leche), almidón, jarabe de glucosa, manteca de karité, emulgente (lecitina de soja), estabilizante (goma arábiga), colorantes (E100, E120, E133, E160a, E160e, E171), dextrina, agente de recubrimiento (cera carnauba), aceite de coco, sal, aromas. Puede contener: avellana, almendra."],"conservation":" Mantener en lugar fresco y seco.","ean":"5000159381222"},{"full_name":"M&M'S cacahuetes con chocolate bolsa 400 g","name":"cacahuetes con chocolate bolsa 400 g","brand":"M&M'S ","img":"https://sgfm.elcorteingles.es/SGFM/dctm/MEDIA03/201709/29/00120648602132____2__600x600.jpg","price":"3,50 €","price_unit":"(8,75 € / Kilo)","categories":["Supermercado","Desayunos Dulces y pan","Desayunos, dulces y pan","Chocolates y bombones","Grageas de chocolate","M&M'S cacahuetes con chocolate bolsa 400 g"],"general_information":["Denominación del alimento: Grageas de chocolate con leche (69%)","Nombre del operador: Wrigley Co SLU","Dirección del operador: Via Augusta 2bis, 3º. Barcelona 08006","Cantidad Neta: 400 g"],"ingredients":[" Azúcar, pasta de cacao, leche entera en polvo, manteca de cacao, lactosa, polvo de suero (de la leche), almidón, jarabe de glucosa, estabilizante (goma arábiga), colorantes (E100, E133, E160a, E160e, E162, E171, E172), emulgente (lecitina de soja), dextrina, agente de recubrimiento (cera carnauba), aceite de coco, aroma, (extracto natural de vainilla), sal. (Puede contener cacahuete)."],"conservation":" Mantener en lugar fresco y seco.","ean":"4011100005860"},{"full_name":"M&M'S con relleno de chocolate bolsa 220 g","name":"con relleno de chocolate bolsa 220 g","brand":"M&M'S ","img":"https://sgfm.elcorteingles.es/SGFM//02/16/5/0120648602165/0120648602165000g01011.jpg","price":"2,33 €","price_unit":"(10,59 € / Kilo)","categories":["Supermercado","Desayunos Dulces y pan","Desayunos, dulces y pan","Chocolates y bombones","Grageas de chocolate","M&M'S con relleno de chocolate bolsa 220 g"],"general_information":["Denominación del alimento: Grageas de chocolate con leche (69%)","Nombre del operador: Wrigley Co SLU","Dirección del operador: Via Augusta 2bis, 3º. Barcelona 08006","Cantidad Neta: 220 g"],"ingredients":[" Azúcar, pasta de cacao, leche entera en polvo, manteca de cacao, lactosa, polvo de suero (de la leche), almidón, jarabe de glucosa, estabilizante (goma arábiga), colorantes (E100, E133, E160a, E160e, E162, E171, E172), emulgente (lecitina de soja), dextrina, agente de recubrimiento (cera carnauba), aceite de coco, aroma, (extracto natural de vainilla), sal. (Puede contener cacahuete)."],"conservation":" Mantener en lugar fresco y seco.","ean":"5000159471794"},{"full_name":"M&M'S cacahuetes con chocolate bote 100 g","name":"cacahuetes con chocolate bote 100 g","brand":"M&M'S ","img":"https://sgfm.elcorteingles.es/SGFM/dctm/MEDIA03/201604/06/00120648603213____1__600x600.jpg","price":"2,65 €","price_unit":"(26,50 € / Kilo)","categories":["Supermercado","Desayunos Dulces y pan","Desayunos, dulces y pan","Chocolates y bombones","Grageas de chocolate","M&M'S cacahuetes con chocolate bote 100 g"],"general_information":["Denominación del alimento: Cacahuetes (23%) recubiertos de chocolate con leche (48%) y una capa de azúcar.","Nombre del operador: Wrigley Co SLU","Dirección del operador: Via Augusta 2bis, 3º. Barcelona 08006","Cantidad Neta: 100 g","Otras menciones obligatorias en la etiqueta: El chocolate con leche contiene grasas vegetales además de manteca de cacao"],"ingredients":[" Azúcar, cacahuetes, pasta de cacao, leche descremada en polvo, lactosa y proteína de leche, manteca de cacao, grasa de palma, grasa de mantequilla (de la leche), almidón, jarabe de glucosa, manteca de karité, estabilizante (goma arábiga), emulgente (lecitina de soja),  colorantes (E100, E120, E133, E160a, E160e, E171), dextrina, agente de recubrimiento (cera carnauba), aceite de coco, sal, aromas. Puede contener: avellana, almendra."],"conservation":" Mantener en lugar fresco y seco.","ean":"5000159495127"},{"full_name":"M&M'S con relleno de chocolate bote 100 g","name":"con relleno de chocolate bote 100 g","brand":"M&M'S ","img":"https://sgfm.elcorteingles.es/SGFM/dctm/MEDIA03/201604/06/00120648603221____1__600x600.jpg","price":"2,49 €","price_unit":"(24,90 € / Kilo)","categories":["Supermercado","Desayunos Dulces y pan","Desayunos, dulces y pan","Chocolates y bombones","Grageas de chocolate","M&M'S con relleno de chocolate bote 100 g"],"general_information":["Denominación del alimento: Grageas de chocolate con leche (69%)","Nombre del operador: Wrigley Co SLU","Dirección del operador: Via Augusta 2bis, 3º. Barcelona 08006","Cantidad Neta: 100 g","Otras menciones obligatorias en la etiqueta: El chocolate con leche contiene grasas vegetales además de manteca de cacao"],"ingredients":[" Azúcar, pasta de cacao, leche entera en polvo, manteca de cacao, lactosa, polvo de suero (de la leche), almidón, jarabe de glucosa, estabilizante (goma arábiga), colorantes (E100, E133, E160a, E160e, E162, E171, E172), emulgente (lecitina de soja), dextrina, agente de recubrimiento (cera carnauba), aceite de coco, sal, aroma, extracto natural de vainilla, aroma. (Puede contener cacahuete)."],"conservation":" Mantener en lugar fresco y seco.","ean":"5000159495141"},{"full_name":"M&M'S con relleno de cacahuete bolsa 220 g","name":"con relleno de cacahuete bolsa 220 g","brand":"M&M'S ","img":"https://sgfm.elcorteingles.es/SGFM//02/15/7/0120648602157/0120648602157000g01011.jpg","price":"2,23 €","price_unit":"(10,14 € / Kilo)","categories":["Supermercado","Desayunos Dulces y pan","Desayunos, dulces y pan","Chocolates y bombones","Grageas de chocolate","M&M'S con relleno de cacahuete bolsa 220 g"],"general_information":["Denominación del alimento: Cacahuetes (24%) recubiertos de chocolate con leche (48%) y una capa de azúcar.","Nombre del operador: Wrigley Co SLU","Dirección del operador: Via Augusta 2bis, 3º. Barcelona 08006","Cantidad Neta: 220 g","Otras menciones obligatorias en la etiqueta: El chocolate con leche contiene grasas vegetales además de manteca de cacao"],"ingredients":[" Azúcar, cacahuetes, pasta de cacao, leche descremada en polvo, lactosa y proteína de leche, manteca de cacao, grasa de palma, grasa de mantequilla (de la leche), almidón, jarabe de glucosa, manteca de karité, emulgente (lecitina de soja), estabilizante (goma arábiga), colorantes (E100, E120, E133, E160a, E160e, E171), dextrina, agente de recubrimiento (cera carnauba), aceite de coco, sal, aromas. Puede contener: avellana, almendra."],"conservation":" Mantener en lugar fresco y seco.","ean":"5000159471510"},{"full_name":"MALTESERS XL bolitas de chocolate rellenas de leche malteada bolsa 300 g","name":"XL bolitas de chocolate rellenas de leche malteada bolsa 300 g","brand":"MALTESERS ","img":"https://sgfm.elcorteingles.es/SGFM//02/07/4/0120648602074/0120648602074000g01011.jpg","price":"4,19 €","price_unit":"(13,97 € / Kilo)","categories":["Supermercado","Desayunos Dulces y pan","Desayunos, dulces y pan","Chocolates y bombones","Grageas de chocolate","MALTESERS XL bolitas de chocolate rellenas de leche malteada bolsa 300 g"],"general_information":["Denominación del alimento: Bolitas de chocolate con leche rellenas de leche malteada (23%)","Nombre del operador: Wrigley Co SLU","Dirección del operador: Via Augusta 2bis, 3º. Barcelona 08006","Cantidad Neta: 300 g","Otras menciones obligatorias en la etiqueta: Cacao 25% mínimo. El chocolate con leche contienen grasas vegetales además de manteca de cacao."],"ingredients":[" Azúcar, leche descremada en polvo, manteca de cacao, jarabe de glucosa, extracto de malta de cebada, pasta de cacao, grasa de mantequilla (de la leche), lactosa,polvo de suero (de la leche), grasa de palma, harina de trigo, emulgentes (lecitina de soja), gasificante (E341,E500, E501), agente de recubrimiento (pectina), sal, extracto natural de vainilla."],"conservation":" Mantener en lugar fresco y seco.","ean":"5000159361323"},{"full_name":"MALTESERS bolitas de chocolate rellenas de leche malteada bolsa 175 g","name":"bolitas de chocolate rellenas de leche malteada bolsa 175 g","brand":"MALTESERS ","img":"https://sgfm.elcorteingles.es/SGFM/dctm/MEDIA03/201604/05/00120648600698____1__600x600.jpg","price":"2,44 €","price_unit":"(13,94 € / Kilo)","categories":["Supermercado","Desayunos Dulces y pan","Desayunos, dulces y pan","Chocolates y bombones","Grageas de chocolate","MALTESERS bolitas de chocolate rellenas de leche malteada bolsa 175 g"],"general_information":["Denominación del alimento: Bolitas de chocolate con leche rellenas de leche malteada (23%)","Nombre del operador: Wrigley Co SLU","Dirección del operador: Via Augusta 2bis, 3º. Barcelona 08006","Cantidad Neta: 175 g","Otras menciones obligatorias en la etiqueta: Cacao 25% mínimo. El chocolate con leche contienen grasas vegetales además de manteca de cacao."],"ingredients":[" Azúcar, leche descremada en polvo, manteca de cacao, jarabe de glucosa, extracto de malta de cebada, pasta de cacao, grasa de mantequilla (de la leche), lactosa,polvo de suero (de la leche), grasa de palma, harina de trigo, emulgentes (lecitina de soja), gasificante (E341,E500, E501), agente de recubrimiento (pectina), sal, extracto natural de vainilla."],"conservation":" Mantener en lugar fresco y seco.","ean":"5000159031103"},{"full_name":"MALTESERS Mini bolitas de chocolate rellenas de leche malteada bolsa 255 g","name":"Mini bolitas de chocolate rellenas de leche malteada bolsa 255 g","brand":"MALTESERS ","img":"https://sgfm.elcorteingles.es/SGFM/dctm/MEDIA03/201604/06/00120648600656____1__600x600.jpg","price":"3,45 €","price_unit":"(13,53 € / Kilo)","categories":["Supermercado","Desayunos Dulces y pan","Desayunos, dulces y pan","Chocolates y bombones","Grageas de chocolate","MALTESERS Mini bolitas de chocolate rellenas de leche malteada bolsa 255 g"],"general_information":["Denominación del alimento: Bolitas de chocolate con leche rellenas de leche malteada (23%)","Nombre del operador: Wrigley Co SLU","Dirección del operador: Via Augusta 2bis, 3º. Barcelona 08006","Cantidad Neta: 255 g","Otras menciones obligatorias en la etiqueta: Cacao 25% mínimo. El chocolate con leche contienen grasas vegetales además de manteca de cacao."],"ingredients":[" Azúcar, leche descremada en polvo, manteca de cacao, jarabe de glucosa, extracto de malta de cebada, pasta de cacao, grasa de mantequilla (de la leche), lactosa,polvo de suero (de la leche), grasa de palma, harina de trigo, emulgentes (lecitina de soja), gasificante (E341,E500, E501), agente de recubrimiento (pectina), sal, extracto natural de vainilla."],"conservation":" Mantener en lugar fresco y seco.","ean":"5000159020268"},{"full_name":"MALTESERS bolitas de chocolate rellenas de leche malteada unidad 37 g","name":"bolitas de chocolate rellenas de leche malteada unidad 37 g","brand":"MALTESERS ","img":"https://sgfm.elcorteingles.es/SGFM/dctm/MEDIA03/201703/28/00120648600037____1__600x600.jpg","price":"0,90 €","price_unit":"(24,32 € / Kilo)","categories":["Supermercado","Desayunos Dulces y pan","Desayunos, dulces y pan","Chocolates y bombones","Grageas de chocolate","MALTESERS bolitas de chocolate rellenas de leche malteada unidad 37 g"],"general_information":["Denominación del alimento: Bolitas de chocolate con leche rellenas de leche malteada (23%)","Nombre del operador: Wrigley Co SLU","Dirección del operador: Via Augusta 2bis, 3º. Barcelona 08006","Cantidad Neta: 37 g","Otras menciones obligatorias en la etiqueta: Cacao 25% mínimo. El chocolate con leche contienen grasas vegetales además de manteca de cacao."],"ingredients":[" Azúcar, leche descremada en polvo, manteca de cacao, jarabe de glucosa, extracto de malta de cebada, pasta de cacao, grasa de mantequilla (de la leche), lactosa,polvo de suero (de la leche), grasa de palma, harina de trigo, emulgentes (lecitina de soja), gasificante (E341,E500, E501), agente de recubrimiento (pectina), sal, extracto natural de vainilla."],"conservation":" Mantener en lugar fresco y seco.","ean":"5000159020312"}]