[{"full_name":"EL CORTE INGLES tortillas mejicanas de trigo 8 unidades envase 320 g","name":"tortillas mejicanas de trigo 8 unidades envase 320 g","brand":"EL CORTE INGLES ","img":"https://sgfm.elcorteingles.es/SGFM/dctm/MEDIA03/201612/27/00118010002188____1__600x600.jpg","price":"1,05 €","price_unit":"(3,28 € / Kilo)","categories":["Supermercado","Alimentación General","Comida Internacional","Comida mexicana y tex-mex","EL CORTE INGLES tortillas mejicanas de trigo 8 unidades envase 320 g"],"general_information":["Denominación del alimento: Tortillas de trigo.","Nombre del operador: Elaborado para El Corte Inglés por \nMexifoods C/Paloma 2 Pl Los Gallegos, 28946  Fuenlabrada (Madrid) España","Lugar de procedencia del alimento: Elaborado en España","Cantidad Neta: 320 g","Número de raciones por envase: 8.0"],"ingredients":[" Ingredientes: Harina de trigo (60%), agua, grasas vegetales (palma), estabilizantes (E 422 y E 415), sal , aceites vegetales (girasol), emulgentes: mono y di-glicéridos de ácidos grasos vegetales, corrector de acidez (E 330), conservadores (E 281 y E 202) y gasificantes (E 450 y E 500)."],"conservation":" Mantener en lugar fresco y seco. Una vez abierto, guardar en el frigorífico y consumir antes de 3 días","ean":"8433329070492"},{"full_name":"EL CORTE INGLES nachos de maíz sabor natural envase 200 g","name":"nachos de maíz sabor natural envase 200 g","brand":"EL CORTE INGLES ","img":"https://sgfm.elcorteingles.es/SGFM/dctm/MEDIA03/201702/10/00200110002151____2__600x600.jpg","price":"1,19 €","price_unit":"(5,95 € / Kilo)","categories":["Supermercado","Alimentación General","Comida Internacional","Comida mexicana y tex-mex","EL CORTE INGLES nachos de maíz sabor natural envase 200 g"],"general_information":["Denominación del alimento: Nachos fritos de maíz.","Nombre del operador: Distribuido para El Corte Inglés por \nMexifoods C/Paloma 2 Pl Los Gallegos, 28946  Fuenlabrada (Madrid) España","Lugar de procedencia del alimento: Elaborado en España","Cantidad Neta: 200 g","Número de raciones por envase: 6.0"],"ingredients":[" Ingredientes: Maíz amarillo en grano (75%), aceite vegetal (girasol y girasol alto oleico) y sal."],"conservation":" Mantener en lugar fresco y seco.","ean":"8433329070485"},{"full_name":"EL CORTE INGLES nachos fritos de maíz sabor barbacoa bolsa 200 g","name":"nachos fritos de maíz sabor barbacoa bolsa 200 g","brand":"EL CORTE INGLES ","img":"https://sgfm.elcorteingles.es/SGFM/02/16/9/0200110002169/0200110002169000g01011.jpg","price":"1,41 €","price_unit":"(7,05 € / Kilo)","categories":["Supermercado","Alimentación General","Comida Internacional","Comida mexicana y tex-mex","EL CORTE INGLES nachos fritos de maíz sabor barbacoa bolsa 200 g"],"general_information":["Denominación del alimento: Nachos fritos de maíz sabor barbacoa.","Nombre del operador: Elaborado para\nEl Grupo El Corte Inglés \nHermosilla, 112 ? 28009 Madrid ? España por NIF: B-79977005","Lugar de procedencia del alimento: Elaborado en España","Cantidad Neta: 200 g","Número de raciones por envase: 6.0"],"ingredients":[" Ingredientes: Maíz amarillo grano 75%, aceite vegetal (girasol y girasol alto oleico), aroma (azúcar, sal, maltodextrina de trigo, aroma barbacoa (contiene cafeína) y aroma de humo 0,8 %, potenciador del sabor (E 621, E 631, E 627),  maltodextrina de patata, antiaglomerante (E 551),  conservador: (E 262ii), correctores de acidez: (E 330, E 296), colorante: (E 160c)."],"conservation":" Mantener en lugar fresco y seco.","ean":"8433329032254"},{"full_name":"EL CORTE INGLES nachos fritos de maíz sabor queso bolsa 200 g","name":"nachos fritos de maíz sabor queso bolsa 200 g","brand":"EL CORTE INGLES ","img":"https://sgfm.elcorteingles.es/SGFM/dctm/MEDIA03/201702/10/00118010002204____1__600x600.jpg","price":"1,19 €","price_unit":"(5,95 € / Kilo)","categories":["Supermercado","Alimentación General","Comida Internacional","Comida mexicana y tex-mex","EL CORTE INGLES nachos fritos de maíz sabor queso bolsa 200 g"],"general_information":["Denominación del alimento: Nachos fritos de maíz sabor a queso.","Nombre del operador: Elaborado para\nEl Grupo El Corte Inglés \nHermosilla, 112 ? 28009 Madrid ? España por NIF: B-79977005","Lugar de procedencia del alimento: Elaborado en España","Cantidad Neta: 200 g","Número de raciones por envase: 6.0"],"ingredients":[" Ingredientes: Maíz amarillo grano 75%, aceite vegetal (girasol y girasol alto oleico), aroma queso 4, 5% (sal, suero de leche en polvo, potenciador del sabor (E 621, E 627, E 631), colorante: (E 160c)."],"conservation":" Mantener en lugar fresco y seco.","ean":"8433329032247"},{"full_name":"OLD EL PASO mini barquitas mexicanas 12 unidades envase 145 g","name":"mini barquitas mexicanas 12 unidades envase 145 g","brand":"OLD EL PASO ","img":"https://sgfm.elcorteingles.es/SGFM/dctm/MEDIA03/201605/27/00118010002527____1__600x600.jpg","price":"2,86 €","categories":["Supermercado","Alimentación General","Comida Internacional","Comida mexicana y tex-mex","OLD EL PASO mini barquitas mexicanas 12 unidades envase 145 g"],"general_information":["Denominación del alimento: Tortillas Mejicanas de trigo","Nombre del operador: GENERAL MILLS IBERICA S.A.U.","Dirección del operador: C/Serrano Galvache, 56, Complejo Parque Norte, Edificio Álamo, planta 12, 28033 Madrid, España.","Cantidad Neta: 145 g","Número de raciones por envase: 12","Otras menciones obligatorias en la etiqueta: Envasado en atmósfera protectora."],"ingredients":[" Harina de trigo, agua, estabilizante: glicerina; aceite refinado de girasol alto oleico, gasificantes: carbonatos de sodio, difosfatos, fosfatos de calcio; emulgente: monoglicéridos y diglicéridos de ácidos grasos; dextrosa, sal.Alérgenos: ver ingredientes en negrita."],"conservation":" Conservar en lugar fresco y seco.","ean":"8410076473431"},{"full_name":"OLD EL PASO barquitas mexicanas integrales 8 unidades envase 193 g","name":"barquitas mexicanas integrales 8 unidades envase 193 g","brand":"OLD EL PASO ","img":"https://sgfm.elcorteingles.es/SGFM/dctm/MEDIA03/201605/27/00118010002535____1__600x600.jpg","price":"2,65 €","categories":["Supermercado","Alimentación General","Comida Internacional","Comida mexicana y tex-mex","OLD EL PASO barquitas mexicanas integrales 8 unidades envase 193 g"],"general_information":["Denominación del alimento: TORTILLAS MEJICANAS DE TRIGO INTEGRALES","Nombre del operador: GENERAL MILLS IBERICA S.A.U.","Dirección del operador: C/Serrano Galvache, 56, Complejo Parque Norte, Edificio Álamo, planta 12, 28033 Madrid, España.","Cantidad Neta: 193 g","Número de raciones por envase: 8"],"ingredients":[" Harina integral de trigo, agua, estabilizante: glicerina; aceite refinado de girasol alto oleico, gasificantes: carbonatos de sodio, difosfatos,  fosfatos de calcio; emulgente: monoglicéridos y diglicéridos de ácidos grasos; dextrosa, sal. Alérgenos: ver ingredientes en negrita."],"conservation":" Conservar en lugar fresco y seco.","ean":"8410076472854"},{"full_name":"OLD EL PASO tortillas chips fajita bolsa 185 g","name":"tortillas chips fajita bolsa 185 g","brand":"OLD EL PASO ","img":"https://sgfm.elcorteingles.es/SGFM/dctm/MEDIA03/201711/22/00118010002568____1__600x600.jpg","price":"2,55 €","price_unit":"(13,78 € / Kilo)","categories":["Supermercado","Alimentación General","Comida Internacional","Comida mexicana y tex-mex","OLD EL PASO tortillas chips fajita bolsa 185 g"],"general_information":["Denominación del alimento: Producto de aperitivo frito de maíz con sabor a fajitas","Nombre del operador: GENERAL MILLS IBERICA S.A.U.","Dirección del operador: C/Serrano Galvache, 56, Complejo Parque Norte, Edificio Álamo, planta 12, 28033 Madrid, España.","Cantidad Neta: 185 g","Número de raciones por envase: 3","Otras menciones obligatorias en la etiqueta: Envasado en atmósfera protectora."],"ingredients":[" Grano de maíz entero, aceite de girasol alto oleico, sazonador [azúcar, sal, especias (pimentón dulce en polvo, pimienta negra, cúrcuma, jengibre, pimienta de Cayena), cebolla, maltodextrina, extracto de levadura, aromas, aroma de humo, aroma natural, correctores de acidez: ácido cítrico, acetato de sodio; ajo, perejil,  colorante: extracto de pimentón]. Puede contener ingredientes procedentes de apio, de la leche, mostaza, semillas de sésamo y soja."],"conservation":" Conservar en lugar fresco y seco.","ean":"8410076481757"},{"full_name":"OLD EL PASO kit para tacos con 8 barquitas mexicanas, un sazonador para tacos y 1 salsa para tacos estuche 345 g","name":"kit para tacos con 8 barquitas mexicanas, un sazonador para tacos y 1 salsa para tacos estuche 345 g","brand":"OLD EL PASO ","img":"https://sgfm.elcorteingles.es/SGFM/dctm/MEDIA03/201711/20/00118010002444____3__600x600.jpg","price":"4,89 €","price_unit":"(14,17 € / Kilo)","categories":["Supermercado","Alimentación General","Comida Internacional","Comida mexicana y tex-mex","OLD EL PASO kit para tacos con 8 barquitas mexicanas, un sazonador para tacos y 1 salsa para tacos estuche 345 g"],"general_information":["Denominación del alimento: KIT PARA TACOS CON BARQUITAS MEXICANAS ?","Nombre del operador: GENERAL MILLS IBERICA S.A.U.","Dirección del operador: C/Serrano Galvache, 56, Complejo Parque Norte, Edificio Álamo, planta 12, 28033 Madrid, España.","Cantidad Neta: 345 g","Número de raciones por envase: 8"],"ingredients":[" Ingredientes de las Barquitas mexicanas de trigo (193 g): Harina de trigo, agua, estabilizante: glicerina; aceite refinado de girasol, gasificantes: carbonato ácido de sodio, fosfatos de calcio; emulgente: monoglicéridos y diglicéridos de ácidos grasos; dextrosa, sal. Envasado en atmósfera protectora.  Ingredientes de la Salsa para Tacos (127g): Tomate troceado (51%), agua, pasta de tomate (10%), pimiento verde chili, almidón modificado de maíz, cebolla deshidratada, sal, azúcar, corrector de acidez: ácido cítrico; pimentón dulce, cebolla en polvo, ajo en polvo.  Ingredientes del Sazonador para tacos (25g): Especias [pimentón dulce (20%)*, comino (12%)*, pimiento  rojo chili], hortalizas deshidratadas [cebolla (13%)*, ajo (8%)*], sal, maltodextrina, almidón de maíz, plantas aromáticas (orégano, mejorana), extracto de levadura, extracto de pimentón. *porcentajes expresados sobre el sazonador.Alérgenos: ver ingredientes en negrita."],"conservation":" Conservar en lugar fresco y seco.","ean":"8410076472762"},{"full_name":"OLD EL PASO barquitas mejicanas 8 tortillas envase 193 g","name":"barquitas mejicanas 8 tortillas envase 193 g","brand":"OLD EL PASO ","img":"https://sgfm.elcorteingles.es/SGFM/dctm/MEDIA03/201606/22/00118010002337____1__600x600.jpg","price":"2,29 €","price_unit":"(11,87 € / Kilo)","categories":["Supermercado","Alimentación General","Comida Internacional","Comida mexicana y tex-mex","OLD EL PASO barquitas mejicanas 8 tortillas envase 193 g"],"general_information":["Denominación del alimento: Tortillas Mejicanas de trigo","Nombre del operador: GENERAL MILLS IBERICA S.A.U.","Dirección del operador: C/Serrano Galvache, 56, Complejo Parque Norte, Edificio Álamo, planta 12, 28033 Madrid, España.","Cantidad Neta: 193 g","Número de raciones por envase: 8"],"ingredients":[" Harina de trigo, agua, estabilizante: glicerina; aceite refinado de girasol alto oleico, gasificantes: carbonato ácido de sodio, difosfatos, fosfatos de calcio; emulgente: monoglicéridos y diglicéridos de ácidos grasos; dextrosa, sal. Alérgenos: ver ingredientes en negrita.Envasado en atmósfera protectora."],"conservation":" Conservar en lugar fresco y seco. Una vez abierto, cerrar el envase, refrigerar y consumir antes de 3 días. Puede congelarse en casa. Descongelar completamente antes de usar.","ean":"8410076472151"},{"full_name":"OLD EL PASO nachos tortilla chips sabor queso bolsa 185 g","name":"nachos tortilla chips sabor queso bolsa 185 g","brand":"OLD EL PASO ","img":"https://sgfm.elcorteingles.es/SGFM/dctm/MEDIA03/201711/22/00118010002329____6__600x600.jpg","price":"2,60 €","price_unit":"(14,05 € / Kilo)","categories":["Supermercado","Alimentación General","Comida Internacional","Comida mexicana y tex-mex","OLD EL PASO nachos tortilla chips sabor queso bolsa 185 g"],"general_information":["Denominación del alimento: Producto de aperitivo frito de maíz con sabor a queso","Nombre del operador: GENERAL MILLS IBERICA S.A.U.","Dirección del operador: C/Serrano Galvache, 56, Complejo Parque Norte, Edificio Álamo, planta 12, 28033 Madrid, España.","Cantidad Neta: 185 g","Número de raciones por envase: 3","Otras menciones obligatorias en la etiqueta: Envasado en atmósfera protectora."],"ingredients":[" Grano de maíz entero, aceite de girasol alto oleico, sazonador [aroma (contiene leche), sal, lactosa (leche), queso en polvo, azúcar, correctores de acidez: acetatos de sodio, ácido cítrico; colorante: extracto de pimentón].Alérgenos: ver ingredientes en negrita. Puede contener ingredientes procedentes de apio, mostaza, semillas de sésamo y soja."],"conservation":" Conservar en lugar fresco y seco.","ean":"8410076481825"},{"full_name":"OLD EL PASO tortilla chips blue corn bolsa 150 g","name":"tortilla chips blue corn bolsa 150 g","brand":"OLD EL PASO ","img":"https://sgfm.elcorteingles.es/SGFM/dctm/MEDIA03/201710/31/00118010400119____1__600x600.jpg","price":"2,35 €","price_unit":"(15,67 € / Kilo)","categories":["Supermercado","Alimentación General","Comida Internacional","Comida mexicana y tex-mex","OLD EL PASO tortilla chips blue corn bolsa 150 g"],"general_information":[],"ingredients":[],"ean":"8410076482440"},{"full_name":"OLD EL PASO kit para nachos original al horno suave caja 520 g","name":"kit para nachos original al horno suave caja 520 g","brand":"OLD EL PASO ","img":"https://sgfm.elcorteingles.es/SGFM/dctm/MEDIA03/201711/22/00118010000869____1__600x600.jpg","price":"4,25 €","price_unit":"(8,17 € / Kilo)","categories":["Supermercado","Alimentación General","Comida Internacional","Comida mexicana y tex-mex","OLD EL PASO kit para nachos original al horno suave caja 520 g"],"general_information":["Denominación del alimento: Salsa para Nachos / Nachips  - Producto de aperitivo frito de maíz","Nombre del operador: GENERAL MILLS IBERICA S.A.U.","Dirección del operador: C/Serrano Galvache, 56, Complejo Parque Norte, Edificio Álamo, planta 12, 28033 Madrid, España.","Cantidad Neta: 520 g","Número de raciones por envase: 4","Otras menciones obligatorias en la etiqueta: Nachos : Envasado en atmósfera protectora."],"ingredients":[" Salsa para acompañar (62%): Judías pintas cocidas (40%), agua, pasta de tomate (16%), cebolla, sazonador (5%) (azúcar, almidón de maíz, sal, harina de trigo, ajo en polvo, aroma), pimiento rojo, vinagre de alcohol, pimiento verde, corrector de acidez: ácido cítrico; pimiento Jalapeño deshidratado.Crunchy Nachips? Nachos (38%): Grano de maíz entero, aceite de girasol alto oleico, sal.Crunchy Nachips?Alérgenos: ver ingredientes en negrita. Nachips puede contener ingredientes procedentes del trigo, apio, leche, mostaza, granos de sésamo y soja."],"conservation":" Conservar en lugar fresco y seco.","ean":"8727200221029"},{"full_name":"OLD EL PASO nachips bolsa 185 g","name":"nachips bolsa 185 g","brand":"OLD EL PASO ","img":"https://sgfm.elcorteingles.es/SGFM/dctm/MEDIA03/201711/22/00118010001107____1__600x600.jpg","price":"2,35 €","price_unit":"(12,70 € / Kilo)","categories":["Supermercado","Alimentación General","Comida Internacional","Comida mexicana y tex-mex","OLD EL PASO nachips bolsa 185 g"],"general_information":["Denominación del alimento: Producto de aperitivo frito de maíz","Nombre del operador: GENERAL MILLS IBERICA S.A.U.","Dirección del operador: C/Serrano Galvache, 56, Complejo Parque Norte, Edificio Álamo, planta 12, 28033 Madrid, España.","Cantidad Neta: 185 g","Número de raciones por envase: 3","Otras menciones obligatorias en la etiqueta: Envasado en atmósfera protectora."],"ingredients":[" Grano de maíz entero, aceite de girasol alto oleico, sal.Puede contener ingredientes procedentes de apio, de la leche, mostaza, semillas de sésamo y soja."],"conservation":" Conservar en lugar fresco y seco.","ean":"8410076481597"},{"full_name":"OLD EL PASO tortillas mejicanas con maíz 8 unidades envase 335 g","name":"tortillas mejicanas con maíz 8 unidades envase 335 g","brand":"OLD EL PASO ","img":"https://sgfm.elcorteingles.es/SGFM/dctm/MEDIA03/201606/23/00118010000950____2__600x600.jpg","price":"2,91 €","price_unit":"(9,70 € / Kilo)","categories":["Supermercado","Alimentación General","Comida Internacional","Comida mexicana y tex-mex","OLD EL PASO tortillas mejicanas con maíz 8 unidades envase 335 g"],"general_information":["Denominación del alimento: Tortillas Mejicanas con maíz","Nombre del operador: GENERAL MILLS IBERICA S.A.U.","Dirección del operador: C/Serrano Galvache, 56, Complejo Parque Norte, Edificio Álamo, planta 12, 28033 Madrid, España.","Cantidad Neta: 335 g","Número de raciones por envase: 8"],"ingredients":[" Ingredientes: Harina de maíz (27%), agua, harina de trigo,  estabilizante: glicerina,  gluten de trigo,  aceite refinado de girasol, dextrosa, gasificantes: difosfato disódico, carbonato ácido de sodio; emulgente: monoglicéridos y digliceridos de ácidos grasos; sal, conservador: sorbato potásico; acidulante: ácido cítrico. Alérgenos: ver ingredientes en negrita.Envasado en atmósfera protectora."],"conservation":" Conservar en lugar fresco y seco. Una vez abierto, cerrar el envase, refrigerar y consumir antes de 3 días. Puede congelarse en casa. Descongelar completamente antes de usar.","ean":"8727200195214"},{"full_name":"OLD EL PASO tortillas mejicanas de trigo 8 unidades envase 326 g","name":"tortillas mejicanas de trigo 8 unidades envase 326 g","brand":"OLD EL PASO ","img":"https://sgfm.elcorteingles.es/SGFM/dctm/MEDIA03/201606/22/00118010000935____1__600x600.jpg","price":"1,99 €","price_unit":"(6,10 € / Kilo)","categories":["Supermercado","Alimentación General","Comida Internacional","Comida mexicana y tex-mex","OLD EL PASO tortillas mejicanas de trigo 8 unidades envase 326 g"],"general_information":["Denominación del alimento: Tortillas Mejicanas de trigo","Nombre del operador: GENERAL MILLS IBERICA S.A.U.","Dirección del operador: C/Serrano Galvache, 56, Complejo Parque Norte, Edificio Álamo, planta 12, 28033 Madrid, España.","Cantidad Neta: 326 g","Número de raciones por envase: 8"],"ingredients":[" Harina de trigo, agua, estabilizante: glicerina,  aceite refinado de girasol, emulgente: monoglicéridos y digliceridos de ácidos grasos; dextrosa, gasificantes: carbonato ácido de sodio, difosfato disódico; sal.Alérgenos: ver ingredientes en negrita.Envasado en atmósfera protectora."],"conservation":" Conservar en lugar fresco y seco. Una vez abierto, cerrar el envase, refrigerar y consumir antes de 3 días. Puede congelarse en casa. Descongelar completamente antes de usar.","ean":"0046000283265"},{"full_name":"OLD EL PASO tortillas mejicanas de trigo Wraps 6 unidades envase 350 g","name":"tortillas mejicanas de trigo Wraps 6 unidades envase 350 g","brand":"OLD EL PASO ","img":"https://sgfm.elcorteingles.es/SGFM/dctm/MEDIA03/201606/22/00118010002014____1__600x600.jpg","price":"2,76 €","price_unit":"(7,89 € / Kilo)","categories":["Supermercado","Alimentación General","Comida Internacional","Comida mexicana y tex-mex","OLD EL PASO tortillas mejicanas de trigo Wraps 6 unidades envase 350 g"],"general_information":["Denominación del alimento: Tortillas mejicanas de trigo.","Nombre del operador: GENERAL MILLS IBERICA S.A.U.","Dirección del operador: C/Serrano Galvache, 56, Complejo Parque Norte, Edificio Álamo, planta 12, 28033 Madrid, España.","Cantidad Neta: 467 g","Número de raciones por envase: 8"],"ingredients":[" Harina de trigo, agua, estabilizante: glicerina;  aceite refinado de girasol, emulgente: monoglicéridos y digliceridos de ácidos grasos; dextrosa, gasificantes: carbonato ácido de sodio, difosfato disódico; sal. Alérgenos: ver ingredientes en negrita."],"conservation":" Conservar en lugar fresco y seco. Una vez abierto, cerrar el envase, refrigerar y consumir antes de 3 días. Puede congelarse en casa. Descongelar completamente antes de usar.","ean":"8410076473875"},{"full_name":"OLD EL PASO tortillas integrales suaves pack 6 unidades envase 350 g","name":"tortillas integrales suaves pack 6 unidades envase 350 g","brand":"OLD EL PASO ","img":"https://sgfm.elcorteingles.es/SGFM/dctm/MEDIA03/201606/22/00118010001883____1__600x600.jpg","price":"2,50 €","price_unit":"(7,14 € / Kilo)","categories":["Supermercado","Alimentación General","Comida Internacional","Comida mexicana y tex-mex","OLD EL PASO tortillas integrales suaves pack 6 unidades envase 350 g"],"general_information":["Denominación del alimento: Tortillas de trigo integrales","Nombre del operador: GENERAL MILLS IBERICA S.A.U.","Dirección del operador: C/Serrano Galvache, 56, Complejo Parque Norte, Edificio Álamo, planta 12, 28033 Madrid, España.","Cantidad Neta: 350 g","Número de raciones por envase: 6","Otras menciones obligatorias en la etiqueta: Envasado en atmósfera protectora."],"ingredients":[" Preparado a base de harina de trigo (58,5%) [harina de trigo, harina integral de trigo (11%), salvado de trigo (5%)], agua, estabilizador: glicerina; aceite de girasol, emulgente: monoglicéridos y diglicéridos de ácidos grasos; dextrosa, gasificantes: carbonato ácido de sodio, difosfato disódico; sal. Alérgenos: ver ingredientes en negrita."],"conservation":" Conservar en lugar fresco y seco. Una vez abierto, cerrar el envase, refrigerar y consumir antes de 3 días. Puede congelarse en casa. Descongelar completamente antes de usar.","ean":"8410076470744"},{"full_name":"OLD EL PASO burrito kit caja 515 g","name":"burrito kit caja 515 g","brand":"OLD EL PASO ","img":"https://sgfm.elcorteingles.es/SGFM/dctm/MEDIA03/201709/26/00118010000893____2__600x600.jpg","price":"4,70 €","price_unit":"(9,13 € / Kilo)","categories":["Supermercado","Alimentación General","Comida Internacional","Comida mexicana y tex-mex","OLD EL PASO burrito kit caja 515 g"],"general_information":["Denominación del alimento: Tortillas de trigo /Salsa de tomate, cebolla, pimiento verde y pimiento Guajillo /Sazonador para Burritos","Nombre del operador: GENERAL MILLS IBERICA S.A.U.","Dirección del operador: C/Serrano Galvache, 56, Complejo Parque Norte, Edificio Álamo, planta 12, 28033 Madrid, España.","Cantidad Neta: 510 g","Número de raciones por envase: 8","Otras menciones obligatorias en la etiqueta: Tortillas: Envasado en atmósfera protectora."],"ingredients":[" Tortillas de trigo Mexicanas extra tiernas (64%): Harina de trigo, agua, estabilizante: glicerina; aceite refinado de girasol, emulgente: monoglicéridos y digliceridos de ácidos grasos; dextrosa, gasificantes: carbonato ácido de sodio, difosfatos; sal.Salsa para acompañar (28%): Tomate (64%), cebolla (17%), pimiento verde (11%), pasta de tomate, sal, vinagre de alcohol, azúcar, zumo de limón concentrado, pimiento Guajillo (0,4%), ajo en polvo, aroma natural, corrector de acidez: ácido cítrico; endurecedor: cloruro de calcio; almidón modificado de maíz.Sazonador (8%): Harina de trigo, judías pintas en polvo (20%), especias (pimentón dulce (4%), comino, jengibre, pimienta de Cayena, pimienta negra, pimiento chile, cúrcuma) (15%), sal, hortalizas deshidratados (cebolla, ajo), almidón modificado de patata, copos de pimentón dulce, planta aromática (orégano), corrector de acidez: ácido cítrico; aroma.Alérgenos: ver ingredientes en negrita."],"conservation":" Conservar en lugar fresco y seco.","ean":"8410076471710"},{"full_name":"OLD EL PASO kit para fajitas original barbacoa suave estuche 500 g","name":"kit para fajitas original barbacoa suave estuche 500 g","brand":"OLD EL PASO ","img":"https://sgfm.elcorteingles.es/SGFM/dctm/MEDIA03/201711/20/00118010001123____2__600x600.jpg","price":"4,52 €","price_unit":"(9,04 € / Kilo)","categories":["Supermercado","Alimentación General","Comida Internacional","Comida mexicana y tex-mex","OLD EL PASO kit para fajitas original barbacoa suave estuche 500 g"],"general_information":["Denominación del alimento: Tortillas de trigo /Salsa de tomate, cebolla, pimiento verde y pimiento Guajillo / Sazonador para Fajitas","Nombre del operador: GENERAL MILLS IBERICA S.A.U.","Dirección del operador: C/Serrano Galvache, 56, Complejo Parque Norte, Edificio Álamo, planta 12, 28033 Madrid, España.","Cantidad Neta: 500 g","Número de raciones por envase: 8","Otras menciones obligatorias en la etiqueta: Tortillas: Envasado en atmósfera protectora."],"ingredients":[" Tortillas Mexicanas de trigo extra tiernas (65%): Harina de trigo, agua, estabilizante: glicerina, aceite refinado de girasol, emulgente: monoglicéridos y digliceridos de ácidos grasos; dextrosa, gasificantes: carbonato ácido de sodio, difosfatos; sal.Salsa para acompañar (29%): Tomate (64%), cebolla (17%), pimiento verde (11%), pasta de tomate, sal, vinagre de alcohol, azúcar, zumo de limón concentrado, pimiento Guajillo (0,4%), ajo en polvo, aroma natural, corrector de acidez: ácido cítrico; endurecedor: cloruro de calcio; almidón modificado de maíz.Sazonador (6%): Azúcar, hortalizas deshidratadas (cebolla, ajo), sal, proteína de soja hidrolizada, especias (pimienta negra, pimienta de Cayena, jengibre) (6%), aroma de humo, corrector de acidez: ácido cítrico; aromas, extracto de levadura, colorante: caramelo natural.Alérgenos: ver ingredientes en negrita."],"conservation":" Conservar en lugar fresco y seco.","ean":"8727200190677"},{"full_name":"OLD EL PASO kit para fajitas crujientes sin picante extra suave caja 521 g","name":"kit para fajitas crujientes sin picante extra suave caja 521 g","brand":"OLD EL PASO ","img":"https://sgfm.elcorteingles.es/SGFM/dctm/MEDIA03/201711/20/00118010002436____7__600x600.jpg","price":"5,00 €","price_unit":"(9,60 € / Kilo)","categories":["Supermercado","Alimentación General","Comida Internacional","Comida mexicana y tex-mex","OLD EL PASO kit para fajitas crujientes sin picante extra suave caja 521 g"],"general_information":["Denominación del alimento: Kit para Fajitas con salsa suave de tomate","Nombre del operador: GENERAL MILLS IBERICA S.A.U.","Dirección del operador: C/Serrano Galvache, 56, Complejo Parque Norte, Edificio Álamo, planta 12, 28033 Madrid, España.","Cantidad Neta: 521 g","Número de raciones por envase: 8"],"ingredients":[" Ingredientes de las tortillas de trigo (326 g): Harina de trigo, agua, estabilizante: glicerina; manteca de palma, aceite refinado de nabina, emulgente: monoglicéridos y digliceridos de ácidos grasos; dextrosa, gasificantes: carbonato ácido de sodio, difosfato disódico; sal. Envasado en atmósfera protectora.  Ingredientes de la salsa suave de tomate (130 g): Puré de tomate (52%), agua, azúcar, cebolla en polvo, sal, zumo de limón concentrado, vinagre de alcohol, especias, ajo en polvo, copos de cilantro, corrector de acidez: ácido cítrico.  Ingredientes del preparado para rebozar (65 g): Harina de trigo, sal, levadura, colorantes: annato, extracto de pimentón; aroma, pimentón dulce, cebolla en polvo. Alérgenos: ver ingredientes en negrita."],"conservation":" Conservar en lugar fresco y seco.","ean":"8410076472649"},{"full_name":"OLD EL PASO sazonador para fajitas sobre 30 g","name":"sazonador para fajitas sobre 30 g","brand":"OLD EL PASO ","img":"https://sgfm.elcorteingles.es/SGFM/dctm/MEDIA03/201711/22/00118010001396____1__600x600.jpg","price":"1,00 €","price_unit":"(33,33 € / Kilo)","categories":["Supermercado","Alimentación General","Comida Internacional","Comida mexicana y tex-mex","OLD EL PASO sazonador para fajitas sobre 30 g"],"general_information":["Denominación del alimento: Sazonador para Fajitas","Nombre del operador: GENERAL MILLS IBERICA S.A.U.","Dirección del operador: C/Serrano Galvache, 56, Complejo Parque Norte, Edificio Álamo, planta 12, 28033 Madrid, España.","Cantidad Neta: 30 g","Número de raciones por envase: 8"],"ingredients":[" Azúcar, hortalizas deshidratadas (cebolla, ajo), sal, proteína de soja hidrolizada, especias (pimienta negra, pimienta de Cayena, jengibre) (6%), aroma de humo, corrector de acidez (ácido cítrico), aromas, extracto de levadura, colorante (caramelo natural). Alérgenos: ver ingredientes en negrita."],"conservation":" Conservar en lugar fresco y seco.","ean":"8410076491831"},{"full_name":"OLD EL PASO sazonador para guacamole sobre 20 g","name":"sazonador para guacamole sobre 20 g","brand":"OLD EL PASO ","img":"https://sgfm.elcorteingles.es/SGFM/dctm/MEDIA03/201711/20/00118010000968____6__600x600.jpg","price":"1,00 €","categories":["Supermercado","Alimentación General","Comida Internacional","Comida mexicana y tex-mex","OLD EL PASO sazonador para guacamole sobre 20 g"],"general_information":["Denominación del alimento: Sazonador para Guacamole","Nombre del operador: GENERAL MILLS IBERICA S.A.U.","Dirección del operador: C/Serrano Galvache, 56, Complejo Parque Norte, Edificio Álamo, planta 12, 28033 Madrid, España.","Cantidad Neta: 20 g","Número de raciones por envase: 8"],"ingredients":[" Hortalizas deshidratadas (cebolla, pimiento rojo, ajo), jarabe de glucosa deshidratado, sal, dextrosa, especias (9,01%) (comino, pimienta de Cayena, cilantro, pimientón dulce, pimienta negra, jengibre), extracto de levadura, corrector de acidez: ácido cítrico; plantas aromáticas (orégano, perejil), extracto de especias ."],"conservation":" Conservar en lugar fresco y seco.","ean":"0046000815213"},{"full_name":"OLD EL PASO sazonador para burritos sobre 40 g","name":"sazonador para burritos sobre 40 g","brand":"OLD EL PASO ","img":"https://sgfm.elcorteingles.es/SGFM/dctm/MEDIA03/201711/22/00118010001099____1__600x600.jpg","price":"1,09 €","categories":["Supermercado","Alimentación General","Comida Internacional","Comida mexicana y tex-mex","OLD EL PASO sazonador para burritos sobre 40 g"],"general_information":["Denominación del alimento: Sazonador para Burritos","Nombre del operador: GENERAL MILLS IBERICA S.A.U.","Dirección del operador: C/Serrano Galvache, 56, Complejo Parque Norte, Edificio Álamo, planta 12, 28033 Madrid, España.","Cantidad Neta: 40 g","Número de raciones por envase: 8"],"ingredients":[" Harina de trigo, judías pintas en polvo, especias (15,3%) (pimentón dulce, comino, jengibre, pimienta de Cayena, pimienta negra, pimiento chile, cúrcuma), sal, vegetales deshidratados (cebolla, ajo), almidón modificado de patata, pimentón dulce, orégano, corrector de acidez: ácido cítrico; aroma. Alérgenos: ver ingredientes en negrita."],"conservation":" Conservar en lugar fresco y seco.","ean":"8410076490797"},{"full_name":"OLD EL PASO sazonador para tacos original suave sobre 35 g","name":"sazonador para tacos original suave sobre 35 g","brand":"OLD EL PASO ","img":"https://sgfm.elcorteingles.es/SGFM/dctm/MEDIA02/CONTENIDOS/201507/15/00118010300111____1__600x600.jpg","price":"1,59 €","price_unit":"(45,43 € / Kilo)","categories":["Supermercado","Alimentación General","Comida Internacional","Comida mexicana y tex-mex","OLD EL PASO sazonador para tacos original suave sobre 35 g"],"general_information":["Denominación del alimento: Sazonador para Tacos","Nombre del operador: GENERAL MILLS IBERICA S.A.U.","Dirección del operador: C/Serrano Galvache, 56, Complejo Parque Norte, Edificio Álamo, planta 12, 28033 Madrid, España.","Cantidad Neta: 25 g","Número de raciones por envase: 8"],"ingredients":[" Especias [pimentón dulce (20%), comino (12%), pimiento rojo chili)], hortalizas deshidratadas [cebolla (13%), ajo (8%)], sal, maltrodextrina, almidón de maíz, plantas aromáticas (orégano, mejorama), extracto de levadura, extracto de pimentón."],"conservation":" Conservar en lugar fresco y seco.","ean":"8410076491848"},{"full_name":"OLD EL PASO chili con carne lata 418 g","name":"chili con carne lata 418 g","brand":"OLD EL PASO ","img":"https://sgfm.elcorteingles.es/SGFM/dctm/MEDIA03/201711/22/00118010000992____1__600x600.jpg","price":"3,05 €","price_unit":"(7,30 € / Kilo)","categories":["Supermercado","Alimentación General","Comida Internacional","Comida mexicana y tex-mex","OLD EL PASO chili con carne lata 418 g"],"general_information":["Denominación del alimento: Chili con carne","Nombre del operador: GENERAL MILLS IBERICA S.A.U.","Dirección del operador: C/Serrano Galvache, 56, Complejo Parque Norte, Edificio Álamo, planta 12, 28033 Madrid, España.","Cantidad Neta: 418 g","Número de raciones por envase: 2"],"ingredients":[" Agua, carne de vacuno acecinada (26%) (contiene conservador: nitrito sódico), alubias rojas (23%), puré de tomate (12%), cebolla (3,7%), pimiento rojo (0,5%), pimiento verde (0,5%), especias (0,45%), vinagre de alcohol, almidón modificado de maíz, harina de trigo, aroma (contiene soja), sal, azúcar, potenciador del sabor: glutamato de monosodio; estabilizante: goma guar; plantas aromáticas (contiene apio), colorante: extracto de pimentón. Alérgenos: ver ingredientes en negrita."],"conservation":" Conservar en lugar fresco y seco. Una vez abierto, mantener en el frigorífico y consumir en una semana.","ean":"8410076460684"},{"full_name":"MEXIFOODS Bio Totopos sabor queso sin gluten ecológicos bolsa 125 g","name":"Bio Totopos sabor queso sin gluten ecológicos bolsa 125 g","brand":"MEXIFOODS ","img":"https://sgfm.elcorteingles.es/SGFM/dctm/MEDIA03/201609/08/00120753600277____1__600x600.jpg","price":"2,44 €","price_unit":"(19,52 € / Kilo)","categories":["Supermercado","Alimentación General","Comida Internacional","Comida mexicana y tex-mex","MEXIFOODS Bio Totopos sabor queso sin gluten ecológicos bolsa 125 g"],"general_information":["Denominación del alimento: Snack de maíz frito sabor queso","Nombre del operador: Mexifoods S.L.","Dirección del operador: C/ Paloma 2, P.I. Los Gallegos 28946, Fuenlabrada, Madrid.","Cantidad Neta: 125 g"],"ingredients":[" Maíz amarillo grano* (75%), aceite vegetal (girasol)*, condimento de queso (maltodextina*, queso en polvo* (2,1%), sal, sabor natural, cebolla*, extracto de levadura).*(=de agricultura ecológica)"],"conservation":" Conservar a temperatura ambiente en lugar fresco y seco.","ean":"8422424101583"},{"full_name":"MEXIFOODS chiles jalapeños en rodajas envase 220 g","name":"chiles jalapeños en rodajas envase 220 g","brand":"MEXIFOODS ","img":"https://sgfm.elcorteingles.es/SGFM/dctm/MEDIA02/CONTENIDOS/201509/22/00118010002261____1__600x600.jpg","price":"2,55 €","price_unit":"(11,59 € / Kilo)","categories":["Supermercado","Alimentación General","Comida Internacional","Comida mexicana y tex-mex","MEXIFOODS chiles jalapeños en rodajas envase 220 g"],"general_information":["Denominación del alimento: Jalapeños en rodajas","Nombre del operador: Mexifoods S.L.","Dirección del operador: C/ Paloma 2, P.I. Los Gallegos 28946, Fuenlabrada, Madrid.","Cantidad Neta: 225 g"],"ingredients":[" Pimientos jalapeños, agua, sal, acidulante (E330) y endurecedor (E509)."],"conservation":" Consérvese en lugar fresco y seco. Una vez abierto, conservar en el frigorífico.","ean":"8422424500218"},{"full_name":"MEXIFOODS Bio Totopos sabor original sin gluten ecológicos bolsa 125 g","name":"Bio Totopos sabor original sin gluten ecológicos bolsa 125 g","brand":"MEXIFOODS ","img":"https://sgfm.elcorteingles.es/SGFM/dctm/MEDIA03/201609/08/00120753600269____1__600x600.jpg","price":"2,44 €","price_unit":"(19,52 € / Kilo)","categories":["Supermercado","Alimentación General","Comida Internacional","Comida mexicana y tex-mex","MEXIFOODS Bio Totopos sabor original sin gluten ecológicos bolsa 125 g"],"general_information":["Denominación del alimento: Snack de maíz frito con sal BIO","Nombre del operador: Mexifoods S.L.","Dirección del operador: C/ Paloma 2, P.I. Los Gallegos 28946, Fuenlabrada, Madrid.","Cantidad Neta: 125 g"],"ingredients":[" Maíz amarillo grano* (80%), aceite vegetal (girasol)* y sal marina. *(=de agricultura ecológica)"],"conservation":" Conservar a temperatura ambiente en lugar fresco y seco.","ean":"8422424101590"},{"full_name":"MEXIFOODS Totopos nachos fritos de maíz bolsa 300 g","name":"Totopos nachos fritos de maíz bolsa 300 g","brand":"MEXIFOODS ","img":"https://sgfm.elcorteingles.es/SGFM/dctm/MEDIA02/CONTENIDOS/201509/22/00118010000190____1__600x600.jpg","price":"2,59 €","price_unit":"(8,63 € / Kilo)","categories":["Supermercado","Alimentación General","Comida Internacional","Comida mexicana y tex-mex","MEXIFOODS Totopos nachos fritos de maíz bolsa 300 g"],"general_information":["Denominación del alimento: Snack de maíz frito con sal","Nombre del operador: Mexifoods S.L.","Dirección del operador: C/ Paloma 2, P.I. Los Gallegos 28946, Fuenlabrada, Madrid.","Cantidad Neta: 300 g"],"ingredients":[" Harina de maíz (73%), grasa vegetal (palma), agua, sal (1%)."],"conservation":" Consérvese en lugar fresco y seco.","ean":"8422424303000"},{"full_name":"MEXIFOODS tortillas de trigo de 6 unidades paquete 370 g","name":"tortillas de trigo de 6 unidades paquete 370 g","brand":"MEXIFOODS ","img":"https://sgfm.elcorteingles.es/SGFM/dctm/MEDIA03/201604/05/00118010001263____1__600x600.jpg","price":"1,94 €","price_unit":"(5,24 € / Kilo)","categories":["Supermercado","Alimentación General","Comida Internacional","Comida mexicana y tex-mex","MEXIFOODS tortillas de trigo de 6 unidades paquete 370 g"],"general_information":["Denominación del alimento: Tortillas","Nombre del operador: Mexifoods S.L.","Dirección del operador: C/ La Paloma nº2 P.I. los Gallegos, 28946 Fuenlabrada (Madrid)","Cantidad Neta: 500 g"],"ingredients":[" Harina de trigo (60%), agua, grasas y aceites vegetales (palma), estabilizante E422, estabilizante E415, sal, emulgente: mono y di glicéridos  de ácidos grasos vegetales, corrector de acidez E330, conservador E281, conservador E202, gasificante E450, gasificante E500, antiaglomerante E170"],"conservation":"Modo de empleo: En un horno precalentado (200º), envolver cada tortilal en papel de aluminio  y calentar en el horno entre 10 y 12 minutos","ean":"8422424100036"},{"full_name":"MEXIFOODS tortillas de trigo mini 10 unidades paquete 250 g","name":"tortillas de trigo mini 10 unidades paquete 250 g","brand":"MEXIFOODS ","img":"https://sgfm.elcorteingles.es/SGFM/dctm/MEDIA02/CONTENIDOS/201509/22/00118010000166____1__600x600.jpg","price":"1,85 €","price_unit":"(7,40 € / Kilo)","categories":["Supermercado","Alimentación General","Comida Internacional","Comida mexicana y tex-mex","MEXIFOODS tortillas de trigo mini 10 unidades paquete 250 g"],"general_information":["Denominación del alimento: Tortillas de trigo","Nombre del operador: Mexifoods S.L.","Dirección del operador: C/ Paloma 2, P.I. Los Gallegos 28946, Fuenlabrada, Madrid.","Cantidad Neta: 250 g"],"ingredients":[" Harina de trigo (60%), agua, grasa vegetal (palma), estabilizantes: E422 y E415, sal, aceite vegetal (girasol), emulgente: mono y di-glicéridos de ácidos grasos vegetales, corrector de acidez: E330, conservadores: E281 y E202, Gasificantes: E450 y E500."],"conservation":" Consérvese en lugar fresco y seco.","ean":"8422424100043"},{"full_name":"MEXIFOODS tortillas de maíz paquete 250 g","name":"tortillas de maíz paquete 250 g","brand":"MEXIFOODS ","img":"https://sgfm.elcorteingles.es/SGFM/dctm/MEDIA02/CONTENIDOS/201509/22/00118010000208____1__600x600.jpg","price":"1,99 €","price_unit":"(7,96 € / Kilo)","categories":["Supermercado","Alimentación General","Comida Internacional","Comida mexicana y tex-mex","MEXIFOODS tortillas de maíz paquete 250 g"],"general_information":["Denominación del alimento: Tortillas de maíz","Nombre del operador: Mexifoods S.L.","Dirección del operador: C/ Paloma 2, P.I. Los Gallegos 28946, Fuenlabrada, Madrid.","Cantidad Neta: 250 g"],"ingredients":[" Harina de maíz (47%), agua, sal, estabilizantes: (E466, E412), conservadores (E282, E202), corrector de acidez (E296)."],"conservation":" Consérvese en lugar fresco y seco.","ean":"8422424100012"},{"full_name":"MEXIFOODS fajitas kit paquete 410 g","name":"fajitas kit paquete 410 g","brand":"MEXIFOODS ","img":"https://sgfm.elcorteingles.es/SGFM/dctm/MEDIA02/CONTENIDOS/201509/22/00200110002235____1__600x600.jpg","price":"5,55 €","price_unit":"(12,07 € / Kilo)","categories":["Supermercado","Alimentación General","Comida Internacional","Comida mexicana y tex-mex","MEXIFOODS fajitas kit paquete 410 g"],"general_information":["Denominación del alimento: Kit de fajitas","Nombre del operador: Mexifoods S.L.","Dirección del operador: C/ Paloma 2, P.I. Los Gallegos 28946, Fuenlabrada, Madrid.","Cantidad Neta: 470 g"],"ingredients":[" Bolsa de 10 tortillas de trigo: Harina de trigo (60%), agua, grasa vegetal (palma), estabilizante: E422 y E415, sal, aceite vegetal (girasol), emulgente: mono y di-glicéridos de ácidos grasos vegetales, corrector de acidez: E-330, conservadores: E281 y E202, gasificantes: E450 y E500. 2 sobres de Salsa Mexicana casera: tomate, cebolla, jalapeños, vinagre, agua, azúcar, sal, almidón modificado de maíz, ajo, conservadores (E211, E202), especias. 1 sazonador para fajitas: fécula, azúcar, aromas, especias, potenciador del sabor (E621), sal, corrector de acidez (E262, E330) y colorante (E150a)."],"conservation":" Consérvese en lugar fresco y seco.","ean":"8422424500294"},{"full_name":"MEXIFOODS Bio salsa mexicana ecológica envase 260 g","name":"Bio salsa mexicana ecológica envase 260 g","brand":"MEXIFOODS ","img":"https://sgfm.elcorteingles.es/SGFM/dctm/MEDIA03/201608/08/00120752600187____2__600x600.jpg","price":"2,50 €","price_unit":"(9,62 € / Kilo)","categories":["Supermercado","Alimentación General","Comida Internacional","Comida mexicana y tex-mex","MEXIFOODS Bio salsa mexicana ecológica envase 260 g"],"general_information":["Denominación del alimento: Salsa Mexicana","Nombre del operador: Mexifoods S.L.","Dirección del operador: C/ Paloma 2, P.I. Los Gallegos 28946, Fuenlabrada, Madrid.","Cantidad Neta: 260 g"],"ingredients":[" Tomates 79%*, cebollas*, pasta de tomate*, vinagre*, pimiento verde dulce*, almidón de arroz*, sal marina, agua, ajo en polvo*, pimienta de cayena*, antioxidante E-300. *(=de agricultura ecológica)."],"conservation":" Conservar a temperatura ambiente en lugar fresco y seco y preservado de la luz del sol. Una vez abierto el envase conservar a temperatura entre 0°C y 5°C.","ean":"8422424102603"},{"full_name":"SANTA MARIA tortilla trigo soft bolsa 320 g","name":"tortilla trigo soft bolsa 320 g","brand":"SANTA MARIA ","img":"https://sgfm.elcorteingles.es/SGFM/dctm/MEDIA02/CONTENIDOS/201504/21/00118010002386____1__600x600.jpg","price":"1,92 €","price_unit":"(6 € / Kilo)","categories":["Supermercado","Alimentación General","Comida Internacional","Comida mexicana y tex-mex","SANTA MARIA tortilla trigo soft bolsa 320 g"],"general_information":["Denominación del alimento: Tortas de trigo","País de origen: Suecia","Nombre del operador: Ofistrade S.A.","Dirección del operador: C/Buenos Aires 38-40, entlo. C - 08036 Barcelona","Lugar de procedencia del alimento: Suecia","Cantidad Neta: 320 g"],"ingredients":[" Harina de trigo (64%), agua, aceite de nabina, humectante (E422), sal, emulgente (E471), Gluten de trigo, gasificante (bicarbonato de sodio), acidulante (ácido cítrico) y agente espesante (E415)."],"conservation":" Consérvese en lugar fresco y seco.","ean":"7311310331276"},{"full_name":"SANTA MARIA tortilla wrap bolsa 371 g","name":"tortilla wrap bolsa 371 g","brand":"SANTA MARIA ","img":"https://sgfm.elcorteingles.es/SGFM/dctm/MEDIA02/CONTENIDOS/201504/21/00118010002394____1__600x600.jpg","price":"3,82 €","price_unit":"(10,30 € / Kilo)","categories":["Supermercado","Alimentación General","Comida Internacional","Comida mexicana y tex-mex","SANTA MARIA tortilla wrap bolsa 371 g"],"general_information":["Denominación del alimento: Tortillas wrap","País de origen: Suecia","Nombre del operador: Ofistrade S.A.","Dirección del operador: C/Buenos Aires 38-40, entlo. C - 08036 Barcelona","Lugar de procedencia del alimento: Suecia","Cantidad Neta: 371 g"],"ingredients":[" Harina de trigo (64%), agua, aceite de nabina, humectante (E422), sal, emulgente (E471), gluten de trigo, agente gasificante (bicarbonato de sodio), acidulante (ácido cítrico) y agente espesante (E415)."],"conservation":" Consérvese en lugar fresco y seco.","ean":"7311310312879"},{"full_name":"SANTA MARIA frijoles con chile lata 410 g","name":"frijoles con chile lata 410 g","brand":"SANTA MARIA ","img":"https://sgfm.elcorteingles.es/SGFM/dctm/MEDIA02/CONTENIDOS/201504/21/00118010500017____1__600x600.jpg","price":"3,59 €","price_unit":"(17,95 € / Kilo)","categories":["Supermercado","Alimentación General","Comida Internacional","Comida mexicana y tex-mex","SANTA MARIA frijoles con chile lata 410 g"],"general_information":["Denominación del alimento: S.M.MEXICAN CHILI BEANS 410g","País de origen: Estados Unidos","Nombre del operador: Ofistrade S.A.","Dirección del operador: C/Buenos Aires 38-40, entlo. C - 08036 Barcelona","Cantidad Neta: 410 g"],"ingredients":[" Alubia pinta roja (60%), tomates (30%), agua, cebolla (4,5%), especias (pimenton, pimiento chile (0,1%), pimienta cayena, comino), sal, aroma."],"conservation":" Consérvese en lugar fresco y seco.","ean":"7311310396374"},{"full_name":"LA COSTEÑA chiles jalapeños en escabeche lata 125 g neto escurrido","name":"chiles jalapeños en escabeche lata 125 g neto escurrido","brand":"LA COSTEÑA ","img":"https://sgfm.elcorteingles.es/SGFM/00/40/6/0118010000406/0118010000406000g01011.jpg","price":"1,64 €","price_unit":"(13,12 € / Kilo)","categories":["Supermercado","Alimentación General","Comida Internacional","Comida mexicana y tex-mex","LA COSTEÑA chiles jalapeños en escabeche lata 125 g neto escurrido"],"general_information":["Denominación del alimento: Chiles Jalapeños en Escabeche","País de origen: México","Nombre del operador: Central Mexicana de Abastos S.L.","Dirección del operador: Puerto de Guadarrama 30, Pol Ind. Las Nieves 28935 Móstoles, Madrid.","Cantidad Neta: 220 g","Peso neto escurrido: 121 g"],"ingredients":[" Chiles Jalapeños (42%), escabeches (58%) (agua, vinagre, cebolla, zanahoria, sal yodada, aceite de soja y mezcla de especias)."],"conservation":" Una vez abierto, vacíe el contenido en otro recipiente y refrigérelo.","ean":"7501017005000"},{"full_name":"LA COSTEÑA chiles serranos en escabeche lata 121 g neto escurrido","name":"chiles serranos en escabeche lata 121 g neto escurrido","brand":"LA COSTEÑA ","img":"https://sgfm.elcorteingles.es/SGFM/00/33/1/0118010000331/0118010000331000g01011.jpg","price":"1,46 €","price_unit":"(12,07 € / Kilo)","categories":["Supermercado","Alimentación General","Comida Internacional","Comida mexicana y tex-mex","LA COSTEÑA chiles serranos en escabeche lata 121 g neto escurrido"],"general_information":["Denominación del alimento: Chiles serranos en escabeche","Nombre del operador: Central Mexicana de Abastos S.L.","Dirección del operador: Puerto de Guadarrama 30, Pol Ind. Las Nieves 28935 Móstoles, Madrid.","Cantidad Neta: 220 g","Peso neto escurrido: 121 g"],"ingredients":[" Chiles serranos (mínimo 44%), escabeche (56%) (Agua, vinagre, cebolla, zanahoria, sal yodada, especias y aceite de soja.)"],"conservation":" Una vez abierto, vacíe el contenido en otro recipiente y refrigérelo.","ean":"7501017005017"},{"full_name":"LA COSTEÑA rajas rojas de jalapeño lata 121 g","name":"rajas rojas de jalapeño lata 121 g","brand":"LA COSTEÑA ","img":"https://sgfm.elcorteingles.es/SGFM/00/37/2/0118010000372/0118010000372000g01011.jpg","price":"2,55 €","price_unit":"(21,07 € / Kilo)","categories":["Supermercado","Alimentación General","Comida Internacional","Comida mexicana y tex-mex","LA COSTEÑA rajas rojas de jalapeño lata 121 g"],"general_information":[],"ingredients":[],"ean":"7501017005024"},{"full_name":"LA COSTEÑA frijoles negros enteros lata 560 g","name":"frijoles negros enteros lata 560 g","brand":"LA COSTEÑA ","img":"https://sgfm.elcorteingles.es/SGFM/01/33/9/0118010001339/0118010001339000g01011.jpg","price":"2,74 €","price_unit":"(4,89 € / Kilo)","categories":["Supermercado","Alimentación General","Comida Internacional","Comida mexicana y tex-mex","LA COSTEÑA frijoles negros enteros lata 560 g"],"general_information":["Denominación del alimento: Frijoles Negros Enteros Costeña","País de origen: México","Nombre del operador: Central Mexicana de Abastos S.L.","Dirección del operador: Puerto de Guadarrama 30, Pol Ind. Las Nieves 28935 Móstoles, Madrid.","Cantidad Neta: 560 g","Peso neto escurrido: 290 g"],"ingredients":[" Agua, frijol negro (19.7%), aceite vegetal de soja, cebolla, sal yodada, grasa de origen animal (manteca de cerdo), chile jalapeño, potenciador de sabor E-621 y mezcla de especias."],"conservation":" Una vez abierto, vacíe el contenido en otro recipiente y refrigérelo.","ean":"7501017004294"},{"full_name":"LA COSTEÑA frijoles negros refritos lata 580 g","name":"frijoles negros refritos lata 580 g","brand":"LA COSTEÑA ","img":"https://sgfm.elcorteingles.es/SGFM/dctm/MEDIA02/CONTENIDOS/201601/18/00118010002493____1__600x600.jpg","price":"2,81 €","price_unit":"(4,84 € / Kilo)","categories":["Supermercado","Alimentación General","Comida Internacional","Comida mexicana y tex-mex","LA COSTEÑA frijoles negros refritos lata 580 g"],"general_information":["Denominación del alimento: Frijoles negros refritos","Nombre del operador: Central Mexicana de Abastos S.L.","Dirección del operador: Puerto de Guadarrama 30, Pol Ind. Las Nieves 28935 Móstoles, Madrid.","Cantidad Neta: 580 g"],"ingredients":[" Agua, frijol negro (21%), aceite vegetal de soja, cebolla, sal yodada, grasa de origen animal, chile jalapeño, potenciador de sabor E621 y mezcla de especias."],"conservation":" Una vez abierto, vacíe el contenido en otro recipiente y refrigérelo.","ean":"7501017004423"},{"full_name":"LA COSTEÑA frijoles ranch lata 210 g","name":"frijoles ranch lata 210 g","brand":"LA COSTEÑA ","img":"https://sgfm.elcorteingles.es/SGFM/dctm/MEDIA02/CONTENIDOS/201601/18/00118010002501____1__600x600.jpg","price":"1,97 €","price_unit":"(9,38 € / Kilo)","categories":["Supermercado","Alimentación General","Comida Internacional","Comida mexicana y tex-mex","LA COSTEÑA frijoles ranch lata 210 g"],"general_information":["Denominación del alimento: Frijoles estilo ranch La Costeña","Nombre del operador: Central Mexicana de Abastos S.L.","Dirección del operador: Puerto de Guadarrama 30, Pol Ind. Las Nieves 28935 Móstoles, Madrid.","Cantidad Neta: 410 g","Peso neto escurrido: 260 g"],"ingredients":[" Agua, frijol mayocoba 35%, pasta de tomate, cebolla, sal yodada, comino, vinagre, aceite de soja, grasa animal (manteca de cerdo), azúcar, caldo de pollo en polvo, mezcla de especias y condimentos, chile guajillo, y potenciador de sabor E621."],"conservation":" Una vez abierto, vacíe el contenido en otro recipiente y refrigérelo.","ean":"7501017042043"},{"full_name":"LA COSTEÑA nachos de jalapeños en escabeche lata 121 g neto escurrido","name":"nachos de jalapeños en escabeche lata 121 g neto escurrido","brand":"LA COSTEÑA ","img":"https://sgfm.elcorteingles.es/SGFM/01/32/1/0118010001321/0118010001321000g01011.jpg","price":"1,58 €","price_unit":"(13,06 € / Kilo)","categories":["Supermercado","Alimentación General","Comida Internacional","Comida mexicana y tex-mex","LA COSTEÑA nachos de jalapeños en escabeche lata 121 g neto escurrido"],"general_information":["Denominación del alimento: Nachos de Chiles Jalapeños en Escabeche","País de origen: México","Nombre del operador: Central Mexicana de Abastos S.L.","Dirección del operador: Puerto de Guadarrama 30, Pol Ind. Las Nieves 28935 Móstoles, Madrid.","Cantidad Neta: 220 g","Peso neto escurrido: 121 g"],"ingredients":[" Chiles Jalapeños (min. 40%), escabeches (60%) (agua, vinagre, cebolla, zanahoria, sal yodada, aceite de soja y mezcla de especias)."],"conservation":" Una vez abierto, vacíe el contenido en otro recipiente y refrigérelo.","ean":"7501017005062"},{"full_name":"LA COSTEÑA nopalitos frasco 440 g neto escurrido","name":"nopalitos frasco 440 g neto escurrido","brand":"LA COSTEÑA ","img":"https://sgfm.elcorteingles.es/SGFM/dctm/MEDIA02/CONTENIDOS/201412/10/00118010001776____1__600x600.jpg","price":"4,57 €","price_unit":"(10,39 € / Kilo)","categories":["Supermercado","Alimentación General","Comida Internacional","Comida mexicana y tex-mex","LA COSTEÑA nopalitos frasco 440 g neto escurrido"],"general_information":[],"ingredients":[],"ean":"0076397010106"},{"full_name":"LA SIERRA frijoles negros refritos lata 430 g","name":"frijoles negros refritos lata 430 g","brand":"LA SIERRA ","img":"https://sgfm.elcorteingles.es/SGFM/00/71/1/0118010000711/0118010000711000g01011.jpg","price":"3,79 €","price_unit":"(8,52 € / Kilo)","categories":["Supermercado","Alimentación General","Comida Internacional","Comida mexicana y tex-mex","LA SIERRA frijoles negros refritos lata 430 g"],"general_information":["Denominación del alimento: Frijoles negros refritos.","País de origen: México","Nombre del operador: Importaciones cuesta S.L.","Dirección del operador: C/ del Puerto de Guadarrama, 28 - 28935 -Móstoles (Madrid).","Cantidad Neta: 430 g"],"ingredients":[" Frijoles negros (60%), agua, aceite vegetal: canola o girasol en proporción variable, cebolla y sal yodada."],"conservation":" Si no consume todo el contenido de la lata , vacie el remanente en un recipiente tapado. Mantengalo en refrigeración por un tiempo máximo de 3 dias.","ean":"7501052424521"},{"full_name":"LA SIERRA frijoles refritos bayo lata 430 g","name":"frijoles refritos bayo lata 430 g","brand":"LA SIERRA ","img":"https://sgfm.elcorteingles.es/SGFM/00/78/6/0118010000786/0118010000786000g01011.jpg","price":"3,79 €","price_unit":"(8,81 € / Kilo)","categories":["Supermercado","Alimentación General","Comida Internacional","Comida mexicana y tex-mex","LA SIERRA frijoles refritos bayo lata 430 g"],"general_information":["Denominación del alimento: Frijoles Bayos refritos.","País de origen: México","Nombre del operador: Importaciones cuesta S.L.","Dirección del operador: C/ del Puerto de Guadarrama, 28 - 28935 -Móstoles (Madrid).","Cantidad Neta: 430 g"],"ingredients":[" Frijoles bayos (60%), agua, aceite de girasol o aceite de canola, cebolla y sal yodada. Información adicional de Ingredientes: Aceites Vegetales: Canola o Girasol en proporción variable."],"ean":"7501052424538"},{"full_name":"LA SIERRA frijoles refritos con chipotle lata 430 g","name":"frijoles refritos con chipotle lata 430 g","brand":"LA SIERRA ","img":"https://sgfm.elcorteingles.es/SGFM/00/79/4/0118010000794/0118010000794000g01011.jpg","price":"3,99 €","price_unit":"(9,28 € / Kilo)","categories":["Supermercado","Alimentación General","Comida Internacional","Comida mexicana y tex-mex","LA SIERRA frijoles refritos con chipotle lata 430 g"],"general_information":[],"ingredients":[],"ean":"7501052424064"},{"full_name":"LA SIERRA frijoles enteros ranch lata 415 g","name":"frijoles enteros ranch lata 415 g","brand":"LA SIERRA ","img":"https://sgfm.elcorteingles.es/SGFM/dctm/MEDIA02/CONTENIDOS/201511/03/00118010002485____1__600x600.jpg","price":"2,92 €","price_unit":"(7,04 € / Kilo)","categories":["Supermercado","Alimentación General","Comida Internacional","Comida mexicana y tex-mex","LA SIERRA frijoles enteros ranch lata 415 g"],"general_information":["Denominación del alimento: Frijoles Ranch Enteros La Sierra lata 415g","País de origen: México","Nombre del operador: Importaciones Cuesta S.L.","Dirección del operador: C/ del Puerto de Guadarrama, 28 - 28935 -Móstoles (Madrid).","Cantidad Neta: 415 g","Peso neto escurrido: 264 g","Número de raciones por envase: 4"],"ingredients":[" Agua, frijol amarillo (mínimo 10%), concentrado de tomate (agua y pasta de tomate), sazonador, aceite vegetal (canola), mezcla de especias, azúcar y vinagre blanco de alcohol de caña."],"conservation":" Una vez abierto , vaciar el el resto de contenido en otro recipiente adecuado y refrigerar.","ean":"7501052425061"},{"full_name":"LA SIERRA frijoles negros enteros lata 560 g","name":"frijoles negros enteros lata 560 g","brand":"LA SIERRA ","img":"https://sgfm.elcorteingles.es/SGFM/01/25/5/0118010001255/0118010001255000g01011.jpg","price":"3,55 €","price_unit":"(6,34 € / Kilo)","categories":["Supermercado","Alimentación General","Comida Internacional","Comida mexicana y tex-mex","LA SIERRA frijoles negros enteros lata 560 g"],"general_information":["Denominación del alimento: Frijoles negros enteros","Nombre del operador: Importaciones cuesta S.L.","Dirección del operador: C/ del Puerto de Guadarrama, 28 - 28935 -Móstoles (Madrid).","Lugar de procedencia del alimento: México","Cantidad Neta: 560 g","Peso neto escurrido: 310 g","Otras menciones obligatorias en la etiqueta: Contiene apio."],"ingredients":[" Agua, frijol negro, cebolla, sazonador (sal, potenciador de sabor E621, proteina hidrolizada de soja, extracto de levadura, almidón de maíz, cebolla en polvo, pimiento rojo, colorantes: E100(i), E160c(i), semilla de apio, antiaglomerante E552), aceite vegetal (canola), sal yodada y chile."],"conservation":" Si no consume todo el contenido de la lata, vacíe el remanente en un recipiente tapado.Manténgalo en refrigeración por un tiempo maximo de 3 dias.","ean":"7501052424606"},{"full_name":"SAN MARCOS nopales tiernos frasco 196 g neto escurrido","name":"nopales tiernos frasco 196 g neto escurrido","brand":"SAN MARCOS ","img":"https://sgfm.elcorteingles.es/SGFM/00/63/8/0118010000638/0118010000638000g01011.jpg","price":"3,99 €","price_unit":"(20,36 € / Kilo)","categories":["Supermercado","Alimentación General","Comida Internacional","Comida mexicana y tex-mex","SAN MARCOS nopales tiernos frasco 196 g neto escurrido"],"general_information":["Denominación del alimento: Nopales tiernos en escabeche.","País de origen: México","Nombre del operador: VELDIS, S.A.","Dirección del operador: C/Puerto de Navacerrada, 59, 28935 Móstoles (Madrid).","Cantidad Neta: 320 g","Peso neto escurrido: 196 g"],"ingredients":[" Nopales tiernos (58%), agua, cebolla, vinagre de alcohol, sal yodada (cloruro sódico y yodato potásico), chiles, cilantro, azúcar y especias."],"conservation":" Conservese en lugar fresco y seco.","ean":"7501023334156"},{"full_name":"SAN MARCOS chiles jalapeños en rodajas para nachos frasco 210 g","name":"chiles jalapeños en rodajas para nachos frasco 210 g","brand":"SAN MARCOS ","img":"https://sgfm.elcorteingles.es/SGFM/dctm/MEDIA02/CONTENIDOS/201507/06/00118010500041____1__600x600.jpg","price":"2,59 €","price_unit":"(12,33 € / Kilo)","categories":["Supermercado","Alimentación General","Comida Internacional","Comida mexicana y tex-mex","SAN MARCOS chiles jalapeños en rodajas para nachos frasco 210 g"],"general_information":["Denominación del alimento: Rodajas de chiles jalapeños para nachos","País de origen: México","Nombre del operador: VELDIS, S.A.","Dirección del operador: C/Puerto de Navacerrada, 59, 28935 Móstoles (Madrid).","Cantidad Neta: 210 g","Peso neto escurrido: 125 g"],"ingredients":[" Rodajas de chiles jalapeños, agua, vinagre de alcohol, sal yodada (cloruro sódico y yodato potásico), azúcar, especias."],"conservation":" Consérvese en lugar fresco y seco.","ean":"7501023315179"},{"full_name":"SAN MARCOS chiles chilpotles adobados frasco 230 g","name":"chiles chilpotles adobados frasco 230 g","brand":"SAN MARCOS ","img":"https://sgfm.elcorteingles.es/SGFM/dctm/MEDIA02/CONTENIDOS/201507/06/00118010500058____1__600x600.jpg","price":"2,70 €","price_unit":"(11,74 € / Kilo)","categories":["Supermercado","Alimentación General","Comida Internacional","Comida mexicana y tex-mex","SAN MARCOS chiles chilpotles adobados frasco 230 g"],"general_information":["Denominación del alimento: Chiles chipotles adobados","País de origen: México","Nombre del operador: VELDIS, S.A.","Dirección del operador: C/Puerto de Navacerrada, 59 (28935) Móstoles (Madrid).","Cantidad Neta: 230 g","Peso neto escurrido: 138 g"],"ingredients":[" Chiles chipotles (58%), puré de tomate (agua, pasta de tomate), cebolla, vinagre de alcohol, aceite de nabina, azúcar, sal yodada (cloruro sódico y yodato potásico), pimentón, ajo."],"conservation":" Consérvese en lugar fresco y seco.","ean":"7501023318064"},{"full_name":"SAN MARCOS frijoles refritos con chilpotle lata 430 g","name":"frijoles refritos con chilpotle lata 430 g","brand":"SAN MARCOS ","img":"https://sgfm.elcorteingles.es/SGFM/dctm/MEDIA02/CONTENIDOS/201507/06/00118010500082____1__600x600.jpg","price":"2,70 €","price_unit":"(6,28 € / Kilo)","categories":["Supermercado","Alimentación General","Comida Internacional","Comida mexicana y tex-mex","SAN MARCOS frijoles refritos con chilpotle lata 430 g"],"general_information":["Denominación del alimento: Frijoles refritos con chilpotle","País de origen: México","Nombre del operador: VELDIS, S.A.","Dirección del operador: C/Puerto de Navacerrada, 59, 28935 Móstoles (Madrid).","Cantidad Neta: 430 g"],"ingredients":[" Frijol precocido, agua, puré de tomate (agua, pasta de tomate), chiles chilpotles (2%), sal yodada (cloruro sódico y yodato potásico), vinagre de alcohol, azúcar, aceite de nabina, pimentón."],"conservation":" Consérvese en lugar fresco y seco.","ean":"7501023335528"},{"full_name":"AZTECA chili con carne lata 400 g","name":"chili con carne lata 400 g","brand":"AZTECA ","img":"https://sgfm.elcorteingles.es/SGFM/dctm/MEDIA02/CONTENIDOS/201410/03/00118010001537____1__600x600.jpg","price":"2,69 €","price_unit":"(6,72 € / Kilo)","categories":["Supermercado","Alimentación General","Comida Internacional","Comida mexicana y tex-mex","AZTECA chili con carne lata 400 g"],"general_information":["Denominación del alimento: Chile con carne","Nombre del operador: Azteca Foods Europe, S.A.","Dirección del operador: Avenida Inudustrial, 1015A Polígono Industrial Antonio El Rincón - 45222 Borox (Toledo)","Cantidad Neta: 410,0 g"],"ingredients":[" Agua, tomates (26.4%), alubias pintas (24.1%), carne vacuno (8%), corazones de vacuno (7%), cebollas (5.5%), almidón de maíz modificado, especias, pimiento verde chili (1.56%), sal, vinagre, harina de trigo (contiene gluten), aromas."],"conservation":" Mantener en un lugar fresco y seco. 3 días en refrigeración.","ean":"8437000906506"},{"full_name":"MAGGI Texicana chili con carne lata 425 g","name":"Texicana chili con carne lata 425 g","brand":"MAGGI ","img":"https://sgfm.elcorteingles.es/SGFM/01/01/6/0118010001016/0118010001016000g01011.jpg","price":"3,13 €","price_unit":"(7,36 € / Kilo)","categories":["Supermercado","Alimentación General","Comida Internacional","Comida mexicana y tex-mex","MAGGI Texicana chili con carne lata 425 g"],"general_information":["Denominación del alimento: CHILI CON CARNE. PLATO COCINADO","Nombre del operador: Nestlé España, S.A.","Dirección del operador: Edificio Nestlé 08950 Esplugues de Llobregat (Barcelona)","Cantidad Neta: 425 g"],"ingredients":[" Ingredientes: Tomate, alubias rojas (19,6%), agua, carne de vacuno (9.0%), pimientos rojo y verde, cebolla, aceite de girasol, sal, vinagre de vino, ajo, comino, orégano, aromas, pimentón picante."],"ean":"8410100067087"},{"full_name":"CLEMENTE JACQUES chiles chipotles adobados lata 105 g neto escurrido","name":"chiles chipotles adobados lata 105 g neto escurrido","brand":"CLEMENTE JACQUES ","img":"https://sgfm.elcorteingles.es/SGFM/01/29/7/0118010001297/0118010001297000g01011.jpg","price":"3,08 €","price_unit":"(29,33 € / Kilo)","categories":["Supermercado","Alimentación General","Comida Internacional","Comida mexicana y tex-mex","CLEMENTE JACQUES chiles chipotles adobados lata 105 g neto escurrido"],"general_information":["Denominación del alimento: Chiles Chipotles adobados .","País de origen: México","Nombre del operador: Importaciones cuesta S.L.","Dirección del operador: C/ del Puerto de Guadarrama, 28 - 28935 -Móstoles (Madrid).","Cantidad Neta: 220,0 g","Peso neto escurrido: 121,0 g"],"ingredients":[" Agua, chiles (55%), cebolla, pasta de tomate, vinagre blanco de alcohol de caña, azúcar, sal y ajo."],"conservation":" Almacenar en un lugar fresco, una vez abierto vacie a un recipiente de plástico o vidrio y mantenga en refrigeración.","ean":"7501052476308"},{"full_name":"TAJIN chile en polvo envase 142 g","name":"chile en polvo envase 142 g","brand":"TAJIN ","img":"https://sgfm.elcorteingles.es/SGFM/02/17/0/0118010002170/0118010002170000g01011.jpg","price":"2,85 €","price_unit":"(20,07 € / Kilo)","categories":["Supermercado","Alimentación General","Comida Internacional","Comida mexicana y tex-mex","TAJIN chile en polvo envase 142 g"],"general_information":["Denominación del alimento: Salsa en polvo Tajin","Nombre del operador: Central Mexicana de Abastos S.L.","Dirección del operador: Puerto de Guadarrama 30, Pol Ind. Las Nieves 28935 Móstoles, Madrid.","Cantidad Neta: 142 g"],"ingredients":[" Mezcla de chiles, sal yodada, jugo deshidratado de limón y Antiaglomerante E551."],"conservation":" Mantener tapado. Conservar en lugar fresco y seco.","ean":"0633148100013"},{"full_name":"BUENO mole rojo en pasta vaso 245 g","name":"mole rojo en pasta vaso 245 g","brand":"BUENO ","img":"https://sgfm.elcorteingles.es/SGFM/00/76/0/0118010000760/0118010000760000g01011.jpg","price":"6,00 €","price_unit":"(24,49 € / Kilo)","categories":["Supermercado","Alimentación General","Comida Internacional","Comida mexicana y tex-mex","BUENO mole rojo en pasta vaso 245 g"],"general_information":[],"ingredients":[],"ean":"0044774040008"},{"full_name":"SAN MIGUEL cuitlacoche corn truffle lata 215 g","name":"cuitlacoche corn truffle lata 215 g","brand":"SAN MIGUEL ","img":"https://sgfm.elcorteingles.es/SGFM/dctm/MEDIA02/CONTENIDOS/201409/27/00118010002345____1__600x600.jpg","price":"4,95 €","price_unit":"(23,02 € / Kilo)","categories":["Supermercado","Alimentación General","Comida Internacional","Comida mexicana y tex-mex","SAN MIGUEL cuitlacoche corn truffle lata 215 g"],"general_information":["Denominación del alimento: Cuitlacoche","País de origen: México","Nombre del operador: Importaciones cuesta S.L.","Dirección del operador: C/ del Puerto de Guadarrama, 28 - 28935 -Móstoles (Madrid).","Cantidad Neta: 215,0 g"],"ingredients":[" Cuitlacoche, grano de elote, cebolla, aceite vegetal comestible, agua y sal yodatada; Antioxidante: ácido cítrico E330."],"conservation":" Conservar en lugar fresco y seco. Refrigere después de abrir.","ean":"0024456065406"},{"full_name":"MEXIFOODS tortillas de trigo para fajitas 8 unidades paquete 320 g","name":"tortillas de trigo para fajitas 8 unidades paquete 320 g","brand":"MEXIFOODS ","img":"https://sgfm.elcorteingles.es/SGFM/dctm/MEDIA03/201704/28/00200110002714____1__600x600.jpg","price":"1,25 €","price_unit":"(3,91 € / Kilo)","categories":["Supermercado","Alimentación General","Comida Internacional","Comida mexicana y tex-mex","MEXIFOODS tortillas de trigo para fajitas 8 unidades paquete 320 g"],"general_information":["Denominación del alimento: Tortillas de trigo","Nombre del operador: Mexifoods S.L.","Dirección del operador: C/ Paloma 2, P.I. Los Gallegos 28946, Fuenlabrada, Madrid.","Cantidad Neta: 320 g"],"ingredients":[" Harina de trigo (60%), agua, grasa vegetal (palma), estabilizantes: E422 y E415, sal, aceite vegetal (girasol), emulgente: mono y di-glicéridos de ácidos grasos vegetales, corrector de acidez: E330, conservadores: E281 y E202, gasificantes: E450 y E500."],"conservation":" Consérvese en lugar fresco y seco.","ean":"8422424100081"},{"full_name":"MEXIFOODS nachos sabor natural bolsa 200 g","name":"nachos sabor natural bolsa 200 g","brand":"MEXIFOODS ","img":"https://sgfm.elcorteingles.es/SGFM/dctm/MEDIA03/201707/17/00200110400108____1__600x600.jpg","price":"1,59 €","price_unit":"(7,95 € / Kilo)","categories":["Supermercado","Alimentación General","Comida Internacional","Comida mexicana y tex-mex","MEXIFOODS nachos sabor natural bolsa 200 g"],"general_information":["Denominación del alimento: Snack de maíz frito con sal","Nombre del operador: Mexifoods S.L.","Dirección del operador: C/ Paloma 2, P.I. Los Gallegos 28946, Fuenlabrada, Madrid.","Cantidad Neta: 200 g"],"ingredients":[" Harina de Maíz (73%), grasa vegetal (palma), agua, sal (1%)."],"conservation":" Consérvese en lugar fresco y seco.","ean":"8422424100340"},{"full_name":"MEXIFOODS nachos sabor queso bolsa 200 g","name":"nachos sabor queso bolsa 200 g","brand":"MEXIFOODS ","img":"https://sgfm.elcorteingles.es/SGFM/dctm/MEDIA03/201704/28/00200110400090____1__600x600.jpg","price":"1,59 €","price_unit":"(7,95 € / Kilo)","categories":["Supermercado","Alimentación General","Comida Internacional","Comida mexicana y tex-mex","MEXIFOODS nachos sabor queso bolsa 200 g"],"general_information":["Denominación del alimento: Snack de maíz frito sabor queso","Nombre del operador: Mexifoods S.L.","Dirección del operador: C/ Paloma 2, P.I. Los Gallegos 28946, Fuenlabrada, Madrid.","Cantidad Neta: 200 g"],"ingredients":[" Harina de maíz (65%), grasa vegetal (palma), aroma de queso (5,4%) (lactosa, sal, potenciador del sabor (E621), queso en polvo (1%), cebolla en polvo, azúcar, ajo en polvo, extracto de levadura, especias (chile, pimentón), acidulante (E270, E327), aroma, colorante (E160c), extracto de especias), agua."],"conservation":" Consérvese en lugar fresco y seco.","ean":"8422424100333"},{"full_name":"MEXIFOODS tortillas de trigo integrales 8 unidades bolsa 320 g","name":"tortillas de trigo integrales 8 unidades bolsa 320 g","brand":"MEXIFOODS ","img":"https://sgfm.elcorteingles.es/SGFM/dctm/MEDIA03/201606/23/00200110002698____1__600x600.jpg","price":"1,52 €","categories":["Supermercado","Alimentación General","Comida Internacional","Comida mexicana y tex-mex","MEXIFOODS tortillas de trigo integrales 8 unidades bolsa 320 g"],"general_information":["Denominación del alimento: Tortillas de trigo con harina Integral","Nombre del operador: Mexifoods S.L.","Dirección del operador: C/ Paloma 2, P.I. Los Gallegos 28946, Fuenlabrada, Madrid.","Cantidad Neta: 320 g"],"ingredients":[" Harina de trigo (53%), agua, Salvado de trigo (7%), grasa vegetal (palma), estabilizantes: E422 y E415, Sal, aceite vegetal (girasol), emulgente: mono y di-glicéridos de ácidos grasos vegetales, corrector de acidez: E330, conservadores: E281 y E202,  gasificantes: E450 y E500."],"conservation":" Consérvese en lugar fresco y seco.","ean":"8422424290010"},{"full_name":"CARRETILLA chili con carne bol 350 g","name":"chili con carne bol 350 g","brand":"CARRETILLA ","img":"https://sgfm.elcorteingles.es/SGFM/dctm/MEDIA03/201703/17/00118010500157____1__600x600.jpg","price":"2,95 €","price_unit":"(8,43 € / Kilo)","categories":["Supermercado","Alimentación General","Comida Internacional","Comida mexicana y tex-mex","CARRETILLA chili con carne bol 350 g"],"general_information":["Denominación del alimento: Chili con carne","Nombre del operador: Ind. Alim. de Navarra, S.A.U.","Dirección del operador: Pol.Peñalfons, s/n. 31330 Villafranca. Navarra - España","Cantidad Neta: 350 g","Otras menciones obligatorias en la etiqueta: Envasado en atmósfera protectora."],"ingredients":[" Puré de tomate, carne de ternera (23%), alubia roja, agua, pimientos (verde y rojo), tomate (dados), cebolla, almidón modificado de maíz, azúcar, aceite de girasol, ajo, sal, chili (0,16%), hierbas aromáticas y estabilizante (trifosfato pentasódico).Puede contener trazas de crustáceos, huevo, pescado, soja, leche y derivados, apio, mostaza y moluscos."],"conservation":" Mantener en lugar fresco y seco.","ean":"8410416009672"},{"full_name":"CARRETILLA relleno para fajitas y burritos de pollo y pimientos bol 300 g","name":"relleno para fajitas y burritos de pollo y pimientos bol 300 g","brand":"CARRETILLA ","img":"https://sgfm.elcorteingles.es/SGFM/dctm/MEDIA03/201703/17/00118010500140____1__600x600.jpg","price":"2,95 €","price_unit":"(9,83 € / Kilo)","categories":["Supermercado","Alimentación General","Comida Internacional","Comida mexicana y tex-mex","CARRETILLA relleno para fajitas y burritos de pollo y pimientos bol 300 g"],"general_information":["Denominación del alimento: Relleno para fajitas y burritos de pollo y pimientos","Nombre del operador: Ind. Alim. de Navarra, S.A.U.","Dirección del operador: Pol.Peñalfons, s/n. 31330 Villafranca. Navarra - España","Cantidad Neta: 350 g","Otras menciones obligatorias en la etiqueta: Envasado en atmósfera protectora."],"ingredients":[" Pechuga de pollo 24%, pimientos 23% (rojo, verde y amarillo),  puré de tomate, tomate (dados), cebolla, agua, aceite de oliva, almidón modificado de maíz, almidón, aceite de girasol, suero de leche, leche desnatada, pasta de pimienta chili y de curry [pimiento rojo, mezcla de especias (contiene mostaza), vinagre de vino blanco y de alcohol, tomate seco, zumo de lima, sal marina, azúcar, zumo de limón, ajo, acidulante (ácido láctico), antioxidante (ácido ascórbico) y romero], vino blanco, especias y hierbas aromáticas, sal, dextrosa, estabilizantes (difosfato sódico y goma xantana) y aroma.Contiene leche y derivados y mostaza. Puede contener crustáceos, huevo, pescado, soja, apio y moluscos."],"conservation":" Mantener en lugar fresco y seco.","ean":"8410416009658"},{"full_name":"CARRETILLA relleno para fajitas y burritos de ternera y verdura bol 350 g","name":"relleno para fajitas y burritos de ternera y verdura bol 350 g","brand":"CARRETILLA ","img":"https://sgfm.elcorteingles.es/SGFM/dctm/MEDIA03/201703/17/00118010500165____1__600x600.jpg","price":"2,95 €","price_unit":"(8,43 € / Kilo)","categories":["Supermercado","Alimentación General","Comida Internacional","Comida mexicana y tex-mex","CARRETILLA relleno para fajitas y burritos de ternera y verdura bol 350 g"],"general_information":["Denominación del alimento: Relleno para fajitas y burritos de ternera y verduras","Nombre del operador: Ind. Alim. de Navarra, S.A.U.","Dirección del operador: Pol.Peñalfons, s/n. 31330 Villafranca. Navarra - España","Cantidad Neta: 350 g","Otras menciones obligatorias en la etiqueta: Envasado en atmósfera protectora."],"ingredients":[" Carne de ternera 25%, verduras 17% (tomate, cebolla, pimiento rojo y pimiento verde), alubia roja, agua, puré de tomate, maíz, almidón modificado de maíz, ajo, aceite de girasol, sal, vino blanco, azúcar, especias y hierbas aromáticas y estabilizantes (trifosfato pentasódico y goma xantana).Puede contener trazas de crustáceos, huevo, pescado, soja, leche y derivados, apio, mostaza y moluscos."],"conservation":" Mantener en lugar fresco y seco.","ean":"8410416009665"},{"full_name":"EL GRANERO INTEGRAL Bio nachos de maíz sabor natural ecológicos bolsa 125 g","name":"Bio nachos de maíz sabor natural ecológicos bolsa 125 g","brand":"EL GRANERO INTEGRAL ","img":"https://sgfm.elcorteingles.es/SGFM/dctm/MEDIA03/201705/18/00120753600137____1__600x600.jpg","price":"2,10 €","price_unit":"(16,80 € / Kilo)","categories":["Supermercado","Alimentación General","Comida Internacional","Comida mexicana y tex-mex","EL GRANERO INTEGRAL Bio nachos de maíz sabor natural ecológicos bolsa 125 g"],"general_information":["Denominación del alimento: Aperitivo frito de maíz","Nombre del operador: BIOGRAN  S L","Dirección del operador: AVDA. DOÑA MARIA GARCINI, 16 - POL. IND. 28860 PARACUELLOS DE JARAMA","Cantidad Neta: 125 g"],"ingredients":[" harina de maíz* 77%, aceite de girasol no hidrogenado* y sal marina. (*)=De cultivo ecológico."],"conservation":" Mantener en lugar fresco y seco.","ean":"8422584058031"},{"full_name":"SANTA MARIA tortilla chips natural bolsa 185 g","name":"tortilla chips natural bolsa 185 g","brand":"SANTA MARIA ","img":"https://sgfm.elcorteingles.es/SGFM/dctm/MEDIA03/201606/13/00200110400066____1__600x600.jpg","price":"2,15 €","categories":["Supermercado","Alimentación General","Comida Internacional","Comida mexicana y tex-mex","SANTA MARIA tortilla chips natural bolsa 185 g"],"general_information":["Denominación del alimento: S.M.TORTILLA CHIPS NATURAL 185g","País de origen: Suecia","Nombre del operador: Ofistrade S.A.","Dirección del operador: C/Buenos Aires 38-40, entlo. C - 08036 Barcelona","Cantidad Neta: 185 g"],"ingredients":[" Harina maíz (79%), aceite girasol, sal"],"conservation":" Consérvese en lugar fresco y seco.","ean":"7311310032012"},{"full_name":"SANTA MARIA tortilla chips cheese bolsa 185 g","name":"tortilla chips cheese bolsa 185 g","brand":"SANTA MARIA ","img":"https://sgfm.elcorteingles.es/SGFM/dctm/MEDIA03/201606/13/00200110400074____1__600x600.jpg","price":"2,05 €","categories":["Supermercado","Alimentación General","Comida Internacional","Comida mexicana y tex-mex","SANTA MARIA tortilla chips cheese bolsa 185 g"],"general_information":["Denominación del alimento: S.M.TORTILLA CHIPS QUESO 185g","País de origen: Suecia","Nombre del operador: Ofistrade S.A.","Dirección del operador: C/Buenos Aires 38-40, entlo. C - 08036 Barcelona","Lugar de procedencia del alimento: Suecia","Cantidad Neta: 185 g"],"ingredients":[" Harina maíz (73%), aceite girasol, condimento QUESO (maltodextrina, sal, LECHE en polvo, dextrosa, azúcar, especias (cebolla, toamte, pimienta de cayena, cúrcuma), aromatizante naturales (contiene LECHE), QUESO en polvo (0,1%)), ácido láctico, extracto paprika."],"conservation":" Consérvese en lugar fresco y seco.","ean":"7311310032036"},{"full_name":"EL CORTE INGLES salsa guacamole suave tarro 300 g","name":"salsa guacamole suave tarro 300 g","brand":"EL CORTE INGLES ","img":"https://sgfm.elcorteingles.es/SGFM/dctm/MEDIA03/201610/17/00200110002342____2__600x600.jpg","price":"1,96 €","price_unit":"(6,53 € / Kilo)","categories":["Supermercado","Alimentación General","Comida Internacional","Salsas mejicanas y tex-mex","EL CORTE INGLES salsa guacamole suave tarro 300 g"],"general_information":["Denominación del alimento: Salsa de guacamole","Nombre del operador: Distribuido para El Corte Inglés por \nMexifoods C/Paloma 2 Pl Los Gallegos, 28946  Fuenlabrada (Madrid) España","Lugar de procedencia del alimento: Elaborado en Bélgica","Cantidad Neta: 300 g","Número de raciones por envase: 20.0"],"ingredients":[" Ingredientes: Agua, aguacate 6,7 % ( agua, aguacate en polvo deshidratado (3%)), cebollas, aceite vegetal (colza y coco), tomates, pimiento verde dulce, queso (leche), sales fundido (E 331, E 339iii, E 450, E 451 y E 452i), almidón modificado, pimiento chili verde,  pimiento rojo dulce,  azúcar, sal, proteína de la leche, pimiento jalapeño, jugo  concentrado de limón, acidulante (E 330), emulsionante (E 452i), estabilizante (E 415 y E 412), aromas, ajo,  especias, colorante (E 160a), antioxidante (E 300) y colorante (E 133)."],"conservation":" Conservar a Tª ambiente en lugar fresco, seco y preservado de la luz del sol.","ean":"8433329070454"},{"full_name":"EL CORTE INGLES salsa de queso suave tarro 300 g","name":"salsa de queso suave tarro 300 g","brand":"EL CORTE INGLES ","img":"https://sgfm.elcorteingles.es/SGFM/dctm/MEDIA03/201610/17/00118010002311____2__600x600.jpg","price":"1,62 €","price_unit":"(5,40 € / Litro)","categories":["Supermercado","Alimentación General","Comida Internacional","Salsas mejicanas y tex-mex","EL CORTE INGLES salsa de queso suave tarro 300 g"],"general_information":["Denominación del alimento: Salsa de queso","Nombre del operador: Distribuido para El Corte Inglés por \nMexifoods C/Paloma 2 Pl Los Gallegos, 28946  Fuenlabrada (Madrid) España","Lugar de procedencia del alimento: Elaborado en Bélgica","Cantidad Neta: 300 g","Número de raciones por envase: 20.0"],"ingredients":[" Ingredientes: Agua, queso (leche) (10%), aceite vegetal (colza), pimiento rojo dulce, almidón modificado de maíz, cebollas, pimiento jalapeño, aroma (leche, potenciador del sabor (E 627 y E 631), crema (leche), aceite vegetal (coco), sal,  pasta de tomate, pimiento chili verde, estabilizantes (E 415 y E 412), emulgente (E 452i), ajo, especias,  acidulante (E 330), extracto de especias y colorante (extracto de pimentón.)"],"conservation":" Conservar a Tª ambiente en lugar fresco, seco y preservado de la luz del sol.","ean":"8433329070447"},{"full_name":"EL CORTE INGLES salsa mejicana suave tarro 315 g","name":"salsa mejicana suave tarro 315 g","brand":"EL CORTE INGLES ","img":"https://sgfm.elcorteingles.es/SGFM/dctm/MEDIA03/201610/17/00118010002295____2__600x600.jpg","price":"1,80 €","price_unit":"(5,71 € / Kilo)","categories":["Supermercado","Alimentación General","Comida Internacional","Salsas mejicanas y tex-mex","EL CORTE INGLES salsa mejicana suave tarro 315 g"],"general_information":["Denominación del alimento: Salsa mexicana","Nombre del operador: Distribuido para El Corte Inglés por \nMexifoods C/Paloma 2 Pl Los Gallegos, 28946  Fuenlabrada (Madrid) España","Lugar de procedencia del alimento: Elaborado en Bégica","Cantidad Neta: 315 g","Número de raciones por envase: 21.0"],"ingredients":[" Ingredientes: Tomate (58%), cebolla, agua, azúcar,  vinagre de alcohol, almidón modificado, pimientos jalapeños, pimiento chili  verde, pimiento rojo dulce,  sal, aromas, ajo, antioxidante (E 300), especias,  jugo de limón concentrado y extracto de especia."],"conservation":" Conservar a Tª ambiente en lugar fresco, seco y preservado de la luz del sol.","ean":"8433329070430"},{"full_name":"OLD EL PASO salsa para cocinar fajitas frasco 395 g","name":"salsa para cocinar fajitas frasco 395 g","brand":"OLD EL PASO ","img":"https://sgfm.elcorteingles.es/SGFM/dctm/MEDIA03/201606/22/00118010001370____1__600x600.jpg","price":"2,65 €","price_unit":"(6,71 € / Kilo)","categories":["Supermercado","Alimentación General","Comida Internacional","Salsas mejicanas y tex-mex","OLD EL PASO salsa para cocinar fajitas frasco 395 g"],"general_information":["Denominación del alimento: Salsa original de tomate, pimientos y cebolla para Fajitas","Nombre del operador: GENERAL MILLS IBERICA S.A.U.","Dirección del operador: C/Serrano Galvache, 56, Complejo Parque Norte, Edificio Álamo, planta 12, 28033 Madrid, España.","Cantidad Neta: 340 g","Número de raciones por envase: 8"],"ingredients":[" Agua, tomates troceados (21%), pasta de tomate, pimiento verde chilli (6%), pimiento rojo chilli (6%), cebolla (5%), sazonador [azúcar, proteína de soja hidrolizada, aroma (contiene trigo), aroma de humo, sal, cebolla en polvo, correctores de acidez: acetato de sodio, ácido cítrico; sal marina, pimienta de Cayena, jengibre, pimentón dulce, ajo, extracto de levadura], almidón modificado de maíz, corrector de acidez: ácido cítrico.Alérgenos: ver ingredientes en negrita."],"conservation":" Una vez abierto, mantener en el frigorífico y consumir en una semana. El \"pop\" que se escucha al abrir la tapa asegura el envasado hermético.","ean":"8410076430106"},{"full_name":"OLD EL PASO salsa guacamole frasco 320 g","name":"salsa guacamole frasco 320 g","brand":"OLD EL PASO ","img":"https://sgfm.elcorteingles.es/SGFM/dctm/MEDIA03/201711/20/00118010001198____6__600x600.jpg","price":"2,65 €","price_unit":"(8,28 € / Kilo)","categories":["Supermercado","Alimentación General","Comida Internacional","Salsas mejicanas y tex-mex","OLD EL PASO salsa guacamole frasco 320 g"],"general_information":["Denominación del alimento: Salsa Guacamole","Nombre del operador: GENERAL MILLS IBERICA S.A.U.","Dirección del operador: C/Serrano Galvache, 56, Complejo Parque Norte, Edificio Álamo, planta 12, 28033 Madrid, España.","Cantidad Neta: 320 g","Número de raciones por envase: 21"],"ingredients":[" Agua, aguacate (14%), tomate (10%), cebolla (7%), harina de trigo,  crema de queso (leche pasterizada, nata pasterizada, sal, estabilizantes: goma garrofín, carragenanos, goma guar; conservador: ácido sórbico; fermentos lácticos), nata UHT, almidón modificado (contiene sulfitos), aceite refinado de nabina, copos de patata (contiene sulfitos), puré de ajo (contiene sulfitos), extracto de suero lácteo (leche), suero lácteo en polvo (leche), sal, especias, zumo de lima concentrado (contiene sulfitos), azúcar (contiene sulfitos), jarabe de glucosa deshidratado, correctores de acidez: glucono-delta-lactona, ácido cítrico; pimiento jalapeño deshidratado, plantas aromáticas, dextrosa, antioxidante: ácido ascórbico; colorantes: complejos cúpricos de clorofilinas, luteína; extracto de levadura, caseinato (leche), ajo en polvo.Alérgenos: ver ingredientes en negrita."],"conservation":" Conservar en lugar fresco y seco.Una vez abierto, mantener en el frigorífico y consumir en una semana. El \"pop\" que se escucha al abrir la tapa asegura el envasado hermético.","ean":"8410076420022"},{"full_name":"OLD EL PASO salsa mejicana frasco 312 g","name":"salsa mejicana frasco 312 g","brand":"OLD EL PASO ","img":"https://sgfm.elcorteingles.es/SGFM/dctm/MEDIA03/201711/22/00118010000919____1__600x600.jpg","price":"2,65 €","price_unit":"(8,49 € / Kilo)","categories":["Supermercado","Alimentación General","Comida Internacional","Salsas mejicanas y tex-mex","OLD EL PASO salsa mejicana frasco 312 g"],"general_information":["Denominación del alimento: Salsa de tomate, cebolla y pimientos","Nombre del operador: GENERAL MILLS IBERICA S.A.U.","Dirección del operador: C/Serrano Galvache, 56, Complejo Parque Norte, Edificio Álamo, planta 12, 28033 Madrid, España.","Cantidad Neta: 312 g","Número de raciones por envase: 20"],"ingredients":[" Tomate (52%), agua, cebolla (10%), pasta de tomate, pimiento verde (7%), sal, vinagre de alcohol, especias, copos de cebolla, cebolla en polvo, pimiento Guajillo (0,4%), azúcar, zumo de limón concentrado, espesante: goma xantana; ajo en polvo, colorante: extracto de pimentón."],"conservation":" Conservar en lugar fresco y seco.Una vez abierto, mantener en el frigorífico y consumir en una semana. El \"pop\" que se escucha al abrir la tapa asegura el envasado hermético.","ean":"0046000283272"},{"full_name":"OLD EL PASO salsa de queso frasco 320 g","name":"salsa de queso frasco 320 g","brand":"OLD EL PASO ","img":"https://sgfm.elcorteingles.es/SGFM/dctm/MEDIA03/201711/20/00118010000885____1__600x600.jpg","price":"2,65 €","price_unit":"(8,28 € / Kilo)","categories":["Supermercado","Alimentación General","Comida Internacional","Salsas mejicanas y tex-mex","OLD EL PASO salsa de queso frasco 320 g"],"general_information":["Denominación del alimento: Salsa de pimineto rojo, queso y tomate","Nombre del operador: GENERAL MILLS IBERICA S.A.U.","Dirección del operador: C/Serrano Galvache, 56, Complejo Parque Norte, Edificio Álamo, planta 12, 28033 Madrid, España.","Cantidad Neta: 320 g","Número de raciones por envase: 21"],"ingredients":[" Agua, trozos de pimiento rojo (11%), queso Cheddar (8%), aceite de girasol, almidón modificado de maíz, azúcar, suero lácteo en polvo (leche, huevo), leche en polvo, queso en polvo (1,6%), pasta de tomate (1,5%), sal, correctores de acidez: ácido láctico, ácido cítrico; espesante: pectina; extracto de levadura, puré de ajo, aromas, especias, emulgentes: polifosfato de sodio, citratos de sodio, fosfatos de sodio; queso (0,1%), maltodextrina, dextrosa, tomate en polvo, harina de mostaza, harina de trigo, colorante: extracto de pimentón. Alérgenos: ver ingredientes en negrita."],"conservation":" Conservar en lugar fresco y seco.Una vez abierto, mantener en el frigorífico y consumir en una semana. El \"pop\" que se escucha al abrir la tapa asegura el envasado hermético.","ean":"8410076500236"},{"full_name":"LA COSTEÑA salsa ranchera frasco 250 g","name":"salsa ranchera frasco 250 g","brand":"LA COSTEÑA ","img":"https://sgfm.elcorteingles.es/SGFM/01/34/7/0118010001347/0118010001347000g01011.jpg","price":"3,65 €","price_unit":"(14,60 € / Kilo)","categories":["Supermercado","Alimentación General","Comida Internacional","Salsas mejicanas y tex-mex","LA COSTEÑA salsa ranchera frasco 250 g"],"general_information":["Denominación del alimento: Salsa Ranchera Costeña","País de origen: México","Nombre del operador: Central Mexicana de Abastos S.L.","Dirección del operador: Puerto de Guadarrama 30, Pol Ind. Las Nieves 28935 Móstoles, Madrid.","Cantidad Neta: 250 g"],"ingredients":[" Tomatillo, chile jalapeño, cebolla, chiles secos, sal yodada, mezcla de especias y potenciador del sabor E621."],"conservation":" Agítese bien y refrigérese después de abrir.","ean":"7501017005932"},{"full_name":"LA COSTEÑA salsa mexicana casera lata 220 g","name":"salsa mexicana casera lata 220 g","brand":"LA COSTEÑA ","img":"https://sgfm.elcorteingles.es/SGFM/00/35/6/0118010000356/0118010000356000g01011.jpg","price":"2,40 €","price_unit":"(10,91 € / Kilo)","categories":["Supermercado","Alimentación General","Comida Internacional","Salsas mejicanas y tex-mex","LA COSTEÑA salsa mexicana casera lata 220 g"],"general_information":["Denominación del alimento: Salsa Mexicana Casera","País de origen: México","Nombre del operador: Central Mexicana de Abastos S.L.","Dirección del operador: Puerto de Guadarrama 30, Pol Ind. Las Nieves 28935 Móstoles, Madrid.","Cantidad Neta: 220 g"],"ingredients":[" Tomate, Chile Jalapeño, cebolla, sal yodada, cilantro y vinagre."],"conservation":" Una vez abierto, vacíe el contenido en otro recipiente y refrigérelo.","ean":"7501017005079"},{"full_name":"LA COSTEÑA salsa mexicana verde lata 220 g","name":"salsa mexicana verde lata 220 g","brand":"LA COSTEÑA ","img":"https://sgfm.elcorteingles.es/SGFM/00/36/4/0118010000364/0118010000364000g01011.jpg","price":"1,78 €","price_unit":"(8,09 € / Kilo)","categories":["Supermercado","Alimentación General","Comida Internacional","Salsas mejicanas y tex-mex","LA COSTEÑA salsa mexicana verde lata 220 g"],"general_information":["Denominación del alimento: Salsa Mexicana Verde","País de origen: México","Nombre del operador: Central Mexicana de Abastos S.L.","Dirección del operador: Puerto de Guadarrama 30, Pol Ind. Las Nieves 28935 Móstoles, Madrid.","Cantidad Neta: 220 g"],"ingredients":[" Tomatillo, chile jalapeño, cebolla, sal yodada, cilantro, condimentos y glutamato monosódico."],"conservation":" Una vez abierto, vacíe el contenido en otro recipiente y refrigérelo.","ean":"7501017005123"},{"full_name":"LA COSTEÑA salsa de habanero verde bote 150 g","name":"salsa de habanero verde bote 150 g","brand":"LA COSTEÑA ","img":"https://sgfm.elcorteingles.es/SGFM/dctm/MEDIA02/CONTENIDOS/201601/18/00118010002519____1__600x600.jpg","price":"1,83 €","price_unit":"(12,20 € / Kilo)","categories":["Supermercado","Alimentación General","Comida Internacional","Salsas mejicanas y tex-mex","LA COSTEÑA salsa de habanero verde bote 150 g"],"general_information":["Denominación del alimento: Salsa verde de chile habanero","Nombre del operador: Central Mexicana de Abastos S.L.","Dirección del operador: Puerto de Guadarrama 30, Pol Ind. Las Nieves 28935 Móstoles, Madrid.","Cantidad Neta: 150 g"],"ingredients":[" Agua, zanahoria, vinagre, chile habanero, cebolla, sal yodada, ajo, espesante E 415, mezcla de especias, conservantes E202 y E211."],"conservation":" Refrigerese después de abrir.","ean":"7501017006403"},{"full_name":"SANTA MARIA salsa guacamole envase 250 g","name":"salsa guacamole envase 250 g","brand":"SANTA MARIA ","img":"https://sgfm.elcorteingles.es/SGFM/dctm/MEDIA02/CONTENIDOS/201503/11/00118010300038000_1__600x600.jpg","price":"2,91 €","price_unit":"(11,64 € / Kilo)","categories":["Supermercado","Alimentación General","Comida Internacional","Salsas mejicanas y tex-mex","SANTA MARIA salsa guacamole envase 250 g"],"general_information":["Denominación del alimento: S.M.DIP GUACAMOLE 250g","País de origen: Estados Unidos","Nombre del operador: Ofistrade S.A.","Dirección del operador: C/Buenos Aires 38-40, entlo. C - 08036 Barcelona","Cantidad Neta: 250 g"],"ingredients":[" Harina (harina de trigo, calcio, hierro, niacina, tiamina), agua, yougurt,  (leche), aceite de nabina, azúcar, levadura, sal, mejorador de pan (agente de tratamiento de la harina (sulfato de calcio), harina de TRIGO, harina de SOJA, emulgente (E472E), antioxidante (ácido ascórbico)), semillas de Kalonji, gasificantes (difosfato disódico, hidrogenocarbonato de sodio), conservante (propinato de calcio)."],"conservation":" Consérvese en lugar fresco y seco.","ean":"7311310383428"},{"full_name":"SANTA MARIA salsa para tacos suave frasco 230 g","name":"salsa para tacos suave frasco 230 g","brand":"SANTA MARIA ","img":"https://sgfm.elcorteingles.es/SGFM/dctm/MEDIA02/CONTENIDOS/201503/11/00118010300053000_1__600x600.jpg","price":"2,28 €","price_unit":"(9,91 € / Kilo)","categories":["Supermercado","Alimentación General","Comida Internacional","Salsas mejicanas y tex-mex","SANTA MARIA salsa para tacos suave frasco 230 g"],"general_information":[],"ingredients":[],"ean":"7311312001764"},{"full_name":"SANTA MARIA salsa dip queso lata 250 g","name":"salsa dip queso lata 250 g","brand":"SANTA MARIA ","img":"https://sgfm.elcorteingles.es/SGFM/dctm/MEDIA02/CONTENIDOS/201504/21/00118010300046____1__600x600.jpg","price":"2,91 €","price_unit":"(11,64 € / Kilo)","categories":["Supermercado","Alimentación General","Comida Internacional","Salsas mejicanas y tex-mex","SANTA MARIA salsa dip queso lata 250 g"],"general_information":["Denominación del alimento: S.M.SALSA DIP QUESO 250g","País de origen: Suecia","Nombre del operador: Ofistrade S.A.","Dirección del operador: C/Buenos Aires 38-40, entlo. C - 08036 Barcelona","Cantidad Neta: 250 g"],"ingredients":[" Leche desnatada, agua, aceite de girasol, almidón modificado (tapioca), queso cheddar (4%), sal, antioxidantes (E339, E331), extracto de levadura, aroma (Queso Cheddar), regulador de la acidez (E270, E330), emulgente (E472e), colorantes (E160a, E160e), pimienta blanca."],"conservation":" Consérvese en lugar fresco y seco.","ean":"7311310383923"},{"full_name":"VALENTINA salsa muy picante frasco 370 ml","name":"salsa muy picante frasco 370 ml","brand":"VALENTINA ","img":"https://sgfm.elcorteingles.es/SGFM/01/28/9/0118010001289/0118010001289000g01011.jpg","price":"2,10 €","price_unit":"(5,68 € / Litro)","categories":["Supermercado","Alimentación General","Comida Internacional","Salsas mejicanas y tex-mex","VALENTINA salsa muy picante frasco 370 ml"],"general_information":["Denominación del alimento: Salsa muy picante Valentina","País de origen: México","Nombre del operador: Importaciones cuesta S.L.","Dirección del operador: C/ del Puerto de Guadarrama, 28 - 28935 -Móstoles (Madrid).","Cantidad Neta: 370 Mililitros"],"ingredients":[" Agua, chile seco de arbol, ácido acético, sal yodada, condimentos, especias y 0.1% de benzoato de sodio como conservador. Información adicional de ingredientes: Acidulante E260,  Mezcla de especias, Conservante E211."],"conservation":" Conservar en lugar fresco y seco","ean":"0097339000061"},{"full_name":"VALENTINA salsa picante frasco 370 ml","name":"salsa picante frasco 370 ml","brand":"VALENTINA ","img":"https://sgfm.elcorteingles.es/SGFM/01/27/1/0118010001271/0118010001271000g01011.jpg","price":"2,10 €","price_unit":"(5,68 € / Litro)","categories":["Supermercado","Alimentación General","Comida Internacional","Salsas mejicanas y tex-mex","VALENTINA salsa picante frasco 370 ml"],"general_information":["Denominación del alimento: Salsa picante Valentina","País de origen: México","Nombre del operador: Importaciones cuesta S.L.","Dirección del operador: C/ del Puerto de Guadarrama, 28 - 28935 -Móstoles (Madrid).","Cantidad Neta: 370 Mililitros"],"ingredients":[" Agua, chile seco puya, chile seco serrano, ácido acético, sal yodada, condimentos, especias y 0.1% de benzoato de sodio como conservador. Información adicional de ingredientes: Acidulante E 260,  Mezcla de especias, Conservante E211."],"conservation":" Conservar en lugar fresco y seco","ean":"0097339000054"},{"full_name":"DIPPAS salsa suave para Doritos frasco 326 g","name":"salsa suave para Doritos frasco 326 g","brand":"DIPPAS ","img":"https://sgfm.elcorteingles.es/SGFM/dctm/MEDIA03/201701/24/00118010000661____1__600x600.jpg","price":"2,26 €","price_unit":"(6,93 € / Kilo)","categories":["Supermercado","Alimentación General","Comida Internacional","Salsas mejicanas y tex-mex","DIPPAS salsa suave para Doritos frasco 326 g"],"general_information":["Denominación del alimento: Salsa de tomate suave","Nombre del operador: PepsiCo Foods. A.I.E.","Dirección del operador: Avenida de los Olmos, 2, 01013 - Vitoria, España","Cantidad Neta: 326 g"],"ingredients":[" Tomate y concentrado de tomate (40% ). agua. cebolla (18%). pimiento verde (17%). vinagre de alcohol. sal. azúcar. ajo en polvo. especias. extracto de pimiento picante. corrector de acidez (ácido cítrico)."],"conservation":" Conservar en lugar fresco y seco. Una vez abierto. conservar en frío y consumir antes de 3 días.","ean":"5000328230603"},{"full_name":"DIPPAS salsa picante para Doritos frasco 326 g","name":"salsa picante para Doritos frasco 326 g","brand":"DIPPAS ","img":"https://sgfm.elcorteingles.es/SGFM/dctm/MEDIA03/201701/24/00118010000679____1__600x600.jpg","price":"3,59 €","price_unit":"(11,01 € / Kilo)","categories":["Supermercado","Alimentación General","Comida Internacional","Salsas mejicanas y tex-mex","DIPPAS salsa picante para Doritos frasco 326 g"],"general_information":["Denominación del alimento: Salsa de tomate picante","Nombre del operador: PepsiCo Foods. A.I.E.","Dirección del operador: Avenida de los Olmos, 2, 01013 - Vitoria, España","Cantidad Neta: 326 g"],"ingredients":[" Tomate y concentrado de tomate (40% ). agua. cebolla (18%). pimiento verde (17%). vinagre de alcohol. sal. azúcar. ajo en polvo. especias. extracto de pimiento picante. corrector de acidez (ácido cítrico)."],"conservation":" Conservar en lugar fresco y seco. Una vez abierto. conservar en frío y consumir antes de 3 días.","ean":"5000328237503"},{"full_name":"HERDEZ salsa mexicana casera lata 210 g","name":"salsa mexicana casera lata 210 g","brand":"HERDEZ ","img":"https://sgfm.elcorteingles.es/SGFM/01/90/9/0118010001909/0118010001909000g01011.jpg","price":"1,80 €","price_unit":"(8,57 € / Kilo)","categories":["Supermercado","Alimentación General","Comida Internacional","Salsas mejicanas y tex-mex","HERDEZ salsa mexicana casera lata 210 g"],"general_information":["Denominación del alimento: Salsa casera","País de origen: México","Nombre del operador: Ofistrade S.A.","Dirección del operador: C/Buenos Aires 38-40, entlo. C - 08036 Barcelona","Lugar de procedencia del alimento: Mexico","Cantidad Neta: 210,0 g"],"ingredients":[" Tomates, cebolla, pimiento chile serrano, sal yodada y cilantro."],"conservation":" Consérvese en lugar fresco y seco.","ean":"7501003127235"},{"full_name":"HERDEZ salsa mexicana verde lata 210 g","name":"salsa mexicana verde lata 210 g","brand":"HERDEZ ","img":"https://sgfm.elcorteingles.es/SGFM/01/91/7/0118010001917/0118010001917000g01011.jpg","price":"1,72 €","price_unit":"(8,19 € / Kilo)","categories":["Supermercado","Alimentación General","Comida Internacional","Salsas mejicanas y tex-mex","HERDEZ salsa mexicana verde lata 210 g"],"general_information":["Denominación del alimento: Salsa verde","País de origen: México","Nombre del operador: Ofistrade S.A.","Dirección del operador: C/Buenos Aires 38-40, entlo. C - 08036 Barcelona","Lugar de procedencia del alimento: Mexico","Cantidad Neta: 210 g"],"ingredients":[" Tomates verdes (75%), pimiento chile, cebolla, sal, cilantro y goma xantana."],"conservation":" Consérvese en lugar fresco y seco.","ean":"7501003127334"},{"full_name":"REMIA salsa chily picante bote 450 ml","name":"salsa chily picante bote 450 ml","brand":"REMIA ","img":"https://sgfm.elcorteingles.es/SGFM/dctm/MEDIA02/CONTENIDOS/201501/16/00118016700652____1__600x600.jpg","price":"3,82 €","price_unit":"(12,73 € / Litro)","categories":["Supermercado","Alimentación General","Comida Internacional","Salsas mejicanas y tex-mex","REMIA salsa chily picante bote 450 ml"],"general_information":[],"ingredients":[],"ean":"8710448595199"},{"full_name":"SAN MARCOS salsa verde frasco 230 g","name":"salsa verde frasco 230 g","brand":"SAN MARCOS ","img":"https://sgfm.elcorteingles.es/SGFM/dctm/MEDIA02/CONTENIDOS/201507/06/00118010500066____1__600x600.jpg","price":"2,70 €","price_unit":"(11,74 € / Kilo)","categories":["Supermercado","Alimentación General","Comida Internacional","Salsas mejicanas y tex-mex","SAN MARCOS salsa verde frasco 230 g"],"general_information":["Denominación del alimento: Salsa Verde","País de origen: México","Nombre del operador: VELDIS, S.A.","Dirección del operador: C/Puerto de Navacerrada, 59, 28935 Móstoles (Madrid).","Cantidad Neta: 230 g"],"ingredients":[" Tomate verde molido, chile jalapeño, aceite de nabina, cebolla, vinagre de alcohol, cilantro, sal yodada (cloruro sódico y yodato potásico), conservador: benzoato sódico, estabilizantes: goma guar y goma xantana, ajo."],"conservation":" Consérvese en lugar fresco y seco.","ean":"7501023341277"},{"full_name":"SAN MARCOS salsa chilpotle frasco 230 g","name":"salsa chilpotle frasco 230 g","brand":"SAN MARCOS ","img":"https://sgfm.elcorteingles.es/SGFM/dctm/MEDIA03/201705/12/00118010300087____1__600x600.jpg","price":"2,70 €","price_unit":"(11,74 € / Kilo)","categories":["Supermercado","Alimentación General","Comida Internacional","Salsas mejicanas y tex-mex","SAN MARCOS salsa chilpotle frasco 230 g"],"general_information":["Denominación del alimento: Salsa Chilpotle","País de origen: México","Nombre del operador: VELDIS, S.A.","Dirección del operador: C/Puerto de Navacerrada, 59, 28935 Móstoles (Madrid).","Cantidad Neta: 230 g"],"ingredients":[" Puré de tomate (agua, pasta de tomate), chiles chilpotles (10%), azúcar, cebolla, vinagre de alcohol, sal yodada (cloruro sódico y yodato potásico), aceite de nabina, pimentón, especias, ajo."],"conservation":" Consérvese en lugar fresco y seco.","ean":"7501023348276"},{"full_name":"SALSAS ASTURIANAS salsa dippear mejicana frasco 300 g","name":"salsa dippear mejicana frasco 300 g","brand":"SALSAS ASTURIANAS ","img":"https://sgfm.elcorteingles.es/SGFM/02/22/0/0118010002220/0118010002220000g01011.jpg","price":"1,95 €            ","price_unit":"(6,30 € / Kilo)","categories":["Supermercado","Alimentación General","Comida Internacional","Salsas mejicanas y tex-mex","SALSAS ASTURIANAS salsa dippear mejicana frasco 300 g"],"general_information":["Denominación del alimento: Salsa Mejicana","Nombre del operador: Salsas Asturianas S.L.","Dirección del operador: Pol. Ind. La Florida, Parc. 35 33950 Sotrondio (Asturias)","Cantidad Neta: 300 g"],"ingredients":[" Tomate en dados, tomate concentrado, agua, pimiento verde, cebolla, vinagre de alcohol, sal, azúcar, orégano, espesante: goma xantana, cebolla en polvo, pimentón dulce, ajo en polvo, pimienta negra, cayena, aroma: cilantro, comino y chile verde."],"conservation":" Este producto no necesita frío para su transporte y almacenamiento. Mantener  en ambiente limpio, fresco y seco. Una vez abierto mantener refrigerado y consumir antes de un mes.","ean":"8436536830187"},{"full_name":"SALSAS ASTURIANAS salsa cheddar frasco 300 g","name":"salsa cheddar frasco 300 g","brand":"SALSAS ASTURIANAS ","img":"https://sgfm.elcorteingles.es/SGFM/02/27/6/0200110002276/0200110002276000g01011.jpg","price":"2,13 €            ","price_unit":"(6,97 € / Kilo)","categories":["Supermercado","Alimentación General","Comida Internacional","Salsas mejicanas y tex-mex","SALSAS ASTURIANAS salsa cheddar frasco 300 g"],"general_information":["Denominación del alimento: Salsa Cheddar","Nombre del operador: Salsas Asturianas S.L.","Dirección del operador: Pol. Ind. La Florida, Parc. 35 33950 Sotrondio (Asturias)","Cantidad Neta: 300 g"],"ingredients":[" Agua, queso cheddar (8.8 %), trozos de pimiento rojo, mantequilla, suero lácteo, azúcar, leche en polvo, almidón de maíz, almidón modificado de maíz, tomate concentrado, pimiento rojo triturado, sal, espesante: goma xantana, acidulante: ácido cítrico, ajo en polvo, pimentón, chile verde, colorante: cúrcuma concentrada. Contiene leche y sus derivados."],"conservation":" Este producto no necesita frío para su transporte y almacenamiento. Mantener  en ambiente limpio, fresco y seco. Una vez abierto mantener refrigerado y consumir antes de un mes.","ean":"8436536830194"},{"full_name":"BUENO mole rojo en salsa 5 porciones envase 540 g","name":"mole rojo en salsa 5 porciones envase 540 g","brand":"BUENO ","img":"https://sgfm.elcorteingles.es/SGFM/01/78/4/0118010001784/0118010001784000g01011.jpg","price":"4,70 €","price_unit":"(8,70 € / Kilo)","categories":["Supermercado","Alimentación General","Comida Internacional","Salsas mejicanas y tex-mex","BUENO mole rojo en salsa 5 porciones envase 540 g"],"general_information":["Denominación del alimento: Mole en salsa","País de origen: México","Nombre del operador: Importaciones cuesta S.L.","Dirección del operador: C/ del Puerto de Guadarrama, 28 - 28935 -Móstoles (Madrid).","Cantidad Neta: 540,0 g"],"ingredients":[" Agua, mole en pasta (ajonjolí, aceite vegetal [algodón y/o girasol y/o soya], galleta o pan tostado [harina de trigo, manteca vegetal (aceite de soya, algodón y/o cártamo), jarabe de caña de azúcar, sal, agentes leudantes (bicarbonato de sodio, bicarbonato de amonio) y lecitina de soya], azúcar, chiles secos, sal yodada, cocoa, color caramelo (E150d), especia, saborizantes naturales y Rojo 40 laca (E129) ), sabor artificial a pollo, cocoa, color caramelo (E150d), goma guar, Amarillo 6 (E110), pimienta negra y Rojo 40 laca (E129)."],"conservation":" Una vez abierto, vacíe la porción no usada a un recipiente con tapa, refrigere y consúmalo antes de 5 días.","ean":"0044774114006"},{"full_name":"TIO PELON salsa jalapeño limón botella 155 g","name":"salsa jalapeño limón botella 155 g","brand":"TIO PELON ","img":"https://sgfm.elcorteingles.es/SGFM/dctm/MEDIA03/201704/04/00118017606528____1__600x600.jpg","price":"2,59 €","price_unit":"(16,71 € / Kilo)","categories":["Supermercado","Alimentación General","Comida Internacional","Salsas mejicanas y tex-mex","TIO PELON salsa jalapeño limón botella 155 g"],"general_information":["Denominación del alimento: Salsas","País de origen: Costa Rica","Nombre del operador: Exit Brand Management, S.L.","Dirección del operador: Av.General Perón 24 1ºA-28020 Madrid","Lugar de procedencia del alimento: San José, Costa Rica","Cantidad Neta: 155 g"],"ingredients":[" Agua, chile jalapeño, cebolla, vinagre de caña, azúcar, almidón de maíz, sal, jugo de limón, ajo, culantro, ácido ascórbico (1500 mg/kg)"],"conservation":" Refrigerar después de abierto","ean":"7441006012063"},{"full_name":"TIO PELON salsa chilero botella 155 g","name":"salsa chilero botella 155 g","brand":"TIO PELON ","img":"https://sgfm.elcorteingles.es/SGFM/dctm/MEDIA03/201704/04/00118017606536____1__600x600.jpg","price":"2,59 €","price_unit":"(16,71 € / Kilo)","categories":["Supermercado","Alimentación General","Comida Internacional","Salsas mejicanas y tex-mex","TIO PELON salsa chilero botella 155 g"],"general_information":["Denominación del alimento: Salsas","País de origen: Costa Rica","Nombre del operador: Exit Brand Management, S.L.","Dirección del operador: Av.General Perón 24 1ºA-28020 Madrid","Lugar de procedencia del alimento: San José, Costa Rica","Cantidad Neta: 155 g"],"ingredients":[" Agua, chile habanero, zanahoria, sal, cebolla, jugo de limón, vinagre de caña, ácido cítrico (3500 mg/kg), ácido acético (4200 mg/kg), goma xanthan (3500 mg/kg), ajo"],"conservation":" Refrigerar después de abierto","ean":"7441006070018"},{"full_name":"CANTINA salsa guacamole frasco 210 g","name":"salsa guacamole frasco 210 g","brand":"CANTINA ","img":"https://sgfm.elcorteingles.es/SGFM/00/51/3/0118010000513/0118010000513000g01011.jpg","price":"3,55 €","price_unit":"(16,90 € / Kilo)","categories":["Supermercado","Alimentación General","Comida Internacional","Salsas mejicanas y tex-mex","CANTINA salsa guacamole frasco 210 g"],"general_information":["Denominación del alimento: Salsa guacamole","Nombre del operador: VELDIS, S.A.","Dirección del operador: Calle Puerto de Navacerrada, 59. 28935 Móstoles (Madrid)","Cantidad Neta: 190 g"],"ingredients":[" Agua, cebollas, tomates, pimentón verde, pimentón rojo, aceite de colza, queso, aguacate (3,7%), almidón modificado, pimiento chiles verde, aceite coco, azúcar, sal, proteína de la leche, pimiento Jalapeño, concentrado de limón, corrector de acidez: E330, emulsionante: E452i, estabilizantes: E415, E412, ajo, especias, colorantes: E160a, antioxidante: E300, colorantes E133."],"conservation":" Una vez abierto, mantener refrigerado y utilizar antes de 3 días.","ean":"0011359650136"},{"full_name":"ZAASCHILA salsa tres chiles botella 265 g","name":"salsa tres chiles botella 265 g","brand":"ZAASCHILA ","img":"https://sgfm.elcorteingles.es/SGFM/dctm/MEDIA02/CONTENIDOS/201511/10/00118010002477____2__600x600.jpg","price":"3,84 €","price_unit":"(14,49 € / Kilo)","categories":["Supermercado","Alimentación General","Comida Internacional","Salsas mejicanas y tex-mex","ZAASCHILA salsa tres chiles botella 265 g"],"general_information":["Denominación del alimento: Salsa 3 Chiles","País de origen: México","Nombre del operador: Importaciones cuesta S.L.","Dirección del operador: C/ del Puerto de Guadarrama, 28 - 28935 -Móstoles (Madrid).","Cantidad Neta: 265,0 g"],"ingredients":[" Agua, tomatillo, tomate rojo, chiles varios, sal, cilantro , acidulante: E 260, espesante E415,  condimentos y mezcla de especias, conservantes E211, E202 ;colorantes E129 y E102."],"conservation":" Refrigérese despues de abrir.","ean":"0636817402654"},{"full_name":"ZAASCHILA salsa guacamole & serrano botella 265 g","name":"salsa guacamole & serrano botella 265 g","brand":"ZAASCHILA ","img":"https://sgfm.elcorteingles.es/SGFM/dctm/MEDIA03/201705/12/00118010002469____1__600x600.jpg","price":"3,66 €","price_unit":"(13,81 € / Kilo)","categories":["Supermercado","Alimentación General","Comida Internacional","Salsas mejicanas y tex-mex","ZAASCHILA salsa guacamole & serrano botella 265 g"],"general_information":["Denominación del alimento: Salsa de guacamole y serrano","País de origen: México","Nombre del operador: Importaciones cuesta S.L.","Dirección del operador: C/ del Puerto de Guadarrama, 28 - 28935 -Móstoles (Madrid).","Cantidad Neta: 265,0 g"],"ingredients":[" Agua, aguacate natural 15,5%, chile habanero 5%, tomatillo, sal, almidón modificado de maíz, acidulante: E260, espesante E415,  cilantro deshidratado, cebolla deshidratada, condimentos y mezcla de especias, conservantes E211, E202, antioxidante E300. Puede contener  uno o más de los siguientes colorantes naturales o artificiales: E140i),  E100, E171, E102,  E132."],"ean":"0636817902659"},{"full_name":"MEXIFOODS salsa mexicana casera frasco 460 g","name":"salsa mexicana casera frasco 460 g","brand":"MEXIFOODS ","img":"https://sgfm.elcorteingles.es/SGFM/dctm/MEDIA03/201605/18/00118010300152____1__600x600.jpg","price":"2,85 €","categories":["Supermercado","Alimentación General","Comida Internacional","Salsas mejicanas y tex-mex","MEXIFOODS salsa mexicana casera frasco 460 g"],"general_information":[],"ingredients":[],"ean":"8422424500317"},{"full_name":"MEXIFOODS salsa sour cream dip tarro 240 g","name":"salsa sour cream dip tarro 240 g","brand":"MEXIFOODS ","img":"https://sgfm.elcorteingles.es/SGFM/dctm/MEDIA03/201606/23/00200110002680____1__600x600.jpg","price":"2,45 €","categories":["Supermercado","Alimentación General","Comida Internacional","Salsas mejicanas y tex-mex","MEXIFOODS salsa sour cream dip tarro 240 g"],"general_information":[],"ingredients":[]},{"full_name":"MEXIFOODS salsa sour cream dip tarro 240 g","name":"salsa sour cream dip tarro 240 g","brand":"MEXIFOODS ","img":"https://sgfm.elcorteingles.es/SGFM/dctm/MEDIA03/201606/23/00200110300167____1__600x600.jpg","price":"2,99 €","categories":["Supermercado","Alimentación General","Comida Internacional","Salsas mejicanas y tex-mex","MEXIFOODS salsa sour cream dip tarro 240 g"],"general_information":["Denominación del alimento: Salsa de nata","Nombre del operador: Mexifoods S.L.","Dirección del operador: C/ Paloma 2, P.I. Los Gallegos 28946, Fuenlabrada, Madrid.","Cantidad Neta: 240 g"],"ingredients":[" Agua, crema espesa (leche) (20%), aceite vegetal (17,6%) (colza), vinagre de alcohol, cebollas (4,7%), azúcar, almidón modificado, sal, ajo, estabilizantes (E415 y E412), acidulante (E330), aromas, perejil, especias."],"conservation":" Conservar a temperatura ambiente en lugar fresco y seco y preservado de la luz del sol. Una vez abierto el envase conservar a temperatura entre 0°C y 5°C.","ean":"8422424500225"},{"full_name":"LOS CURSOS guacamole picante premiun elaboración artesanal tarrina 150 g","name":"guacamole picante premiun elaboración artesanal tarrina 150 g","brand":"LOS CURSOS ","img":"https://sgfm.elcorteingles.es/SGFM/dctm/MEDIA03/201711/10/00118160102085____1__600x600.jpg","price":"1,99 €            ","price_unit":"(6,67 € / Kilo)","categories":["Supermercado","Alimentación General","Comida Internacional","Salsas mejicanas y tex-mex","LOS CURSOS guacamole picante premiun elaboración artesanal tarrina 150 g"],"general_information":[],"ingredients":[],"ean":"8436032130286"},{"full_name":"BABY FRESH guacamole tarrina 200 g","name":"guacamole tarrina 200 g","brand":"BABY FRESH ","img":"https://sgfm.elcorteingles.es/SGFM/dctm/MEDIA02/CONTENIDOS/201508/27/00118160100915____1__600x600.jpg","price":"2,10 €","price_unit":"(10,50 € / Kilo)","categories":["Supermercado","Alimentación General","Comida Internacional","Salsas mejicanas y tex-mex","BABY FRESH guacamole tarrina 200 g"],"general_information":["Denominación del alimento: Guacamole","País de origen: España","Nombre del operador: S.A.T. 9855 Primaflor","Dirección del operador: Calle La Estación, 2, 04640 Pulpí (Almería)","Cantidad Neta: 200 g","Otras menciones obligatorias en la etiqueta: Sin conservantes ni colorantes"],"ingredients":[" Aguacate (97%), cebolla, pimiento, sal, azúcar, jalapeño, ajo, alginato sodico (Ey401), ácido ascorbico (Ey300), goma xantana (Ey415), ácido cítrico (Ey330)."],"conservation":" Producto refrigerado. Conservar entre +1ºC y +6ºC . Una vez abierto, consumir antes de 12 horas.","ean":"8425779035848"},{"full_name":"PRIMAFLOR salsa guacamole picante tarrina 200 g","name":"salsa guacamole picante tarrina 200 g","brand":"PRIMAFLOR ","img":"https://sgfm.elcorteingles.es/SGFM/dctm/MEDIA03/201607/27/00118160101350____1__600x600.jpg","price":"2,10 €","price_unit":"(0,01 € / Unidad)","categories":["Supermercado","Alimentación General","Comida Internacional","Salsas mejicanas y tex-mex","PRIMAFLOR salsa guacamole picante tarrina 200 g"],"general_information":["Denominación del alimento: Guacamole Picante","País de origen: España","Nombre del operador: S.A.T. 9855 Primaflor","Dirección del operador: Calle La Estación, 2, 04640 Pulpí (Almería)","Cantidad Neta: 200 g","Otras menciones obligatorias en la etiqueta: Sin conservantes ni colorantes"],"ingredients":[" Aguacate (97%), cebolla, pimiento, sal, azúcar, jalapeño, ajo, alginato sodico (Ey401), ácido ascorbico (Ey300), goma xantana (Ey415), ácido cítrico (Ey330)."],"conservation":" Producto refrigerado. Conservar entre +1ºC y +6ºC . Una vez abierto, consumir antes de 12 horas.","ean":"8425779035817"},{"full_name":"LOS CURSOS guacamole elaboración artesanal tarrina 150 g","name":"guacamole elaboración artesanal tarrina 150 g","brand":"LOS CURSOS ","img":"https://sgfm.elcorteingles.es/SGFM/dctm/MEDIA03/201711/10/00118160102044____6__600x600.jpg","price":"1,99 €            ","price_unit":"(6,67 € / Kilo)","categories":["Supermercado","Alimentación General","Comida Internacional","Salsas mejicanas y tex-mex","LOS CURSOS guacamole elaboración artesanal tarrina 150 g"],"general_information":[],"ingredients":[],"ean":"8436032130170"},{"full_name":"MACKAYS salsa chile suave tarro 235 g","name":"salsa chile suave tarro 235 g","brand":"MACKAYS ","img":"https://sgfm.elcorteingles.es/SGFM/dctm/MEDIA03/201611/29/00118017606478____1__600x600.jpg","price":"3,45 €","price_unit":"(14,68 € / Kilo)","categories":["Supermercado","Alimentación General","Comida Internacional","Salsas mejicanas y tex-mex","MACKAYS salsa chile suave tarro 235 g"],"general_information":["Denominación del alimento: CHUTNEY DE CHILES PICOR SUAVE 235 GR","País de origen: Reino Unido","Nombre del operador: Alimentación Varma, S.L.","Dirección del operador: C/ La granja, 15 - Pol. Industrial Alcobendas. 28108 Alcobendas (Madrid) - España","Cantidad Neta: 235 g"],"ingredients":[" azúcar, puré de pimiento rojo, cebolla, vinagre de vino blanco, chiles jalapeños (7%), puré de ajo, puré de chile rojo (4%), zumo de limón (concentrado), espesante: pectina de la fruta. Puede contener MOSTAZA."],"conservation":" Conservar en lugar fresco y seco","ean":"0637793030480"},{"full_name":"MACKAYS tomate y chile ahumado tarro 225 g","name":"tomate y chile ahumado tarro 225 g","brand":"MACKAYS ","img":"https://sgfm.elcorteingles.es/SGFM/dctm/MEDIA03/201611/29/00118017606460____1__600x600.jpg","price":"3,45 €","price_unit":"(15,33 € / Kilo)","categories":["Supermercado","Alimentación General","Comida Internacional","Salsas mejicanas y tex-mex","MACKAYS tomate y chile ahumado tarro 225 g"],"general_information":["Denominación del alimento: CHUTNEY DE TOMATES SECOS Y CHILE AHUMADO 225 GR","País de origen: Reino Unido","Nombre del operador: Alimentación Varma, S.L.","Dirección del operador: C/ La granja, 15 - Pol. Industrial Alcobendas. 28108 Alcobendas (Madrid) - España","Cantidad Neta: 225 g"],"ingredients":[" azúcar, tomates (20%), vinagre de vino blanco, cebolla, manzanas, tomates secados al sol (tomates secados al sol, sal) (4%), pasta de tomate secado al sol  (agua, tomates secados al sol (33%), aceite de girasol , vinagre de vino blanco, sal) (4%), pasta de chipotle (chile secado al sol) (84%), sal, ácido acético) (4%), concentrado de puré de tomate (3%), puré de ajo. Puede contener MOSTAZA."],"conservation":" Conservar en lugar fresco y seco","ean":"0637793030466"},{"full_name":"KUHNE salsa ají panca chili bote 475 g","name":"salsa ají panca chili bote 475 g","brand":"KUHNE ","img":"https://sgfm.elcorteingles.es/SGFM/dctm/MEDIA03/201611/04/00200116700758____1__600x600.jpg","price":"4,62 €","categories":["Supermercado","Alimentación General","Comida Internacional","Salsas mejicanas y tex-mex","KUHNE salsa ají panca chili bote 475 g"],"general_information":[],"ingredients":[],"ean":"0000040122168"},{"full_name":"MARY LEE salsa jalapeño botella 355 ml","name":"salsa jalapeño botella 355 ml","brand":"MARY LEE ","img":"https://sgfm.elcorteingles.es/SGFM/dctm/MEDIA03/201707/27/00118017606726____1__600x600.jpg","price":"3,80 €","price_unit":"(10,70 € / Litro)","categories":["Supermercado","Alimentación General","Comida Internacional","Salsas mejicanas y tex-mex","MARY LEE salsa jalapeño botella 355 ml"],"general_information":["Denominación del alimento: SALSA CHILES JALAPEÑOS CON LIMA 355 ML","País de origen: Estados Unidos","Nombre del operador: Alimentación Varma, S.L.","Dirección del operador: C/ La granja, 15 - Pol. Industrial Alcobendas. 28108 Alcobendas (Madrid) - España","Cantidad Neta: 355 Mililitros"],"ingredients":[" Jarabe de maíz, vinagre destinaldo, chiles jalapeños (5%), polvo de lima (>1%) (maltodextrina, corrector de acidez (E-330) y aceite de lima), espesante (E-415), hierbas, conservante (E-211), conservante (E-202), antioxidante (E-300), aceite de lima."],"conservation":" Conservar en lugar fresco y seco. Después de la apertura conservar en el frigorífico y consumir antes de  4 semanas","ean":"8425190196043"},{"full_name":"AMAZON salsa chipotle suave botella 155 ml","name":"salsa chipotle suave botella 155 ml","brand":"AMAZON ","img":"https://sgfm.elcorteingles.es/SGFM/dctm/MEDIA03/201710/03/00118017606783____1__600x600.jpg","price":"2,15 €","price_unit":"(13,87 € / Litro)","categories":["Supermercado","Alimentación General","Comida Internacional","Salsas mejicanas y tex-mex","AMAZON salsa chipotle suave botella 155 ml"],"general_information":["Denominación del alimento: Salsa","Nombre del operador: Comercial Masoliver S.A.U.","Dirección del operador: Calle Puntia. 18 - 17857 Begudà (Girona) España","Lugar de procedencia del alimento: 170 - Colombia","Cantidad Neta: 155 Mililitros"],"ingredients":[" Pimienta Chipotle (83.3%). azúcar. sal. especias (ajo en polvo. cebolla en polvo). acidulante: vinagre de caña. colorante: caramelo natural. espesante: goma xantana. Puede contener trazas de mostaza y sulfitos."],"conservation":" Conservar en lugar fresco y seco.","ean":"7702097145727"},{"full_name":"FELIX salsa chili tarro 600 ml","name":"salsa chili tarro 600 ml","brand":"FELIX ","img":"https://sgfm.elcorteingles.es/SGFM/dctm/MEDIA02/CONTENIDOS/201501/08/00200116800442____1__600x600.jpg","price":"7,10 €","price_unit":"(19,19 € / Kilo)","categories":["Supermercado","Alimentación General","Comida Internacional","Salsas mejicanas y tex-mex","FELIX salsa chili tarro 600 ml"],"general_information":[],"ingredients":[],"ean":"7310240065244"},{"full_name":"EL CORTE INGLES salsa de soja botella 200 ml","name":"salsa de soja botella 200 ml","brand":"EL CORTE INGLES ","img":"https://sgfm.elcorteingles.es/SGFM/dctm/MEDIA03/201709/25/00118017606718____1__600x600.jpg","price":"1,36 €","price_unit":"(6,80 € / Litro)","categories":["Supermercado","Alimentación General","Comida Internacional","Comida oriental","EL CORTE INGLES salsa de soja botella 200 ml"],"general_information":["Denominación del alimento: SALSA DE SOJA","Nombre del operador: Elaborado para El Corte Inglés por Aliminter S.A. C/Río Segura nº9 30562 Ceutí (Murcia) - España","Cantidad Neta: 200 Mililitros"],"ingredients":[" Ingredientes: Salsa de soja ( agua, habas de soja, trigo, sal), azúcar, vinagre de alcohol, colorante:E 150d, conservadores: E 211, E 202"],"conservation":" Conervar en lugar fresco y seco alejado de la luz. Una vez abierto conservar en el frigorífico.","ean":"8433329075626"},{"full_name":"TA-TUNG rollitos de primavera con pollo al curry envase 280 g","name":"rollitos de primavera con pollo al curry envase 280 g","brand":"TA-TUNG ","img":"https://sgfm.elcorteingles.es/SGFM/dctm/MEDIA03/201706/14/00118812700682____1__600x600.jpg","price":"3,25 €","price_unit":"(11,61 € / Kilo)","categories":["Supermercado","Alimentación General","Comida Internacional","Comida oriental","TA-TUNG rollitos de primavera con pollo al curry envase 280 g"],"general_information":[],"ingredients":[],"ean":"8436558313330"},{"full_name":"TA-TUNG rollitos de primavera 2 unidades bandeja 140 g","name":"rollitos de primavera 2 unidades bandeja 140 g","brand":"TA-TUNG ","img":"https://sgfm.elcorteingles.es/SGFM/dctm/MEDIA03/201605/24/00118812700492____1__600x600.jpg","price":"2,19 €","price_unit":"(15,64 € / Kilo)","categories":["Supermercado","Alimentación General","Comida Internacional","Comida oriental","TA-TUNG rollitos de primavera 2 unidades bandeja 140 g"],"general_information":["Denominación del alimento: Rollitos de Primavera","País de origen: España","Nombre del operador: Ta-Tung platos precocinados, S.L.","Dirección del operador: C/Corominas, 37 - 08902 L'Hospitalet de Llobregat (Barcelona)","Cantidad Neta: 140 g","Número de raciones por envase: 1","Otras menciones obligatorias en la etiqueta: Producto apto para congelar. Envasado en atmósfera protectora."],"ingredients":[" Verduras en proporción variable 51% (repollo, zanahoria, cebolla), harina de trigo, sal, azúcar, aceite de girasol, y acidulantes: lactato potásico y diacetato sódico. Salsa agridulce (20ml): agua, azúcar, vinagre de vino blanco, tomate frito (tomate, aceite de girasol, almidón modificado, sal, cebolla, azúcar y acidulante: ácido cítrico), almidón modificado, sal, extracto de remolacha y acidulantes: lactato potásico y diacetato sódico.Contiene: gluten, sulfitos (salsa agridulce)"],"conservation":" Mantener entre 0-4°C","ean":"8437011785077"},{"full_name":"TA-TUNG rollitos de espinacas bandeja 240 g","name":"rollitos de espinacas bandeja 240 g","brand":"TA-TUNG ","img":"https://sgfm.elcorteingles.es/SGFM/dctm/MEDIA03/201605/18/00118812700435____1__600x600.jpg","price":"4,19 €","price_unit":"(17,46 € / Kilo)","categories":["Supermercado","Alimentación General","Comida Internacional","Comida oriental","TA-TUNG rollitos de espinacas bandeja 240 g"],"general_information":["Denominación del alimento: Rollitos de espinacas","País de origen: España","Nombre del operador: Ta-Tung platos precocinados, S.L.","Dirección del operador: C/Corominas, 37 - 08902 L'Hospitalet de Llobregat (Barcelona)","Cantidad Neta: 240 g","Número de raciones por envase: 4","Otras menciones obligatorias en la etiqueta: Producto apto para congelar. Envasado en atmosfera protectora."],"ingredients":[" Harina de trigo, agua, espinacas (40%), pasas (12%) (uvas pasas y aceite vegetal (algodón)), piñones (5%), aceite de girasol, ajo, sal, azúcar y acidulantes (lactato potásico y diacetato sódico).Contiene: gluten, frutos secos."],"conservation":" Mantener entre 0-4°C","ean":"8437000752172"},{"full_name":"TA-TUNG rollito imperial de verduras 4 unidades bandeja 280 g","name":"rollito imperial de verduras 4 unidades bandeja 280 g","brand":"TA-TUNG ","img":"https://sgfm.elcorteingles.es/SGFM/dctm/MEDIA03/201605/18/00118812700443____1__600x600.jpg","price":"4,19 €","price_unit":"(14,96 € / Kilo)","categories":["Supermercado","Alimentación General","Comida Internacional","Comida oriental","TA-TUNG rollito imperial de verduras 4 unidades bandeja 280 g"],"general_information":["Denominación del alimento: Rollito imperial de verduras","País de origen: España","Nombre del operador: Ta-Tung platos precocinados, S.L.","Dirección del operador: C/Corominas, 37 - 08902 L'Hospitalet de Llobregat (Barcelona)","Cantidad Neta: 280 g","Número de raciones por envase: 4","Otras menciones obligatorias en la etiqueta: Producto apto para congelar. Envasado en atmósfera protectora."],"ingredients":[" Verduras en proporción variable 51% (repollo, zanahoria, cebolla, puerro, col china, judías verdes), champiñones, harina de trigo, aceite de girasol, sal, azúcar, y acidulantes: lactato potásico y diacetato sódico.Salsa agridulce (20ml): agua, azúcar, vinagre de vino blanco, tomate frito (tomate, aceite de girasol, almidón modificado, sal, cebolla, azúcar y acidulante: ácido cítrico), almidón  modificado, sal, extracto de remolacha y acidulantes: lactato potásico y diacetato sódico.Contiene: gluten y sulfitos (salsa agridulce)"],"conservation":" Mantener entre 0-4°C","ean":"8437000752905"},{"full_name":"TA-TUNG Dim Sum gyoza de foie envase 175 g","name":"Dim Sum gyoza de foie envase 175 g","brand":"TA-TUNG ","img":"https://sgfm.elcorteingles.es/SGFM/dctm/MEDIA03/201706/14/00118812700690____1__600x600.jpg","price":"4,09 €","price_unit":"(23,37 € / Kilo)","categories":["Supermercado","Alimentación General","Comida Internacional","Comida oriental","TA-TUNG Dim Sum gyoza de foie envase 175 g"],"general_information":["Denominación del alimento: Gyoza al foie al vapor","País de origen: España","Nombre del operador: Ta-Tung platos precocinados, S.L.","Dirección del operador: C/Corominas, 37 - 08902 L'Hospitalet de Llobregat (Barcelona)","Cantidad Neta: 175 g","Número de raciones por envase: 6","Otras menciones obligatorias en la etiqueta: Producto apto para congelar. Envasado en atmósfera protectora."],"ingredients":[" Masa (harina de trigo, agua, sal, azúcar caramelizado y harina de soja), mousse de pato (hígado de pato (35%), grasa de pato, leche, vino de Oporto (sulfitos), sal, especias, harina de trigo, azúcar, antioxidante (ácido ascórbico), y conservador (nitrito de sodio)), col china, carne de pollo, champiñones (Agaricus Bisporus), foie gras de pato (2%) (foie gras de pato, agua, sal, azúcar, extracto de levadura, fibra vegetal, conservador (nitrito de sodio) y antioxidante (ascorbato de sodio)), acidulantes (lactato potásico y diacetato sódico), sal y pimienta negra molida. Salsa de soja (agua, soja, harina de trigo, sal y conservador (sorbato potásico))."],"conservation":" Conservar entre 0 y 4°C","ean":"8436558313019"},{"full_name":"TA-TUNG rollitos cuatro quesos bandeja 240 g","name":"rollitos cuatro quesos bandeja 240 g","brand":"TA-TUNG ","img":"https://sgfm.elcorteingles.es/SGFM/dctm/MEDIA03/201606/01/00118812700450____1__600x600.jpg","price":"3,99 €","price_unit":"(16,62 € / Kilo)","categories":["Supermercado","Alimentación General","Comida Internacional","Comida oriental","TA-TUNG rollitos cuatro quesos bandeja 240 g"],"general_information":["Denominación del alimento: Rollitos cuatro quesos","País de origen: España","Nombre del operador: Ta-Tung platos precocinados, S.L.","Dirección del operador: C/Corominas, 37 - 08902 L'Hospitalet de Llobregat (Barcelona)","Cantidad Neta: 240 g","Número de raciones por envase: 4","Otras menciones obligatorias en la etiqueta: Producto apto para congelar. Envasado en atmósfera protectora."],"ingredients":[" Harina de trigo, queso edam (28%) (Leche pasteurizada de vaca, sal, cuajo, fermentos lácteos, conservantes (nitratos), y colorante (betacaroteno)), queso gouda (14%) (Leche pasteurizada de vaca, sal, cuajo y fermento lácteos), queso azul (5%) (Leche, sal, cultivos lácteos, cuajo, cultivo de moho), queso parmesano (5%) (Leche, sal, cuajo, conservantes: lisozima proteína del huevo, y antiaglomerante (celulosa)), agua, sal, aceite de girasol y antioxidante: ácido láctico.Contiene: gluten, lácteos, trazas de huevo."],"conservation":" Mantener entre 0-4°C","ean":"8437000752110"},{"full_name":"YATEKOMO World Tour arroz tres delicias vaso 95 g","name":"World Tour arroz tres delicias vaso 95 g","brand":"YATEKOMO ","img":"https://sgfm.elcorteingles.es/SGFM/dctm/MEDIA03/201606/23/00200105500532____2__600x600.jpg","price":"1,59 €","price_unit":"(16,74 € / Kilo)","categories":["Supermercado","Alimentación General","Comida Internacional","Comida oriental","YATEKOMO World Tour arroz tres delicias vaso 95 g"],"general_information":["Denominación del alimento: Arroz 3 delicias con jamón, tortilla y zanahoria","Nombre del operador: Gallina Blanca, S.A.","Dirección del operador: Plaza Europa 42, 08902 - Hospitalet de Llobregat (Barcelona)","Cantidad Neta: 88 g"],"ingredients":[" Arroz 79%, aceite de oliva,  zanahoria 4,1%, guisantes,  sal, cebolla, aromas (con crustáceos, huevo), jamón ahumado 1% (carne de cerdo, agua, sal, dextrosa, extracto de levadura, jarabe de glucosa, aroma de humo), tortilla 0,9%  (huevo entero, clara de huevo, sal), potenciador del sabor (glutamato monosódico), extracto de levadura,  aceite de oliva virgen extra. Puede contener trazas de  trigo, apio, soja, leche y pescado."],"conservation":" Conservar en un lugar fresco y seco","ean":"8410300354352"},{"full_name":"YATEKOMO fideos orientales instantáneos sabor pollo pack 3 +  1 yakisoba sabor pollo envase 273 g","name":"fideos orientales instantáneos sabor pollo pack 3 +  1 yakisoba sabor pollo envase 273 g","brand":"YATEKOMO ","img":"https://sgfm.elcorteingles.es/SGFM/dctm/MEDIA03/201708/25/00118036001560____1__600x600.jpg","price":"4,49 €","price_unit":"(16,45 € / Kilo)","categories":["Supermercado","Alimentación General","Comida Internacional","Comida oriental","YATEKOMO fideos orientales instantáneos sabor pollo pack 3 +  1 yakisoba sabor pollo envase 273 g"],"general_information":[],"ingredients":[],"ean":"8410300358183"},{"full_name":"YATEKOMO fideos orientales instantáneos sabor pollo listos en 3 minutos vaso 81 g","name":"fideos orientales instantáneos sabor pollo listos en 3 minutos vaso 81 g","brand":"YATEKOMO ","img":"https://sgfm.elcorteingles.es/SGFM/dctm/MEDIA03/201709/11/00118036001529____1__600x600.jpg","price":"1,51 €","price_unit":"(18,64 € / Kilo)","categories":["Supermercado","Alimentación General","Comida Internacional","Comida oriental","YATEKOMO fideos orientales instantáneos sabor pollo listos en 3 minutos vaso 81 g"],"general_information":["Denominación del alimento: Preparado alimenticio con fideos de harina de trigo y aderezo sabor Pollo.","Nombre del operador: Gallina Blanca, S.A.U.","Dirección del operador: Plaza Europa 42, 08902 - Hospitalet de Llobregat (Barcelona)","Cantidad Neta: 81 g","Número de raciones por envase: 1"],"ingredients":[" Fideos orientales (90,7%): harina de trigo, aceite de palma, almidón modificado, sal, gasificantes (carbonato de sodio, carbonato de potasio).Aderezo (9,3%): sal, almidón de patata, potenciadores del sabor (E621, E635), lactosa, azúcar, vegetales en proporción variable (perejil, zanahoria, apio, puerro), extracto de levadura, aromas (contienen trigo, huevo y leche), grasa de pollo 1,5%, colorantes  (E150c, E160c,  E100), pimienta blanca, salsa de soja en polvo (soja, trigo, maltodextrina, sal), carne de pollo 0,5%, corrector de acidez (ácido cítrico).Puede contener trazas de: crustáceos, pescado, moluscos, mostaza y sésamo."],"conservation":" Conservar en un lugar fresco y seco, protegido de la luz.","ean":"8410300355243"},{"full_name":"YATEKOMO fideos orientales instantáneos de arroz sabor pollo sin gluten listos en 4 minutos vaso 53 g","name":"fideos orientales instantáneos de arroz sabor pollo sin gluten listos en 4 minutos vaso 53 g","brand":"YATEKOMO ","img":"https://sgfm.elcorteingles.es/SGFM/dctm/MEDIA03/201708/25/00200136001666____1__600x600.jpg","price":"1,59 €","price_unit":"(30 € / Kilo)","categories":["Supermercado","Alimentación General","Comida Internacional","Comida oriental","YATEKOMO fideos orientales instantáneos de arroz sabor pollo sin gluten listos en 4 minutos vaso 53 g"],"general_information":["Denominación del alimento: Preparado alimenticio con fideos de harina de arroz y aderezo sabor oriental","Nombre del operador: Gallina Blanca, S.A.U.","Dirección del operador: Plaza Europa 42, 08902 - Hospitalet de Llobregat (Barcelona)","Cantidad Neta: 53 g","Número de raciones por envase: 1"],"ingredients":[" Fideos de arroz 85%: harina de arroz 95%, almidón de tapioca. Aderezo 15%: sal, almidón de patata, potenciadores del sabor (E621, E635), ajo, azúcar, aromas (con huevo), extracto de levadura, maltodextrina, cebollino, carne de pollo 2%, aceite de girasol, especias, acidulante (ácido cítrico), cilantro. Puede contener trazas de soja, leche, apio, pescado y crustáceos."],"conservation":" Conservar en lugar fresco y seco, protegido de la luz.","ean":"8410300358336"},{"full_name":"KNORR sopa japonesa fideos, miso y seta shiitake sobre 44 g","name":"sopa japonesa fideos, miso y seta shiitake sobre 44 g","brand":"KNORR ","img":"https://sgfm.elcorteingles.es/SGFM/dctm/MEDIA03/201702/03/00200101501534____1__600x600.jpg","price":"1,52 €","price_unit":"(34,55 € / Kilo)","categories":["Supermercado","Alimentación General","Comida Internacional","Comida oriental","KNORR sopa japonesa fideos, miso y seta shiitake sobre 44 g"],"general_information":["Denominación del alimento: Sopa miso deshidratada","Nombre del operador: Unilever España S.A.","Dirección del operador: C/Tecnología 19, 08840 Viladecans (Barcelona)","Cantidad Neta: 0.704 Kilogramos"],"ingredients":[" Sopa miso deshidratada: Fideos (pasta alimenticia) (39%) (semolina de trigo, sal, clara de huevo), miso deshidratado (23%) (semillas de soja, arroz, sal, fermento de koji), azúcar, sal, almidón de patata, seta shiitake (3%), hortalizas (8,1%) (zanahorias¹, brotes de soja verde, col¹, cebolleta), extracto de levadura, cloruro potásico, especias (jengibre, ajo¹, pimienta de cayena, curcúma¹), maltodextrina, alga marina wakame (0,9%), salsa de soja (soja, trigo), grasa de palma, zumo de limón , aroma natural de jengibre. Puede contener leche, apio y mostaza."],"conservation":" Conservar en un lugar fresco y seco.","ean":"8714100270431"},{"full_name":"YATEKOMO fideos orientales instantáneos con verduras listos en 3 minutos vaso 59 g","name":"fideos orientales instantáneos con verduras listos en 3 minutos vaso 59 g","brand":"YATEKOMO ","img":"https://sgfm.elcorteingles.es/SGFM/dctm/MEDIA03/201709/11/00118036001107____1__600x600.jpg","price":"1,10 €","price_unit":"(18,64 € / Kilo)","categories":["Supermercado","Alimentación General","Comida Internacional","Comida oriental","YATEKOMO fideos orientales instantáneos con verduras listos en 3 minutos vaso 59 g"],"general_information":["Denominación del alimento: Preparado alimenticio con fideos de harina de trigo y aderezo sabor verduras.","Nombre del operador: Gallina Blanca, S.A.U.","Dirección del operador: Plaza Europa 42, 08902 - Hospitalet de Llobregat (Barcelona)","Cantidad Neta: 59 g","Número de raciones por envase: 1"],"ingredients":[" Fideos orientales (92%): harina de trigo, aceite de palma, almidón modificado, sal, gasificantes (carbonato de sodio, carbonato de potasio).Aderezo (8%): verduras y hortalizas en proporción variable 35,1% (zanahoria, apio, col, cebolla, puerro, eneldo, perejil), sal, potenciadores del sabor (E621, E635, E508), especias (ajo, pimienta negra, jengibre, chile), lactosa, aromas (contienen trigo, mostaza y apio), extracto de levadura, grasa de palma, corrector de acidez (ácido cítrico), colorante (curcumina). Puede contener trazas de: huevo, leche, soja, crustáceos, pescado, moluscos y sésamo."],"conservation":" Conservar en lugar fresco y seco, protegido de la luz.","ean":"8410300349969"},{"full_name":"YATEKOMO fideos orientales instantáneos listos en 3 minutos vaso 61 g","name":"fideos orientales instantáneos listos en 3 minutos vaso 61 g","brand":"YATEKOMO ","img":"https://sgfm.elcorteingles.es/SGFM/dctm/MEDIA03/201709/11/00118036001115____1__600x600.jpg","price":"1,10 €","price_unit":"(18,03 € / Kilo)","categories":["Supermercado","Alimentación General","Comida Internacional","Comida oriental","YATEKOMO fideos orientales instantáneos listos en 3 minutos vaso 61 g"],"general_information":[],"ingredients":[],"ean":"8410300356974"},{"full_name":"YATEKOMO fideos orientales pollo con soja listo en 3 minutos sobre 82 g","name":"fideos orientales pollo con soja listo en 3 minutos sobre 82 g","brand":"YATEKOMO ","img":"https://sgfm.elcorteingles.es/SGFM/dctm/MEDIA03/201709/11/00118036001016____1__600x600.jpg","price":"0,75 €","price_unit":"(9,15 € / Kilo)","categories":["Supermercado","Alimentación General","Comida Internacional","Comida oriental","YATEKOMO fideos orientales pollo con soja listo en 3 minutos sobre 82 g"],"general_information":["Denominación del alimento: Preparado alimenticio con fideos de trigo y aderezo sabor pollo y soja","Nombre del operador: Gallina Blanca, S.A.U.","Dirección del operador: Plaza Europa 42, 08902 - Hospitalet de Llobregat (Barcelona)","Cantidad Neta: 79 g","Número de raciones por envase: 1"],"ingredients":[" Fideos orientales (93%): harina de trigo, aceite de palma, almidón modificado, sal, gasificantes (carbonato de sodio, carbonato de potasio).Aderezo (7%): salsa de soja en polvo 31,5% (soja, trigo, maltodextrina, sal), sal, azúcar, potenciadores del sabor (E621, E635), extracto de cerdo, extracto de pollo 7%, maltodextrina, colorante (E150c), ajo, cebolla, grasa de pollo 1,5%, pimienta negra, extracto de levadura, pimienta blanca.  Puede contener trazas de: apio, huevo, leche, crustáceos, pescados, moluscos, mostaza y sésamo."],"conservation":" Conservar en lugar fresco y seco, protegido de la luz.","ean":"8410300349990"},{"full_name":"YATEKOMO fideos orientales instantáneos sabor pollo listos en 3 minutos vaso 60 g","name":"fideos orientales instantáneos sabor pollo listos en 3 minutos vaso 60 g","brand":"YATEKOMO ","img":"https://sgfm.elcorteingles.es/SGFM//01/12/3/0118036001123/0118036001123000g01011.jpg","price":"1,10 €","price_unit":"(18,33 € / Kilo)","categories":["Supermercado","Alimentación General","Comida Internacional","Comida oriental","YATEKOMO fideos orientales instantáneos sabor pollo listos en 3 minutos vaso 60 g"],"general_information":["Denominación del alimento: Preparado alimenticio con fideos de harina de trigo y aderezo sabor Pollo.","Nombre del operador: Gallina Blanca, S.A.U.","Dirección del operador: Plaza Europa 42, 08902 - Hospitalet de Llobregat (Barcelona)","Cantidad Neta: 66 g","Número de raciones por envase: 1"],"ingredients":[" Fideos orientales (90%): harina de trigo, aceite de palma, almidón modificado, sal, gasificantes (carbonato de sodio, carbonato de potasio).Aderezo (10%): sal, almidón de patata, potenciadores del sabor (E621, E635), lactosa, azúcar, vegetales en proporción variable (perejil, zanahoria, apio, puerro), extracto de levadura, aromas (contienen trigo, huevo y leche), grasa de pollo 1,5%, colorantes  (E150c, E160c,  E100), pimienta blanca, salsa de soja en polvo (soja, trigo, maltodextrina, sal), carne de pollo 0,5%, corrector de acidez (ácido cítrico).Puede contener trazas de: crustáceos, pescado, moluscos, mostaza y sésamo."],"conservation":" Conservar en lugar fresco y seco, protegido de la luz.","ean":"8410300356967"},{"full_name":"YATEKOMO Yakisoba classic gourmet oriental vaso 93 g","name":"Yakisoba classic gourmet oriental vaso 93 g","brand":"YATEKOMO ","img":"https://sgfm.elcorteingles.es/SGFM/dctm/MEDIA03/201709/11/00118036001180____4__600x600.jpg","price":"1,59 €","price_unit":"(17,10 € / Kilo)","categories":["Supermercado","Alimentación General","Comida Internacional","Comida oriental","YATEKOMO Yakisoba classic gourmet oriental vaso 93 g"],"general_information":["Denominación del alimento: Preparado alimenticio de fideos de harina de trigo, salsa de soja con especias y verduras deshidratadas.","Nombre del operador: Gallina Blanca, S.A.U.","Dirección del operador: Plaza Europa 42, 08902 - Hospitalet de Llobregat (Barcelona)","Cantidad Neta: 93 g","Número de raciones por envase: 1"],"ingredients":[" Fideos orientales (79%): harina de trigo, aceite de palma, almidón modificado, sal, gasificantes (carbonato de sodio, carbonato de potasio).Salsa líquida (17%): Salsa de soja 7,6% (agua, soja, trigo, sal), aceite de girasol, colorantes (E150a, E150c), azúcar, salsa de soja en polvo 1,1% (soja, trigo, maltodextrina, sal), potenciadores del sabor (E621, E635), vinagre de sidra de manzana en polvo (vinagre de sidra de manzana, maltodextrina), especias, ajo en polvo, corrector de acidez (ácido cítrico), aroma, extracto de levadura y cebolla en polvo.Guarnición deshidratada (4%): zanahoria, col y puerro.Puede contener trazas de: apio, huevo, leche, crustáceos, pescado, mostaza, sésamo y moluscos."],"conservation":" Conservar en un lugar fresco y seco, protegido de la luz.","ean":"8410300352327"},{"full_name":"YATEKOMO Yakisoba gourmet oriental pollo vaso 93 g","name":"Yakisoba gourmet oriental pollo vaso 93 g","brand":"YATEKOMO ","img":"https://sgfm.elcorteingles.es/SGFM/dctm/MEDIA03/201709/11/00118036001198____3__600x600.jpg","price":"1,59 €","price_unit":"(17,10 € / Kilo)","categories":["Supermercado","Alimentación General","Comida Internacional","Comida oriental","YATEKOMO Yakisoba gourmet oriental pollo vaso 93 g"],"general_information":["Denominación del alimento: Preparado alimenticio de fideos de harina de trigo, salsa de soja con especias, verduras y pollo deshidratados.","Nombre del operador: Gallina Blanca, S.A.U.","Dirección del operador: Plaza Europa 42, 08902 - Hospitalet de Llobregat (Barcelona)","Cantidad Neta: 93 g","Número de raciones por envase: 1"],"ingredients":[" Fideos orientales (79%): harina de trigo, aceite de palma, almidón modificado, sal, gasificantes (carbonato de sodio, carbonato de potasio).Salsa líquida (17%): Salsa de soja 7,6% (agua, soja, trigo, sal), aceite de girasol, azúcar, potenciadores del sabor (E621, E635), aromas (contienen leche), vinagre de sidra de manzana en polvo (vinagre de sidra de manzana, maltodextrina), salsa de soja en polvo 0,45% (soja, trigo, maltodextrina, sal), ajo en polvo, jengibre, extracto de levadura.Guarnición deshidratada (4%): Verduras 3,3% (zanahoria, col, puerro) y pollo 0,7%.Puede contener trazas de: apio, huevo, crustáceos, pescado, mostaza, sésamo y moluscos."],"conservation":" Conservar en un lugar fresco, seco","ean":"8410300352280"},{"full_name":"YATEKOMO Yakisoba gourmet oriental carne vaso 93 g","name":"Yakisoba gourmet oriental carne vaso 93 g","brand":"YATEKOMO ","img":"https://sgfm.elcorteingles.es/SGFM/dctm/MEDIA03/201709/11/00118036001347____1__600x600.jpg","price":"1,59 €","price_unit":"(17,10 € / Kilo)","categories":["Supermercado","Alimentación General","Comida Internacional","Comida oriental","YATEKOMO Yakisoba gourmet oriental carne vaso 93 g"],"general_information":[],"ingredients":[],"ean":"8410300352334"},{"full_name":"YATEKOMO Yakisoba fideos orientales sabor pollo bolsa 93 g","name":"Yakisoba fideos orientales sabor pollo bolsa 93 g","brand":"YATEKOMO ","img":"https://sgfm.elcorteingles.es/SGFM/dctm/MEDIA03/201709/11/00118036001446____11__600x600.jpg","price":"1,00 €","price_unit":"(10,75 € / Kilo)","categories":["Supermercado","Alimentación General","Comida Internacional","Comida oriental","YATEKOMO Yakisoba fideos orientales sabor pollo bolsa 93 g"],"general_information":[],"ingredients":[],"ean":"8410300356370"},{"full_name":"YATEKOMO fideos orientales instantáneos curry picante listos en 3 minutos vaso 61 g","name":"fideos orientales instantáneos curry picante listos en 3 minutos vaso 61 g","brand":"YATEKOMO ","img":"https://sgfm.elcorteingles.es/SGFM/dctm/MEDIA03/201709/11/00118036001065____1__600x600.jpg","price":"1,10 €","price_unit":"(18,03 € / Kilo)","categories":["Supermercado","Alimentación General","Comida Internacional","Comida oriental","YATEKOMO fideos orientales instantáneos curry picante listos en 3 minutos vaso 61 g"],"general_information":["Denominación del alimento: Preparado alimenticio con fideos de harina de trigo y aderezo sabor curry.","Nombre del operador: Gallina Blanca, S.A.U.","Dirección del operador: Plaza Europa 42, 08902 - Hospitalet de Llobregat (Barcelona)","Cantidad Neta: 61 g","Número de raciones por envase: 1"],"ingredients":[" Fideos orientales (89%): harina de trigo, aceite de palma, almidón modificado, sal, gasificantes (carbonato de sodio, carbonato de potasio). Aderezo (11%): sal, azúcar, especias: curry 9,3% (cúrcuma, comino, canela, sal, fenogreco, clavo, jengibre, chile, cardamomo, cilantro, nuez moscada, pimienta negra), chile, cúrcuma, comino; potenciadores del sabor (E621, E635), almidón de patata, extracto de levadura, extracto de pollo, salsa de soja en polvo (soja, trigo, maltodextrina, sal), tomate, leche desnatada, aromas (contienen trigo), grasa de cerdo, ajo, colorante (E150c), cebolla, corrector de acidez (ácido cítrico).Puede contener trazas de: apio, huevo, crustáceos, pescado, moluscos, mostaza y sésamo."],"conservation":" Conservar en lugar fresco y seco, protegido de la luz.","ean":"8410300351108"},{"full_name":"YATEKOMO fideos orientales instantáneos sabor gamba listos en 3 minutos vaso 60 g","name":"fideos orientales instantáneos sabor gamba listos en 3 minutos vaso 60 g","brand":"YATEKOMO ","img":"https://sgfm.elcorteingles.es/SGFM/dctm/MEDIA03/201709/11/00118036001073____1__600x600.jpg","price":"1,10 €","price_unit":"(18,33 € / Kilo)","categories":["Supermercado","Alimentación General","Comida Internacional","Comida oriental","YATEKOMO fideos orientales instantáneos sabor gamba listos en 3 minutos vaso 60 g"],"general_information":["Denominación del alimento: Preparado alimenticio con fideos de harina de trigo y aderezo sabor gambas","Nombre del operador: Gallina Blanca, S.A.U.","Dirección del operador: Plaza Europa 42, 08902 - Hospitalet de Llobregat (Barcelona)","Cantidad Neta: 60 g","Número de raciones por envase: 1"],"ingredients":[" Fideos orientales (90%): harina de trigo, aceite de palma, almidón modificado, sal, gasificantes (carbonato de sodio, carbonato de potasio). Aderezo (10%): sal, maltodextrina, potenciador de sabor (E621, E635), gambas 8%, extracto de levadura, preparación de verduras (cebolla, zanahoria, apio, aceite de girasol, azúcar, almidón de maíz, sal, ajo, pimienta negra), azúcar, salsa de soja en polvo (soja, trigo, maltodextrina, sal), aderezo de pescado [potenciadores del sabor (E621, E631), aroma, sal, lactosa, azúcar, carne de pescado, extracto de pescado, extracto de levadura], aromas (contienen crustáceos, pescado, leche, moluscos), pimienta negra, aceite de girasol, pimienta blanca, colorantes (E150c, E160c).Puede contener trazas de: huevo, mostaza y sésamo."],"conservation":" Conservar en lugar fresco y seco, protegido de la luz.","ean":"8410300351115"},{"full_name":"YATEKOMO Yakisoba fideos orientales classic bolsa 93 g","name":"Yakisoba fideos orientales classic bolsa 93 g","brand":"YATEKOMO ","img":"https://sgfm.elcorteingles.es/SGFM/dctm/MEDIA03/201709/11/00118036001453____6__600x600.jpg","price":"1,00 €","price_unit":"(10,75 € / Kilo)","categories":["Supermercado","Alimentación General","Comida Internacional","Comida oriental","YATEKOMO Yakisoba fideos orientales classic bolsa 93 g"],"general_information":["Denominación del alimento: Preparado alimenticio de fideos de harina de trigo, salsa de soja con especias y verduras.","Nombre del operador: Gallina Blanca, S.A.U.","Dirección del operador: Plaza Europa 42, 08902 - Hospitalet de Llobregat (Barcelona)","Cantidad Neta: 93 g"],"ingredients":[" Fideos orientales (79%): harina de trigo, aceite de palma, almidón modificado, sal, gasificantes (carbonato de sodio, carbonato de potásio). Salsa líquida (17%): Salsa de soja 7,6% (agua, soja, trigo, sal), aceite de girasol, colorantes (E150a, E150c), azúcar, salsa de soja en polvo 1,1% (soja, trigo, maltodextrina, sal), potenciadores del sabor (E621, E635), vinagre de sidra de manzana en polvo (vinagre de sidra de manzana, maltodextrina), especias,  ajo en polvo, corrector de acidez: ácido cítrico, aroma, extracto de levadura y cebolla en polvo. Guarnición deshidratada (5%):zanahoria, col, puerro. Puede contener trazas de apio, huevo, leche, crustáceos, pescado, mostaza, sésamo, moluscos."],"conservation":" Conservar en lugar fresco y seco, protegido de la luz.","ean":"8410300356387"},{"full_name":"PATAK'S pasta Tikka frasco 170 g","name":"pasta Tikka frasco 170 g","brand":"PATAK'S ","img":"https://sgfm.elcorteingles.es/SGFM/00/75/9/0200189300759/0200189300759000g01011.jpg","price":"2,39 €","price_unit":"(14,06 € / Kilo)","categories":["Supermercado","Alimentación General","Comida Internacional","Comida oriental","PATAK'S pasta Tikka frasco 170 g"],"general_information":["Denominación del alimento: Pasta Tikka","País de origen: Reino Unido","Nombre del operador: Ofistrade S.A.","Dirección del operador: C/Buenos Aires 38-40, entlo. C - 08036 Barcelona","Lugar de procedencia del alimento: Inglaterra","Cantidad Neta: 165,0 g"],"ingredients":[" Agua, aceite vegetal, puré de tomate concentrado (11%), azúcar, cebollas secas, cúrcuma, jengibre (4%), paprika, coco deshidratado (3%), sal, almidón de maíz, cilantro, ácido acético, jugo de limón concentrado (2%), comino, ajo, especias (contiene mostaza), ácido láctico, hoja de cilantro seca y extracto de paprika."],"conservation":" Consérvese en lugar fresco y seco.","ean":"5011308700917"},{"full_name":"PATAK'S pickle de lima frasco 283 g","name":"pickle de lima frasco 283 g","brand":"PATAK'S ","img":"https://sgfm.elcorteingles.es/SGFM/00/73/4/0200189300734/0200189300734000g01011.jpg","price":"6,29 €","price_unit":"(22,23 € / Kilo)","categories":["Supermercado","Alimentación General","Comida Internacional","Comida oriental","PATAK'S pickle de lima frasco 283 g"],"general_information":[],"ingredients":[],"ean":"0069276117058"},{"full_name":"MAGGI Fusian Yakisoba fideos orientales sabor pollo sobre 120 g","name":"Fusian Yakisoba fideos orientales sabor pollo sobre 120 g","brand":"MAGGI ","img":"https://sgfm.elcorteingles.es/SGFM/dctm/MEDIA03/201702/27/00118036001388____2__600x600.jpg","price":"1,59 €","price_unit":"(13,25 € / Kilo)","categories":["Supermercado","Alimentación General","Comida Internacional","Comida oriental","MAGGI Fusian Yakisoba fideos orientales sabor pollo sobre 120 g"],"general_information":["Denominación del alimento: Preparado alimenticio de harina de trigo, salsa (con azúcar y edulcorante), hortalizas deshidratadas y condimentos.","País de origen: Ucrania","Nombre del operador: Nestlé España, S.A.","Dirección del operador: Edificio Nestlé 08950 Esplugues de Llobregat (Barcelona)","Cantidad Neta: 120 g"],"ingredients":[" Ingredientes: Fideos fritos (76,7%):  harina de trigo,  grasa de palma, sal, potenciador del sabor (glutamato monosódico),  ajo en polvo,  corrector de acidez (carbonato potásico),  estabilizante (polifosfato sódico),  cúrcuma. Salsa (12,5 %):   agua,  aceite de girasol,  azúcar,  sal,  colorante caramelo amónico (contiene gluten),  tomate en polvo,  potenciador del sabor (glutamato monosódico),  corrector de acidez (ácido cítrico),  aceite de sésamo,  salsa de soja en polvo (contiene gluten),  maltodextrina,  edulcorante (sacarina sódica).  Hortalizas deshidratadas (7,1%):  col,  zanahoria,  cebollino.  Condimento (3,7%):  sal,  potenciadores del sabor (glutamato monosódico, guanilato disódico, inosinato disódico),  azúcar,  almidón de maíz,  preparado alimenticio [jarabe de glucosa, grasa de palma parcialmente hidrogenada, estabilizantes (E331, E340), proteínas de leche, emulgente (E471), antiapelmazante (E551), colorante (E160a)],  hortalizas deshidratadas 0,1% (col, cebolla, ajo, apio),  aromas,  especias (jengibre, cúrcuma, pimienta negra),  extracto de levadura,  proteína de soja hidrolizada,  corrector de acidez (ácido cítrico),  aceite de girasol,  colorante (riboflavina).  Puede contener huevo y mostaza."],"conservation":" Conservar en lugar fresco y seco","ean":"7613035365261"},{"full_name":"MAGGI Fusian pasta oriental sabor pollo vaso 61,50 g","name":"Fusian pasta oriental sabor pollo vaso 61,50 g","brand":"MAGGI ","img":"https://sgfm.elcorteingles.es/SGFM/dctm/MEDIA03/201702/27/00118036001172____2__600x600.jpg","price":"1,10 €","price_unit":"(17,89 € / Kilo)","categories":["Supermercado","Alimentación General","Comida Internacional","Comida oriental","MAGGI Fusian pasta oriental sabor pollo vaso 61,50 g"],"general_information":["Denominación del alimento: Preparado alimenticio de Harina de Trigo, condimento sabor a pollo y hortalizas deshidratadas","Nombre del operador: Nestlé España, S.A.","Dirección del operador: Avinguda Països Catalans, 51 - 08950 Esplugues de Llobregat (Barcelona)","Cantidad Neta: 61.5 g"],"ingredients":[" Fideos fritos (89.4%): harina de trigo, grasa de palma, almidón de patata, sal, gluten de trigo, potenciador del sabor (glutamato monosódico), corrector de acidez (carbonato potásico), ajo en polvo, estabilizante (polifosfato sódico), cúrcuma. Condimento (7.3%): sal, potenciadores del sabor (glutamato monosódico, guanilato disódico, inosinato disódico), azúcar, almidón de maíz, preparado alimenticio (jarabe de glucosa, grasa vegetal parcialmente hidrogenada (coco, palma y palmiste), estabilizantes (E331, E340), proteínas de leche, emulgente (E471), hortalizas deshidratadas (col, cebolla, ajo, apio), aromas, especias (jengibre, cúrcuma, pimienta negra), extracto de levadura, proteína de soja hidrolizada, corrector de acidez (ácido cítrico), aceite de girasol, colorante (riboflavina). Hortalizas deshidratadas (3.2%): zanahoria, puerro, cebolla, perejil, cebollino. Puede contener trazas de huevo, mostaza y sésamo."],"conservation":" Conservar en lugar fresco y seco.","ean":"7613034917980"},{"full_name":"MAGGI Fusian Yakisoba fideos orientales sabor classic sobre 120 g","name":"Fusian Yakisoba fideos orientales sabor classic sobre 120 g","brand":"MAGGI ","img":"https://sgfm.elcorteingles.es/SGFM/dctm/MEDIA03/201702/27/00118036000794____1__600x600.jpg","price":"1,59 €","price_unit":"(22,39 € / Kilo)","categories":["Supermercado","Alimentación General","Comida Internacional","Comida oriental","MAGGI Fusian Yakisoba fideos orientales sabor classic sobre 120 g"],"general_information":["Denominación del alimento: Preparado alimenticio de harina de trigo, salsa (con azúcar y edulcorante), hortalizas deshidratadas y condimentos","País de origen: Ucrania","Nombre del operador: Nestlé España, S.A.","Dirección del operador: NESTLÉ ESPAÑA, S.A. ? Edificio Nestlé ? 08950 Esplugues de Llobregat (Barcelona)","Cantidad Neta: 120 g"],"ingredients":[" Ingredientes: Fideos fritos (76,7%): Harina de trigo, grasa de palma, sal, potenciador del sabor (E621), ajo, corrector de acidez (E501), estabilizante (E452), cúrcuma. Salsa (12,5%): Aceite de girasol, azúcar, sal, colorante (E150c) (contiene gluten), tomate en polvo, potenciador del sabor (E621), corrector de acidez (ácido cítrico), aceite de sésamo, salsa de soja en polvo (contiene gluten), maltodextrina, edulcorante (sacarina sódica). Hortalizas deshidratadas (7,1%): Col, zanahoria, cebollino. Condimento (3,7%): Potenciadores del sabor (E621, E627, E631), azúcar, almidón de maíz, hortalizas deshidratadas (col, ajo, cebolla, eneldo), salsa de soja en polvo (contiene gluten), especias (guindilla, jengibre, pimienta negra, laurel, canela, semillas de eneldo), grasa de palma, aroma (contiene leche y gluten), extracto de levadura, colorante (E150c) (contiene gluten), corrector de acidez (ácido cítrico), sal. Puede contener huevo, apio y mostaza."],"conservation":" Conservar en lugar fresco y seco.","ean":"7613031923281"},{"full_name":"MAGGI Fusian Yakisoba fideos sabor  curry 2 raciones sobre 120 g","name":"Fusian Yakisoba fideos sabor  curry 2 raciones sobre 120 g","brand":"MAGGI ","img":"https://sgfm.elcorteingles.es/SGFM/dctm/MEDIA03/201702/27/00118036000802____1__600x600.jpg","price":"1,59 €","price_unit":"(13,25 € / Kilo)","categories":["Supermercado","Alimentación General","Comida Internacional","Comida oriental","MAGGI Fusian Yakisoba fideos sabor  curry 2 raciones sobre 120 g"],"general_information":["Denominación del alimento: Preparado alimenticio de harina de trigo, condimento, hortalizas deshidratadas y preparado de aceite","País de origen: Ucrania","Nombre del operador: Nestlé España, S.A.","Dirección del operador: NESTLÉ ESPAÑA, S.A. ? Edificio Nestlé ? 08950 Esplugues de Llobregat (Barcelona)","Cantidad Neta: 120 g"],"ingredients":[" Ingredientes: Fideos fritos (76,7%): Harina de trigo, grasa de palma, sal, potenciador del sabor (E621), ajo, corrector de acidez (E501), estabilizante (E452), cúrcuma. Condimento (12,5%): Azúcar, sal, especias (curry (0,7%)), jengibre, cúrcuma, guindilla, canela, semillas de eneldo), preparado alimenticio [jarabe de glucosa, grasa vegetal parcialmente hidrogenada (coco, palma y palmiste), estabilizantes (E331, E340), proteínas de leche, emulgente (E471), colorante (E160a)], potenciadores del sabor (E621, E627, E631), aromas (contiene gluten, apio), grasa de palma, salsa de soja (contiene gluten), harina de guisantes, almidón modificado de maíz, hortalizas deshidratadas (col, ajo), proteínas de soja hidrolizadas, colorante (E150c) (contiene gluten), corrector de acidez (E330). Vegetales deshidratados (8,2%): Col, zanahoria, cebollino. Preparado de aceite (2,6%): Aceite de girasol frito con cebollas, antioxidante (E306) (contiene soja), colorante (E160a). Puede contener huevo, mostaza y sésamo."],"conservation":" Conservar en lugar fresco y seco","ean":"7613031923328"},{"full_name":"MAGGI Fusian pasta oriental sabor curry sobre 70 g","name":"Fusian pasta oriental sabor curry sobre 70 g","brand":"MAGGI ","img":"https://sgfm.elcorteingles.es/SGFM/dctm/MEDIA03/201702/27/00118089300455____1__600x600.jpg","price":"0,75 €","price_unit":"(10,71 € / Kilo)","categories":["Supermercado","Alimentación General","Comida Internacional","Comida oriental","MAGGI Fusian pasta oriental sabor curry sobre 70 g"],"general_information":["Denominación del alimento: Preparado alimenticio de harina de trigo y condimento deshidratado sabor a curry.","Nombre del operador: Nestlé España, S.A.","Dirección del operador: Avinguda Països Catalans, 51 - 08950 Esplugues de Llobregat (Barcelona)","Cantidad Neta: 71 g"],"ingredients":[" Fideos (93.7%): harina de trigo (69,7%), grasa de palma, sal, potenciador del sabor (E621), ajo en polvo, corrector de acidez (E501), estabilizante (E452), cúrcuma. Condimento (6.3%): sal, potenciadores del sabor (E621, E627, E631), especias (curry, cúrcuma, jengibre), azúcar, almidón de maíz, aromas (con gluten), proteínas de soja hidrolizadas, corrector de acidez (E330), colorante (E150c)(contiene gluten), cebolla deshidratada, aceite de girasol. Puede contener trazas de leche, huevo, apio, mostaza, sésamo."],"conservation":" Conservar en lugar fresco y seco. Una vez abierta la bolsa, consumir el producto antes de 1 mes. Cerrar la bolsa después de cada uso.","ean":"8410100063904"},{"full_name":"MAGGI WOKINAR fideos orientales con pollo y verduras de temporada bolsa 185 g","name":"fideos orientales con pollo y verduras de temporada bolsa 185 g","brand":"MAGGI WOKINAR ","img":"https://sgfm.elcorteingles.es/SGFM/dctm/MEDIA03/201709/14/00118036001313____2__600x600.jpg","price":"1,60 €","price_unit":"(8,65 € / Kilo)","categories":["Supermercado","Alimentación General","Comida Internacional","Comida oriental","MAGGI WOKINAR fideos orientales con pollo y verduras de temporada bolsa 185 g"],"general_information":["Denominación del alimento: Preparado alimenticio de harina de trigo y condimento deshidratado","País de origen: Ucrania","Nombre del operador: Nestlé España, S.A.","Dirección del operador: NESTLÉ ESPAÑA S.A. Edificio Nestlé. 08950 Esplugues de Llobregat","Cantidad Neta: 185 g","Otras menciones obligatorias en la etiqueta: Adapta la ración: 1 ración Adultos/ 2/3 de ración Niños 4-8 años"],"ingredients":[" Ingredientes: Fideos (86,4%): harina de trigo,  grasa de palma,  sal,  corrector de acidez (carbonato potásico),  estabilizante (polifosfato sódico).  Condimento (13,5%): azúcar,  especias y plantas aromáticas (3,6%) (cebolla, ajo, pimentón, jengibre, cúrcuma, cilantro, guindilla),  sal yodada,  proteína hidrolizada de soja,  extracto de levadura,  aromas (contienen gluten, huevo y mostaza),  maltodextrina,  sal,  aceite de girasol,  corrector de acidez (ácido cítrico).  Puede contener leche, apio y sésamo."],"conservation":" Conservar en lugar fresco y seco.","ean":"7613035201286"},{"full_name":"MAGGI Jugoso al wok kit de fideos con ternera y verduras a la provenzal bolsa 185 g","name":"Jugoso al wok kit de fideos con ternera y verduras a la provenzal bolsa 185 g","brand":"MAGGI ","img":"https://sgfm.elcorteingles.es/SGFM/dctm/MEDIA02/CONTENIDOS/201509/17/00118036001321____1__600x600.jpg","price":"1,60 €","price_unit":"(8,65 € / Kilo)","categories":["Supermercado","Alimentación General","Comida Internacional","Comida oriental","MAGGI Jugoso al wok kit de fideos con ternera y verduras a la provenzal bolsa 185 g"],"general_information":["Denominación del alimento: Preparado alimenticio de harina de trigo y condimento deshidratado","País de origen: Ucrania","Nombre del operador: Nestlé España, S.A.","Dirección del operador: NESTLÉ ESPAÑA S.A. Edificio Nestlé. 08950 Esplugues de Llobregat","Cantidad Neta: 185 g","Otras menciones obligatorias en la etiqueta: Adapta la ración: 1 ración Adultos/ 2/3 de ración Niños 4-8 años"],"ingredients":[" Ingredientes: Fideos (86,4%): harina de trigo,  grasa de palma,  sal,  corrector de acidez (carbonato potásico),  estabilizante (polifosfato sódico).  Condimento (13,5%): hortalizas deshidratadas (3,6%) (tomate, ajo, cebolla, remolacha),  sal yodada,  azúcar,  maltodextrina,  extracto de levadura,  especias y plantas aromáticas (0,8%) (orégano, tomillo, romero, pimienta negra, guindilla),  hidrolizado de proteína de soja,  aromas (contiene gluten),  sal,  aceite de girasol,  corrector de acidez (ácido cítrico),  colorante (extracto de pimentón). Puede contener leche, huevo, apio, mostaza y sésamo."],"conservation":" Conservar en lugar fresco y seco.","ean":"7613035201309"},{"full_name":"BLUE DRAGON alga sushi nori paquete 11 g","name":"alga sushi nori paquete 11 g","brand":"BLUE DRAGON ","img":"https://sgfm.elcorteingles.es/SGFM/dctm/MEDIA02/CONTENIDOS/201502/04/00118089302683____1__600x600.jpg","price":"2,60 €","price_unit":"(236,36 € / Kilo)","categories":["Supermercado","Dietéticos","Embutidos vegetales, tofu y algas","Algas","BLUE DRAGON alga sushi nori paquete 11 g"],"general_information":["Denominación del alimento: Alga nori","País de origen: Reino Unido","Nombre del operador: Ofistrade S.A.","Dirección del operador: C/Buenos Aires 38-40, entlo. C - 08036 Barcelona","Lugar de procedencia del alimento: Inglaterra","Cantidad Neta: 11 g"],"ingredients":[" Alga tostada (100%) - 5 hojas."],"conservation":" Consérvese en lugar fresco y seco.","ean":"5010338303006"},{"full_name":"BLUE DRAGON arroz sushi paquete 500 g","name":"arroz sushi paquete 500 g","brand":"BLUE DRAGON ","img":"https://sgfm.elcorteingles.es/SGFM/dctm/MEDIA02/CONTENIDOS/201409/23/00118089300125____1__600x600.jpg","price":"2,97 €            ","price_unit":"(5,80 € / Kilo)","categories":["Supermercado","Alimentación General","Comida Internacional","Comida oriental","BLUE DRAGON arroz sushi paquete 500 g"],"general_information":["Denominación del alimento: B.D:JAPON ARROZ SUSHI 500g","País de origen: Reino Unido","Nombre del operador: Ofistrade S.A.","Dirección del operador: C/Buenos Aires 38-40, entlo. C - 08036 Barcelona","Cantidad Neta: 500 g"],"ingredients":[" Arroz sushi (calidad extra)"],"conservation":" Consérvese en lugar fresco y seco.","ean":"5010338303273"},{"full_name":"BLUE DRAGON jugo de coco lata 400 ml","name":"jugo de coco lata 400 ml","brand":"BLUE DRAGON ","img":"https://sgfm.elcorteingles.es/SGFM/00/26/5/0118089300265/0118089300265000g01011.jpg","price":"2,18 €            ","price_unit":"(5,15 € / Litro)","categories":["Supermercado","Alimentación General","Comida Internacional","Comida oriental","BLUE DRAGON jugo de coco lata 400 ml"],"general_information":["Denominación del alimento: Agua de coco","País de origen: Reino Unido","Nombre del operador: Ofistrade S.A.","Dirección del operador: C/Buenos Aires 38-40, entlo. C - 08036 Barcelona","Lugar de procedencia del alimento: Inglaterra","Cantidad Neta: 400,0 Mililitros"],"ingredients":[" Extracto de coco, agua, E466, E471 y E330."],"conservation":" Consérvese en lugar fresco y seco.","ean":"5010338014339"},{"full_name":"BLUE DRAGON esterilla de bambú paquete 1 unidad","name":"esterilla de bambú paquete 1 unidad","brand":"BLUE DRAGON ","img":"https://sgfm.elcorteingles.es/SGFM/00/24/0/0118089300240/0118089300240000g01011.jpg","price":"4,45 €","price_unit":"(4.450 € / Kilo)","categories":["Supermercado","Alimentación General","Comida Internacional","Comida oriental","BLUE DRAGON esterilla de bambú paquete 1 unidad"],"general_information":["Denominación del alimento: B.D:JAPON ESTERILLA BAMBU-240M","País de origen: China","Nombre del operador: Ofistrade S.A.","Dirección del operador: C/Buenos Aires 38-40, entlo. C - 08036 Barcelona","Cantidad Neta: 0 g"],"ingredients":[],"conservation":" Consérvese en lugar fresco y seco.","ean":"5010338016043"},{"full_name":"BLUE DRAGON jengibre frasco 145 g","name":"jengibre frasco 145 g","brand":"BLUE DRAGON ","img":"https://sgfm.elcorteingles.es/SGFM/00/23/2/0118089300232/0118089300232000g01011.jpg","price":"3,97 €            ","price_unit":"(26,41 € / Kilo)","categories":["Supermercado","Alimentación General","Comida Internacional","Comida oriental","BLUE DRAGON jengibre frasco 145 g"],"general_information":[],"ingredients":[],"ean":"5010338302900"},{"full_name":"BLUE DRAGON pasta rollitos de primavera paquete 134 g","name":"pasta rollitos de primavera paquete 134 g","brand":"BLUE DRAGON ","img":"https://sgfm.elcorteingles.es/SGFM/00/13/3/0118089300133/0118089300133000g01011.jpg","price":"3,41 €            ","price_unit":"(18,13 € / Kilo)","categories":["Supermercado","Alimentación General","Comida Internacional","Comida oriental","BLUE DRAGON pasta rollitos de primavera paquete 134 g"],"general_information":["Denominación del alimento: Rollitos de primavera vietnamitas","País de origen: Reino Unido","Nombre del operador: Ofistrade S.A.","Dirección del operador: C/Buenos Aires 38-40, entlo. C - 08036 Barcelona","Lugar de procedencia del alimento: Inglaterra","Cantidad Neta: 134 g"],"ingredients":[" Harina de arroz (67%), almidón de harina de tapioca, agua y sal."],"conservation":" Consérvese en lugar fresco y seco.","ean":"5010338015817"},{"full_name":"BLUE DRAGON pasta wasabi tubo 45 g","name":"pasta wasabi tubo 45 g","brand":"BLUE DRAGON ","img":"https://sgfm.elcorteingles.es/SGFM/00/21/6/0118089300216/0118089300216000g01011.jpg","price":"3,51 €            ","price_unit":"(74,44 € / Kilo)","categories":["Supermercado","Alimentación General","Comida Internacional","Comida oriental","BLUE DRAGON pasta wasabi tubo 45 g"],"general_information":["Denominación del alimento: Pasta de Wasabi","País de origen: Reino Unido","Nombre del operador: Ofistrade S.A.","Dirección del operador: C/Buenos Aires 38-40, entlo. C - 08036 Barcelona","Lugar de procedencia del alimento: Inglaterra","Cantidad Neta: 45 g"],"ingredients":[" Rábano picante, E420, aceite de girasol, sal, agua, wasabi japonés, extracto de mostaza, E330, cúrcuma y E133."],"conservation":" Consérvese en lugar fresco y seco.","ean":"5010338302887"},{"full_name":"BLUE DRAGON sopa miso instantánea 5 raciones paquete 93 g","name":"sopa miso instantánea 5 raciones paquete 93 g","brand":"BLUE DRAGON ","img":"https://sgfm.elcorteingles.es/SGFM/01/81/8/0118089301818/0118089301818000g01011.jpg","price":"3,47 €            ","price_unit":"(34,95 € / Kilo)","categories":["Supermercado","Alimentación General","Comida Internacional","Comida oriental","BLUE DRAGON sopa miso instantánea 5 raciones paquete 93 g"],"general_information":["Denominación del alimento: B.D:JAPON SOPA MISO 92,5g","País de origen: Reino Unido","Nombre del operador: Ofistrade S.A.","Dirección del operador: C/Buenos Aires 38-40, entlo. C - 08036 Barcelona","Cantidad Neta: 92.5 g"],"ingredients":[" Pasta de habas de soja (66%) (habas de soja, arroz, sal), agua, alcohol, sal, azúcar, potenciadores del sabor: glutamato monosódico, alga, potenciadores del sabor: disódico 5-guanilato, disódico 5-inosinato, bonito desecado en polvo (contiene PESCADO)."],"conservation":" Consérvese en lugar fresco y seco.","ean":"5010338303235"},{"full_name":"BLUE DRAGON Simply Sushi kit paquete 315 g","name":"Simply Sushi kit paquete 315 g","brand":"BLUE DRAGON ","img":"https://sgfm.elcorteingles.es/SGFM/dctm/MEDIA02/CONTENIDOS/201409/23/00118089300976____1__600x600.jpg","price":"7,95 €            ","price_unit":"(22,83 € / Kilo)","categories":["Supermercado","Alimentación General","Comida Internacional","Comida oriental","BLUE DRAGON Simply Sushi kit paquete 315 g"],"general_information":["Denominación del alimento: Sushi","País de origen: Reino Unido","Nombre del operador: Ofistrade S.A.","Dirección del operador: C/Buenos Aires 38-40, entlo. C - 08036 Barcelona","Lugar de procedencia del alimento: Inglaterra","Cantidad Neta: 315 g"],"ingredients":[" 2 x 125 g arroz sushi; 30 g vinagre de arroz Sushi Su (azúcar, vinagre de arroz, sal, agua, sake (14.5% de alcohol en volumen)), 20 g salsa soja japonesa (agua, habas de soja, trigo tostado, sal); 10.4 g alga Sushi Nori; 5.2 g pasta wasabi (rábano picante en polvo (55%), agua, aceite de soja, sal, aceite de mostaza (0.5%) y emulgente: E471, ácido cítrico, cúrcuma, colorante: E133.)."],"conservation":" Consérvese en lugar fresco y seco.","ean":"5010338016579"},{"full_name":"KUNG-FU fideos sabor pollo paquete 85 g","name":"fideos sabor pollo paquete 85 g","brand":"KUNG-FU ","img":"https://sgfm.elcorteingles.es/SGFM/00/05/9/0118089300059/0118089300059000g01011.jpg","price":"0,90 €            ","price_unit":"(10,47 € / Kilo)","categories":["Supermercado","Alimentación General","Comida Internacional","Comida oriental","KUNG-FU fideos sabor pollo paquete 85 g"],"general_information":["Denominación del alimento: Pasta oriental de pollo","País de origen: Taiwán","Nombre del operador: Ofistrade S.A.","Dirección del operador: C/Buenos Aires 38-40, entlo. C - 08036 Barcelona","Lugar de procedencia del alimento: Taiwan","Cantidad Neta: 85,0 g"],"ingredients":[" Preparado alimenticio a base de harina de trigo (81.2g): harina de trigo (72.24%), manteca de palma, estabilizador: goma guar, antioxidante: extracto rico en tocoferoles. Condimento preparado deshidratado sabor a pollo (3.8 g): sal, potenciador del sabor: glutamato monosódico, ajo en polvo, salsa de soja en polvo (habas de soja modificada genéticamente, trigo, sal, dextrina de maíz), aroma artificial de pollo (0.21%), cebolleta desecada y especias."],"conservation":" Consérvese en lugar fresco y seco.","ean":"4710008211648"},{"full_name":"KUNG-FU fideos sabor gambas paquete 85 g","name":"fideos sabor gambas paquete 85 g","brand":"KUNG-FU ","img":"https://sgfm.elcorteingles.es/SGFM/00/04/2/0118089300042/0118089300042000g01011.jpg","price":"0,90 €            ","price_unit":"(10,47 € / Kilo)","categories":["Supermercado","Alimentación General","Comida Internacional","Comida oriental","KUNG-FU fideos sabor gambas paquete 85 g"],"general_information":["Denominación del alimento: Pasta oriental de gamba","País de origen: Taiwán","Nombre del operador: Ofistrade S.A.","Dirección del operador: C/Buenos Aires 38-40, entlo. C - 08036 Barcelona","Lugar de procedencia del alimento: Taiwan","Cantidad Neta: 85 g"],"ingredients":[" Preparado alimenticio a base de harina de trigo (76.51 g): harina de trigo (67%), manteca de palma, estabilizador: goma guar, antioxidante: extracto rico en tocoferoles. Condimento preparado (4.59 g): aceite vegetal, extracto de marisco en polvo (0.24%), especias. Condimento preparado deshidratado sabor a marisco (3.90g): sal (2.62%), potenciador del sabor: glutamato monosódico, extracto de marisco en polvo (0.42%), salsa de soja en polvo (habas de soja modificada genéticamente, trigo, sal, dextrina de maíz), cebolleta  desecada y especias."],"conservation":" Consérvese en lugar fresco y seco.","ean":"4710008211655"},{"full_name":"KUNG-FU fideos sabor curry paquete 85 g","name":"fideos sabor curry paquete 85 g","brand":"KUNG-FU ","img":"https://sgfm.elcorteingles.es/SGFM/00/25/7/0118089300257/0118089300257000g01011.jpg","price":"0,96 €            ","price_unit":"(10,94 € / Kilo)","categories":["Supermercado","Alimentación General","Comida Internacional","Comida oriental","KUNG-FU fideos sabor curry paquete 85 g"],"general_information":["Denominación del alimento: Pasta oriental de ternera y curry","País de origen: Taiwán","Nombre del operador: Ofistrade S.A.","Dirección del operador: C/Buenos Aires 38-40, entlo. C - 08036 Barcelona","Lugar de procedencia del alimento: Taiwan","Cantidad Neta: 85 g"],"ingredients":[" Preparado alimenticio a base de harina de trigo (70.78g): harina de trigo (43.08g), manteca de palma, fécula de patata, estabilizador: goma guar, antioxidante: extracto rico en tocoferoles. Condimento preparado deshidratado sabor a ternera al curry (8.47g): sal, fécula de patata, curry en polvo (cardamomo, comino, pimienta negra, cilantro, cúrcuma, especias) (2%), potenciador del sabor: glutamato monosódico, aroma artificial de ternera (0.75%), ajo en polvo, salsa soja en polvo (habas de soja modificada genéticamente, trigo, sal, dextrina de maíz), cebolleta desecada, especias, estabilizador: goma guar. Condimento preparado (5.75g): manteca de palma y especias."],"conservation":" Consérvese en lugar fresco y seco.","ean":"4710008211631"},{"full_name":"SOBA yohmen fideos orientales sabor gambas al ajillo vaso 78 g","name":"yohmen fideos orientales sabor gambas al ajillo vaso 78 g","brand":"SOBA ","img":"https://sgfm.elcorteingles.es/SGFM/dctm/MEDIA03/201612/12/00118036001503____1__600x600.jpg","price":"1,59 €","price_unit":"(20,38 € / Kilo)","categories":["Supermercado","Alimentación General","Comida Internacional","Comida oriental","SOBA yohmen fideos orientales sabor gambas al ajillo vaso 78 g"],"general_information":["Denominación del alimento: FIDEOS ORIENTALES DE TRIGO CON GAMBAS Y SALSA CON AJO","País de origen: Hungr¡a","Nombre del operador: COMERCIAL GALLO, S.A.U.","Dirección del operador: Avda Diagonal 468, 4-C. Barcelona. España","Cantidad Neta: 78 g"],"ingredients":[" Fideos orientales de trigo 76,9% [harina de TRIGO, aceite de palma, almidón, sal, aceite de colza, aceite de palma en polvo, agentes de tratamiento de la harina (E339, E451, E452), estabilizador (E501), espesante (E400), colorante (E160a), antioxidante (E306), corrector de acidez: ácido cítrico], Salsa 20,3% [aceite de colza, agua, ajo (4,8% expresado sobre la salsa), sal, proteína vegetal hidrolizada, cebolla, potenciadores del sabor (E621, E635), aromas, especies, almidón modificado, corrector de acidez: ácido cítrico], Gambas aderezadas 1,3% [GAMBAS (74,3% expresado sobre las gambas aderezadas), azúcar, sal, aceite de SÉSAMO], pimentón rojo, cebolleta. Puede contener trazas de apio, pescados,leche, moluscos, mostaza y soja."],"conservation":" Conservar el producto aislado del suelo en ambiente seco y fresco.","ean":"8410069015600"},{"full_name":"SOBA yohmen fideos orientales sabor tomate y albahaca vaso 78 g","name":"yohmen fideos orientales sabor tomate y albahaca vaso 78 g","brand":"SOBA ","img":"https://sgfm.elcorteingles.es/SGFM/dctm/MEDIA03/201612/12/00118036001495____1__600x600.jpg","price":"1,59 €","price_unit":"(20,38 € / Kilo)","categories":["Supermercado","Alimentación General","Comida Internacional","Comida oriental","SOBA yohmen fideos orientales sabor tomate y albahaca vaso 78 g"],"general_information":["Denominación del alimento: FIDEOS ORIENTALES DE TRIGO CON SALSA A BASE DE TOMATE Y AROMA DE ALBAHACA","País de origen: Hungr¡a","Nombre del operador: COMERCIAL GALLO, S.A.U.","Dirección del operador: Avda Diagonal 468, 4-C. Barcelona. España","Cantidad Neta: 78 g"],"ingredients":[" Fideos orientales de trigo 76,9% [harina de TRIGO, aceite de palma, almidón, sal, aceite de colza, aceite de palma en polvo, agentes de tratamiento de la harina (E339, E451, E452), estabilizador (E501), espesante (E400), colorante (E160a), antioxidante (E306), corrector de acidez: ácido cítrico], Salsa 19,2% [tomate concentrado (26,7% expresado sobre la salsa), aceite de colza, agua, aromas, cebolla, sal, azúcar, aromas de albahaca (3,3% expresado sobre la salsa), vinagre, potenciadores del sabor (E621, E635), especies, corrector de acidez: ácido cítrico, colorantes: curcumina y extracto de pimentón, espesante (E415)], zanahoria, pimentón rojo. Puede contener trazas de apio, crustáceos, pescados,leche, moluscos, mostaza, sésamo y soja."],"conservation":" Conservar el producto aislado del suelo en ambiente seco y fresco.","ean":"8410069015594"},{"full_name":"SOBA fideos orientales original vaso 83 g","name":"fideos orientales original vaso 83 g","brand":"SOBA ","img":"https://sgfm.elcorteingles.es/SGFM/dctm/MEDIA02/CONTENIDOS/201507/23/00118036001230____1__600x600.jpg","price":"1,59 €","price_unit":"(19,16 € / Kilo)","categories":["Supermercado","Alimentación General","Comida Internacional","Comida oriental","SOBA fideos orientales original vaso 83 g"],"general_information":["Denominación del alimento: FIDEOS ORIENTALES DE TRIGO CON SALSA JAPONESA A BASE DE SALSA DE SOJA.","País de origen: Hungr¡a","Nombre del operador: COMERCIAL GALLO, S.A.U.","Dirección del operador: Avda Diagonal 468, 4-C. Barcelona. España","Cantidad Neta: 83 g"],"ingredients":[" Fideos orientales de trigo 77,7% (harina de TRIGO, manteca de palma, sal, potenciador del sabor E621, agentes de tratamiento de la harina (E500, E451), antioxidante E306, corrector de acidez: ácido cítrico), Salsa japonesa a base de salsa de soja 17,9% (azúcar, aceite de colza, agua, salsa de SOJA 1,4% (agua, SOJA, sal, TRIGO), potenciadores del sabor (E621, E635), colorante E150c, dextrosa, melaza, vinagre de caña de azúcar, vinagre de remolacha azucarera, sal, especias, proteína vegetal hidrolizada, tomate en polvo, aromas, corrector de acidez: ácido cítrico), col, zanahoria, cebolleta. Puede contener trazas de apio, crustáceos, pescados,leche, moluscos, mostaza y sésamo."],"conservation":" Conservar en lugar fresco y seco","ean":"8410069014634"},{"full_name":"SOBA fideos orientales teriyaki vaso 83 g","name":"fideos orientales teriyaki vaso 83 g","brand":"SOBA ","img":"https://sgfm.elcorteingles.es/SGFM/dctm/MEDIA02/CONTENIDOS/201507/23/00200136001336____1__600x600.jpg","price":"1,59 €","price_unit":"(19,16 € / Kilo)","categories":["Supermercado","Alimentación General","Comida Internacional","Comida oriental","SOBA fideos orientales teriyaki vaso 83 g"],"general_information":["Denominación del alimento: FIDEOS ORIENTALES DE TRIGO CON SALSA JAPONESA A BASE DE SALSA DE SOJA.","País de origen: Hungr¡a","Nombre del operador: COMERCIAL GALLO, S.A.U.","Dirección del operador: Avda Diagonal 468, 4-C. Barcelona. España","Cantidad Neta: 83 g"],"ingredients":[" Fideos orientales de trigo 78,3% (harina de TRIGO, manteca de palma, sal, potenciador del sabor E621, agentes de tratamiento de la harina (E500, E451), estabilizador E501, espesante E412, antioxidante E306, corrector de acidez: ácido cítrico), Salsa japonesa a base de salsa de soja 17,2% (salsa de SOJA 6,7% (agua, SOJA, sal, TRIGO), azúcar, dextrosa, aceite de colza, potenciadores del sabor (E621, E635), proteína vegetal hidrolizada, sal, especias, colorante: caramelo natural, aroma (APIO), carne cocida de pollo deshidratado, almidón modificado), col, zanahoria, cebolleta. Puede contener trazas de crustáceos, pescados,leche, moluscos, mostaza y sésamo."],"conservation":" Conservar en lugar fresco y seco","ean":"8410069014641"},{"full_name":"SOBA fideos orientales original sobre 109 g","name":"fideos orientales original sobre 109 g","brand":"SOBA ","img":"https://sgfm.elcorteingles.es/SGFM/dctm/MEDIA02/CONTENIDOS/201507/23/00200136001369____1__600x600.jpg","price":"1,05 €","price_unit":"(9,63 € / Kilo)","categories":["Supermercado","Alimentación General","Comida Internacional","Comida oriental","SOBA fideos orientales original sobre 109 g"],"general_information":["Denominación del alimento: FIDEOS ORIENTALES DE TRIGO CON SALSA JAPONESA A BASE DE SALSA DE SOJA.","País de origen: Hungr¡a","Nombre del operador: COMERCIAL GALLO, S.A.U.","Dirección del operador: Avda Diagonal 468, 4-C. Barcelona. España","Cantidad Neta: 109 g"],"ingredients":[" Fideos orientales de trigo 82,8% (harina de TRIGO, manteca de palma, sal, agentes de tratamiento de la harina (E500, E451), estabilizador E501, espesante E412, antioxidante E306), Salsa japonesa a base de salsa de soja 16,4% (azúcar, agua,  aceite de colza, salsa de SOJA 1,4% (agua, SOJA, sal, TRIGO), potenciadores del sabor (E621, E635), colorante E150c, dextrosa, melaza, vinagre de caña de azúcar, vinagre de remolacha azucarera, sal, especias, proteína vegetal hidrolizada, tomate en polvo, corrector de acidez: ácido cítrico, aroma), cebolleta. Puede contener trazas de apio, crustáceos, pescados,leche, moluscos, mostaza y sésamo."],"conservation":" Conservar en lugar fresco y seco","ean":"8410069014665"},{"full_name":"SOBA fideos orientales teriyaki sobre 110 g","name":"fideos orientales teriyaki sobre 110 g","brand":"SOBA ","img":"https://sgfm.elcorteingles.es/SGFM/dctm/MEDIA02/CONTENIDOS/201507/23/00118036001255____1__600x600.jpg","price":"1,05 €","price_unit":"(9,55 € / Kilo)","categories":["Supermercado","Alimentación General","Comida Internacional","Comida oriental","SOBA fideos orientales teriyaki sobre 110 g"],"general_information":["Denominación del alimento: FIDEOS ORIENTALES DE TRIGO CON SALSA JAPONESA A BASE DE SALSA DE SOJA.","País de origen: Hungr¡a","Nombre del operador: COMERCIAL GALLO, S.A.U.","Dirección del operador: Avda Diagonal 468, 4-C. Barcelona. España","Cantidad Neta: 110 g"],"ingredients":[" Fideos orientales de trigo 81,5% (harina de TRIGO, manteca de palma, sal, agentes de tratamiento de la harina (E500, E451), estabilizador E501, espesante E412, antioxidante E306), Salsa japonesa a base de salsa de soja 17,8% (salsa de SOJA 6,8% (agua, SOJA, sal, TRIGO), azúcar, aceite de colza, dextrosa, potenciadores del sabor (E621, E635), proteína vegetal hidrolizada, sal, especias, aroma (APIO), colorante: caramelo natural, carne de pollo deshidratado, almidón modificado), cebolleta. Puede contener trazas de crustáceos, pescados,leche, moluscos, mostaza y sésamo."],"conservation":" Conservar en lugar fresco y seco","ean":"8410069014672"},{"full_name":"SOBA fideos orientales sabor pollo yakisoba vaso 84 g","name":"fideos orientales sabor pollo yakisoba vaso 84 g","brand":"SOBA ","img":"https://sgfm.elcorteingles.es/SGFM/dctm/MEDIA03/201710/26/00118036001644____1__600x600.jpg","price":"1,59 €","price_unit":"(18,93 € / Kilo)","categories":["Supermercado","Alimentación General","Comida Internacional","Comida oriental","SOBA fideos orientales sabor pollo yakisoba vaso 84 g"],"general_information":["Denominación del alimento: FIDEOS ORIENTALES DE TRIGO CON SALSA YAKISOBA CON SABOR A POLLO","País de origen: Hungr¡a","Nombre del operador: COMERCIAL GALLO, S.A.U.","Dirección del operador: Avda Diagonal 468, 4-C. Barcelona. España","Cantidad Neta: 84 g"],"ingredients":[" Fideos orientales de trigo 74,2% (harina de TRIGO, manteca de palma, sal, potenciador del sabor E621, agentes de tratamiento de la harina (E500, E451), antioxidante E306, corrector de acidez: ácido cítrico), Salsa Yakisoba con sabor a pollo 22,6% (azúcar, aceite de colza, agua, salsa de SOJA (agua, SOJA, sal, TRIGO), potenciadores del sabor (E621, E635), dextrosa, grasa de pollo, extracto de caramelo y paprika, extracto de pollo (1% en la salsa), proteína vegetal hidrolizada, cebolla en polvo, aromas, almidón modificado), cebolla, pimiento rojo, cebolleta.Puede contener trazs de apio, crustáceos, pescados, leche, moluscos, mostaza y sésamo"],"conservation":" Conservar en lugar fresco y seco","ean":"8410069016164"},{"full_name":"GO-TAN tallarines de arroz para sopas y verduras bolsa 250 g","name":"tallarines de arroz para sopas y verduras bolsa 250 g","brand":"GO-TAN ","img":"https://sgfm.elcorteingles.es/SGFM/dctm/MEDIA02/CONTENIDOS/201509/26/00118089600029____1__600x600.jpg","price":"2,45 €","price_unit":"(9,80 € / Kilo)","categories":["Supermercado","Alimentación General","Comida Internacional","Comida oriental","GO-TAN tallarines de arroz para sopas y verduras bolsa 250 g"],"general_information":["Denominación del alimento: GO-TAN:TALLARINES ARROZ MEDIUM 5mm 250g","País de origen: Países Bajos","Nombre del operador: Ofistrade S.A.","Dirección del operador: C/Buenos Aires 38-40, entlo. C - 08036 Barcelona","Cantidad Neta: 250 g"],"ingredients":[" Harina de arroz 80%, harina de tapioca, agua."],"conservation":" Consérvese en lugar fresco y seco.","ean":"8710605092073"},{"full_name":"GO-TAN Miehoen fideos de arroz paquete 250 g","name":"Miehoen fideos de arroz paquete 250 g","brand":"GO-TAN ","img":"https://sgfm.elcorteingles.es/SGFM/01/86/7/0118089301867/0118089301867000g01011.jpg","price":"2,75 €","price_unit":"(11 € / Kilo)","categories":["Supermercado","Alimentación General","Comida Internacional","Comida oriental","GO-TAN Miehoen fideos de arroz paquete 250 g"],"general_information":["Denominación del alimento: Fideos de arroz","País de origen: Países Bajos","Nombre del operador: Ofistrade S.A.","Dirección del operador: C/Buenos Aires 38-40, entlo. C - 08036 Barcelona","Lugar de procedencia del alimento: Holanda","Cantidad Neta: 250 g"],"ingredients":[" Harina de arroz (90%) y agua."],"conservation":" Consérvese en lugar fresco y seco.","ean":"8710605092011"},{"full_name":"GO-TAN thai crackers bolsa 75 g","name":"thai crackers bolsa 75 g","brand":"GO-TAN ","img":"https://sgfm.elcorteingles.es/SGFM/00/34/9/0118089300349/0118089300349000g01011.jpg","price":"1,39 €            ","price_unit":"(18 € / Kilo)","categories":["Supermercado","Alimentación General","Comida Internacional","Comida oriental","GO-TAN thai crackers bolsa 75 g"],"general_information":["Denominación del alimento: GO-TAN:THAI CRACKER GOURMET 50g","País de origen: Países Bajos","Nombre del operador: Ofistrade S.A.","Dirección del operador: C/Buenos Aires 38-40, entlo. C - 08036 Barcelona","Cantidad Neta: 50 g","Otras menciones obligatorias en la etiqueta: Embalaje hermético."],"ingredients":[" Raíz de yuca (44%), aceite de girasol, harina de tapioca, puerro, azúcar, pimiento rojo (2,4%), sal."],"conservation":" Consérvese en lugar fresco y seco.","ean":"8710605046045"},{"full_name":"GO-TAN pan de gambas bolsa 50 g","name":"pan de gambas bolsa 50 g","brand":"GO-TAN ","img":"https://sgfm.elcorteingles.es/SGFM/dctm/MEDIA02/CONTENIDOS/201602/01/00118089300323____1__600x600.jpg","price":"1,55 €            ","price_unit":"(30 € / Kilo)","categories":["Supermercado","Alimentación General","Comida Internacional","Comida oriental","GO-TAN pan de gambas bolsa 50 g"],"general_information":["Denominación del alimento: GO-TAN:PRAWN CRACKER GOURMET 50g","País de origen: Países Bajos","Nombre del operador: Ofistrade S.A.","Dirección del operador: C/Buenos Aires 38-40, entlo. C - 08036 Barcelona","Cantidad Neta: 50 g","Otras menciones obligatorias en la etiqueta: Embalaje hermético."],"ingredients":[" Harina de tapioca, aceite de girasol, gambas (21%) (mariscos), azúcar, huevo, sal.Puede contener gluten (trigo), soja, sésamo, apio, leche, pescado."],"conservation":" Consérvese en lugar fresco y seco.","ean":"8710605046007"},{"full_name":"GO-TAN puntas de bambú frasco 190 g neto escurrido","name":"puntas de bambú frasco 190 g neto escurrido","brand":"GO-TAN ","img":"https://sgfm.elcorteingles.es/SGFM/02/03/0/0118089302030/0118089302030000g01011.jpg","price":"4,04 €            ","price_unit":"(20,26 € / Kilo)","categories":["Supermercado","Alimentación General","Comida Internacional","Comida oriental","GO-TAN puntas de bambú frasco 190 g neto escurrido"],"general_information":["Denominación del alimento: Puntas de bambú","País de origen: Países Bajos","Nombre del operador: Ofistrade S.A.","Dirección del operador: C/Buenos Aires 38-40, entlo. C - 08036 Barcelona","Lugar de procedencia del alimento: Holanda","Cantidad Neta: 330,0 g"],"ingredients":[" Tallos de bambú (57%), agua y ácido (ácido ascórbico, ácido cítrico)."],"conservation":" Consérvese en lugar fresco y seco.","ean":"8710605030679"},{"full_name":"SOUBRY fideos chinos instantáneos paquete 250 g","name":"fideos chinos instantáneos paquete 250 g","brand":"SOUBRY ","img":"https://sgfm.elcorteingles.es/SGFM/00/06/7/0118089300067/0118089300067000g01011.jpg","price":"1,50 €            ","price_unit":"(5,60 € / Kilo)","categories":["Supermercado","Alimentación General","Comida Internacional","Comida oriental","SOUBRY fideos chinos instantáneos paquete 250 g"],"general_information":["Denominación del alimento: Fideos instantáneos chinos","País de origen: Bélgica","Nombre del operador: Ofistrade S.A.","Dirección del operador: C/Buenos Aires 38-40, entlo. C - 08036 Barcelona","Lugar de procedencia del alimento: Bélgica","Cantidad Neta: 250,0 g"],"ingredients":[" Harina de trigo, sal y regulador de la acidez: carbonato de potasio."],"conservation":" Consérvese en lugar fresco y seco.","ean":"5410028120102"},{"full_name":"SOUBRY fideos chinos al huevo paquete 250 g","name":"fideos chinos al huevo paquete 250 g","brand":"SOUBRY ","img":"https://sgfm.elcorteingles.es/SGFM/00/07/5/0118089300075/0118089300075000g01011.jpg","price":"1,73 €            ","price_unit":"(6,60 € / Kilo)","categories":["Supermercado","Alimentación General","Comida Internacional","Comida oriental","SOUBRY fideos chinos al huevo paquete 250 g"],"general_information":["Denominación del alimento: Fideos instantáneos al huevo","País de origen: Bélgica","Nombre del operador: Ofistrade S.A.","Dirección del operador: C/Buenos Aires 38-40, entlo. C - 08036 Barcelona","Lugar de procedencia del alimento: Bélgica","Cantidad Neta: 250 g"],"ingredients":[" Harina de trigo, huevo de corral (15%), sal y regulador de la acidez: carbonato de potasio."],"conservation":" Consérvese en lugar fresco y seco.","ean":"5410028120126"},{"full_name":"TIGER KHAN tallarines asiáticos con ternera envase 60 g","name":"tallarines asiáticos con ternera envase 60 g","brand":"TIGER KHAN ","img":"https://sgfm.elcorteingles.es/SGFM/02/13/9/0118089302139/0118089302139000g01011.jpg","price":"1,21 €","price_unit":"(20,17 € / Kilo)","categories":["Supermercado","Alimentación General","Comida Internacional","Comida oriental","TIGER KHAN tallarines asiáticos con ternera envase 60 g"],"general_information":[],"ingredients":[],"ean":"8436042308507"},{"full_name":"TIGER KHAN fideos de arroz Vermicelli envase 250 g","name":"fideos de arroz Vermicelli envase 250 g","brand":"TIGER KHAN ","img":"https://sgfm.elcorteingles.es/SGFM/dctm/MEDIA02/CONTENIDOS/201512/01/00118089302162____1__600x600.jpg","price":"2,41 €","price_unit":"(9,64 € / Kilo)","categories":["Supermercado","Alimentación General","Comida Internacional","Comida oriental","TIGER KHAN fideos de arroz Vermicelli envase 250 g"],"general_information":[],"ingredients":[],"ean":"8436042308514"},{"full_name":"KNORR sopa china de Sichuan sobre 69 g","name":"sopa china de Sichuan sobre 69 g","brand":"KNORR ","img":"https://sgfm.elcorteingles.es/SGFM/dctm/MEDIA02/CONTENIDOS/201510/02/00118001501438____1__600x600.jpg","price":"1,52 €","price_unit":"(22,03 € / Kilo)","categories":["Supermercado","Alimentación General","Comida Internacional","Comida oriental","KNORR sopa china de Sichuan sobre 69 g"],"general_information":["Denominación del alimento: Sopa deshidratada de pasta alimenticia con setas, pollo y especias","Nombre del operador: Unilever España S.A.","Dirección del operador: C/Tecnología 19, 08840 Viladecans (Barcelona)","Cantidad Neta: 69 g"],"ingredients":[" Pasta alimenticia (49%) (semolina de trigo, sal, clara de huevo), hortalizas (13%) (zanahoria (32%), col blanca, puerro, cebolla, nabo), almidón de patata, sal,  pollo (5,5%) (carne y grasa), aromas, grasa de palma, setas (3,1%) (oreja de Judas), azúcar, especias (1,4%) (jengibre, cardamomo, cilantro, cúrcuma, comino, pimienta de cayena, canela), ajo deshidratado, cloruro potásico, zumo de limón en polvo, jarabe de glucosa, zumo de pina en polvo, maltodextrina, salsa de soja (soja y trigo), dextrosa, fructosa, antioxidantes (alfa-tocoferol, palmitato de ascorbilo). Puede contener leche, apio y mostaza."],"conservation":" Conservar en un lugar fresco y seco.","ean":"8712100831256"},{"full_name":"KNORR sopa Thai sobre 69 g","name":"sopa Thai sobre 69 g","brand":"KNORR ","img":"https://sgfm.elcorteingles.es/SGFM/dctm/MEDIA02/CONTENIDOS/201510/02/00118001501446____1__600x600.jpg","price":"1,52 €","price_unit":"(22,03 € / Kilo)","categories":["Supermercado","Alimentación General","Comida Internacional","Comida oriental","KNORR sopa Thai sobre 69 g"],"general_information":["Denominación del alimento: Sopa deshidratada de pasta alimenticia con setas y coco","País de origen: Francia","Nombre del operador: Unilever","Dirección del operador: Unilever Espana, S.AC/ Tecnología, 1908840 Viladecans(Barcelona)SERVICIO AL CONSUMIDOR<icono teléfono> 900 812 511www.knorr.es\"","Cantidad Neta: 69 g"],"ingredients":[" Pasta alimenticia (36%) (semolina de TRIGO, sal, clara de HUEVO), almidón de patata, dextrosa, grasa de palma, sal, setas (3,6%) (champinones, oreja de Judas), brotes de soja verde (2,6%), hortalizas (2,5%) (zanahoria, espinacas, cebolla tierna), aromas (contiene SOJA y TRIGO), LACTOSA, cloruro de potasio, maltodextrina, proteínas vegetales hidrolizadas, coco deshidratado (1,4%), suero de LECHE, proteínas de la LECHE, grasa de pollo,  azúcar, harina de TRIGO, zumo de limón en polvo (0,4%), especias (contiene MOSTAZA), aceite de maíz, antioxidante (extracto de romero). Puede contener apio."],"conservation":" es: Conservar en un lugar fresco y seco.","ean":"8712100831300"},{"full_name":"MAGGI Fusian Pasta Oriental sabor pollo sobre 70 g","name":"Fusian Pasta Oriental sabor pollo sobre 70 g","brand":"MAGGI ","img":"https://sgfm.elcorteingles.es/SGFM/dctm/MEDIA03/201702/27/00118036000778____1__600x600.jpg","price":"0,62 €","price_unit":"(8,73 € / Kilo)","categories":["Supermercado","Alimentación General","Comida Internacional","Comida oriental","MAGGI Fusian Pasta Oriental sabor pollo sobre 70 g"],"general_information":["Denominación del alimento: Preparado alimenticio de harina de trigo y condimento deshidratado sabor a pollo.","País de origen: Ucrania","Nombre del operador: Nestlé España, S.A.","Dirección del operador: NESTLÉ ESPAÑA, S.A. ? Av. Països Catalans, 25-51 ? 08950 Esplugues de Llobregat (Barcelona)","Cantidad Neta: 71 g"],"ingredients":[" Ingredientes: Fideos (93,7%): harina de trigo (69,7%), grasa de palma, sal, potenciador del sabor (E621), ajo en polvo, corrector de acidez (E501), estabilizante (E452), cúrcuma. Condimento (6,3%): sal, potenciadores del sabor (E621, E627, E631), azúcar, almidón de maíz, preparado alimenticio [jarabe de glucosa, grasa de palma parcialmente hidrogenada, estabilizantes (E331, E340), proteínas lácticas, emulgente (E471), antiaglomerante (E551), colorante (E160a)], hortalizas deshidratadas (0,3%) (col, cebolla, ajo, apio), aromas, especias (jengibre, cúrcuma, pimienta negra), extracto de levadura, proteínas de soja hidrolizadas, corrector de acidez (E330), aceite de girasol, colorante (E101). Puede contener huevo, mostaza y sésamo."],"conservation":" Conservar en lugar fresco y seco.","ean":"8410100063935"},{"full_name":"SHARWOOD'S pasta tandori frasco 300 g","name":"pasta tandori frasco 300 g","brand":"SHARWOOD'S ","img":"https://sgfm.elcorteingles.es/SGFM/dctm/MEDIA03/201707/05/00118089302451____1__600x600.jpg","price":"3,75 €","price_unit":"(12,50 € / Kilo)","categories":["Supermercado","Alimentación General","Comida Internacional","Comida oriental","SHARWOOD'S pasta tandori frasco 300 g"],"general_information":["Denominación del alimento: Pasta curry tandori","País de origen: Reino Unido","Nombre del operador: Alimentación Varma, S.L.","Dirección del operador: C/ La granja, 15 - Pol. Industrial Alcobendas. 28108 Alcobendas (Madrid) - España","Cantidad Neta: 300 g"],"ingredients":[" Agua,Especias (Comino, Pimienta de Cayena, Mostaza, Jengibre, Cilantro, Canela, Pimentón, Alholva, Pimienta Negra, Cúrcuma), Aceite de Colza, Sémola (de Trigo), Sal, Azúcar, Acidulantes (Ácido Acético, Ácido Cítrico), Colorante (extracto de Pimentón), Puré de Jengibre, Ajo,en Polvo, Cebolla en Polvo, Apio Molido, Estabilizantes (Goma Xantana, Goma Guar). Puede contener trazas de de frutos secos de cáscara y Sésamo."],"conservation":" Conservar en lugar fresco y seco.","ean":"5019989709984"},{"full_name":"SHARWOOD'S curry polvo suave bote 110 g","name":"curry polvo suave bote 110 g","brand":"SHARWOOD'S ","img":"https://sgfm.elcorteingles.es/SGFM/dctm/MEDIA03/201707/05/00118089302469____1__600x600.jpg","price":"2,51 €","price_unit":"(22,82 € / Kilo)","categories":["Supermercado","Alimentación General","Comida Internacional","Comida oriental","SHARWOOD'S curry polvo suave bote 110 g"],"general_information":["Denominación del alimento: Curry polvo suave","País de origen: Reino Unido","Nombre del operador: Alimentación Varma, S.L.","Dirección del operador: C/ La granja, 15 - Pol. Industrial Alcobendas. 28108 Alcobendas (Madrid) - España","Cantidad Neta: 113 g"],"ingredients":[" Cilantro (41%), fenogreco, cúrcuma, comino, sal, ajo, cebolla, harina de arroz, mostaza, canela, clavo, jengibre, pimentón, pimienta, chile, Hinojo (1%), extracto de especias."],"conservation":" Conservar en lugar fresco y seco.","ean":"0000050197361"},{"full_name":"FANYA rollitos de primavera con repollo envase 220 g","name":"rollitos de primavera con repollo envase 220 g","brand":"FANYA ","img":"https://sgfm.elcorteingles.es/SGFM/dctm/MEDIA03/201707/17/00118812700658____1__600x600.jpg","price":"3,52 €","price_unit":"(16 € / Kilo)","categories":["Supermercado","Alimentación General","Comida Internacional","Comida oriental","FANYA rollitos de primavera con repollo envase 220 g"],"general_information":[],"ingredients":[],"ean":"8428764217687"},{"full_name":"FANYA panko crujiente japones envase 100 g","name":"panko crujiente japones envase 100 g","brand":"FANYA ","img":"https://sgfm.elcorteingles.es/SGFM/02/27/9/0118089302279/0118089302279000g01011.jpg","price":"1,59 €","price_unit":"(15,90 € / Kilo)","categories":["Supermercado","Alimentación General","Comida Internacional","Comida oriental","FANYA panko crujiente japones envase 100 g"],"general_information":[],"ingredients":[],"ean":"8428764201341"},{"full_name":"YANG-TSE Vermicelli fideos orientales de guisantes y habas mungo envase 100 g","name":"Vermicelli fideos orientales de guisantes y habas mungo envase 100 g","brand":"YANG-TSE ","img":"https://sgfm.elcorteingles.es/SGFM/dctm/MEDIA02/CONTENIDOS/201406/25/00118089302436____1__600x600.jpg","price":"1,45 €","price_unit":"(14,50 € / Kilo)","categories":["Supermercado","Alimentación General","Comida Internacional","Comida oriental","YANG-TSE Vermicelli fideos orientales de guisantes y habas mungo envase 100 g"],"general_information":["Denominación del alimento: Vermicelli","País de origen: China","Nombre del operador: Ofistrade S.A.","Dirección del operador: C/Buenos Aires 38-40, entlo. C - 08036 Barcelona","Lugar de procedencia del alimento: China","Cantidad Neta: 100,0 g"],"ingredients":[" Guisantes (60%), habas de mungo (26%) y agua."],"conservation":" Consérvese en lugar fresco y seco.","ean":"8413022055101"},{"full_name":"YANG-TSE chow mein noodles bolsa 250 g","name":"chow mein noodles bolsa 250 g","brand":"YANG-TSE ","img":"https://sgfm.elcorteingles.es/SGFM/dctm/MEDIA03/201609/02/00118089302659____2__600x600.jpg","price":"2,95 €            ","price_unit":"(9,63 € / Kilo)","categories":["Supermercado","Alimentación General","Comida Internacional","Comida oriental","YANG-TSE chow mein noodles bolsa 250 g"],"general_information":["Denominación del alimento: Fideos Chow Mein","País de origen: China","Nombre del operador: Ofistrade S.A.","Dirección del operador: C/Buenos Aires 38-40, entlo. C - 08036 Barcelona","Lugar de procedencia del alimento: China","Cantidad Neta: 250 g"],"ingredients":[" Harina de trigo (87.5%), agua y sal (1.5%)."],"conservation":" Consérvese en lugar fresco y seco.","ean":"8413022055125"},{"full_name":"PIGEON pan de gambas estuche 227 g","name":"pan de gambas estuche 227 g","brand":"PIGEON ","img":"https://sgfm.elcorteingles.es/SGFM/00/33/1/0118089300331/0118089300331000g01011.jpg","price":"2,31 €            ","price_unit":"(9,69 € / Kilo)","categories":["Supermercado","Alimentación General","Comida Internacional","Comida oriental","PIGEON pan de gambas estuche 227 g"],"general_information":["Denominación del alimento: Pan de gambas","País de origen: China","Nombre del operador: Ofistrade S.A.","Dirección del operador: C/Buenos Aires 38-40, entlo. C - 08036 Barcelona","Lugar de procedencia del alimento: China","Cantidad Neta: 227 g"],"ingredients":[" Fécula, agua, aroma artificial de gamba (8%), azúcar y sal."],"conservation":" Consérvese en lugar fresco y seco.","ean":"6904868312272"},{"full_name":"TIGER KHAN leche de coco baja en grasa envase 400 ml","name":"leche de coco baja en grasa envase 400 ml","brand":"TIGER KHAN ","img":"https://sgfm.elcorteingles.es/SGFM/dctm/MEDIA02/CONTENIDOS/201412/10/00200189302466____1__600x600.jpg","price":"2,15 €","price_unit":"(5,38 € / Litro)","categories":["Supermercado","Alimentación General","Comida Internacional","Comida oriental","TIGER KHAN leche de coco baja en grasa envase 400 ml"],"general_information":[],"ingredients":[],"ean":"8436042307159"},{"full_name":"TIGER KHAN fideos de arroz integral bolsa 180 g","name":"fideos de arroz integral bolsa 180 g","brand":"TIGER KHAN ","img":"https://sgfm.elcorteingles.es/SGFM/dctm/MEDIA03/201709/14/00118089600052____1__600x600.jpg","price":"2,25 €","price_unit":"(12,50 € / Kilo)","categories":["Supermercado","Alimentación General","Comida Internacional","Comida oriental","TIGER KHAN fideos de arroz integral bolsa 180 g"],"general_information":[],"ingredients":[],"ean":"8436042308729"},{"full_name":"AMOY leche de coco lata 400 g","name":"leche de coco lata 400 g","brand":"AMOY ","img":"https://sgfm.elcorteingles.es/SGFM/00/79/1/0200189300791/0200189300791000g01011.jpg","price":"3,05 €","price_unit":"(7,62 € / Kilo)","categories":["Supermercado","Alimentación General","Comida Internacional","Comida oriental","AMOY leche de coco lata 400 g"],"general_information":["Denominación del alimento: Leche de coco","Nombre del operador: H.J. Heinz Foods Spain S.L.","Dirección del operador: Ctra. Rincón de Soto-Corello km 2,8. 26540 Alfaro (La Rioja)","Cantidad Neta: 400 Mililitros"],"ingredients":[" Extracto de coco (55%), agua, espesante ? carboximetilcelulosa, emulsionante ? polisorbato 60"],"conservation":" Una vez abierto conservar en frigorífico en un envase apropiado y consumir antes de 3 días.","ean":"5010928459502"},{"full_name":"HAO CHI fideos de arroz vermicelli paquete 250 g","name":"fideos de arroz vermicelli paquete 250 g","brand":"HAO CHI ","img":"https://sgfm.elcorteingles.es/SGFM/dctm/MEDIA03/201611/04/00118089302428____1__600x600.jpg","price":"2,95 €","price_unit":"(11,80 € / Kilo)","categories":["Supermercado","Alimentación General","Comida Internacional","Comida oriental","HAO CHI fideos de arroz vermicelli paquete 250 g"],"general_information":["Denominación del alimento: Fideos de pasta de arroz","País de origen: Tailandia","Nombre del operador: Veldis, S.A.","Dirección del operador: C/ Puerto de Navacerrada, 59. 28935 Móstoles (Madrid - España)","Cantidad Neta: 250 g"],"ingredients":[" Arroz, agua."],"conservation":" Conservar en un lugar seco y protegido de la luz directa.","ean":"8432306000040"},{"full_name":"TREVIJANO sopa thai estuche 250 g","name":"sopa thai estuche 250 g","brand":"TREVIJANO ","img":"https://sgfm.elcorteingles.es/SGFM/dctm/MEDIA03/201604/25/00118166700759____1__600x600.jpg","price":"3,65 €","price_unit":"(14,60 € / Kilo)","categories":["Supermercado","Alimentación General","Comida Internacional","Comida oriental","TREVIJANO sopa thai estuche 250 g"],"general_information":["Denominación del alimento: Sopa Thai deshidratada","Nombre del operador: Productos Trevijano, S.L.","Dirección del operador: Pol. La Nevera Parc, 12, 31587 Mendavia, Navarra.","Cantidad Neta: 200 g","Número de raciones por envase: 8","Otras menciones obligatorias en la etiqueta: Envasado en atmósfera protectora. Preparado con ingredientes naturales."],"ingredients":[" Quinoa (34.86%), patata, coco, cebolla, calabací, zanahoria, cebollino, curry (mostaza), jengibre y chile jalapeño. Puede contener apio."],"conservation":" Conservar en lugar fresco y seco. No necesita frío.","ean":"8410770140004"},{"full_name":"FANYA tofú fresco suave bandeja 480 g","name":"tofú fresco suave bandeja 480 g","brand":"FANYA ","img":"https://sgfm.elcorteingles.es/SGFM/dctm/MEDIA03/201602/11/00118160500668____1__600x600.jpg","price":"2,99 €","price_unit":"(6,23 € / Kilo)","categories":["Supermercado","Alimentación General","Comida Internacional","Comida oriental","FANYA tofú fresco suave bandeja 480 g"],"general_information":[],"ingredients":[],"ean":"8428764492398"},{"full_name":"BIBIGO snack crujiente alga sésamo bolsa 15 g","name":"snack crujiente alga sésamo bolsa 15 g","brand":"BIBIGO ","img":"https://sgfm.elcorteingles.es/SGFM/dctm/MEDIA03/201704/19/00200189700032____1__600x600.jpg","price":"2,29 €","price_unit":"(152,67 € / Kilo)","categories":["Supermercado","Alimentación General","Comida Internacional","Comida oriental","BIBIGO snack crujiente alga sésamo bolsa 15 g"],"general_information":["Denominación del alimento: BIBIGO:SNACK CRUJIENTE DE ALGAS CON SESAMO 3x5g","País de origen: Corea del Sur","Nombre del operador: Ofistrade S.A.","Dirección del operador: C/Buenos Aires 38-40, entlo. C - 08036 Barcelona","Lugar de procedencia del alimento: Corea del Sur","Cantidad Neta: 15 g"],"ingredients":[" Alga (53,1%), aceite de canola, aceite de sésamo (9,6%), sal."],"conservation":" Consérvese en lugar fresco y seco.","ean":"0807176706107"},{"full_name":"FANYA guisantes con wasabi tarrina 100 g","name":"guisantes con wasabi tarrina 100 g","brand":"FANYA ","img":"https://sgfm.elcorteingles.es/SGFM/dctm/MEDIA02/CONTENIDOS/201410/16/00118160500551____1__600x600.jpg","price":"2,65 €","price_unit":"(26,50 € / Kilo)","categories":["Supermercado","Alimentación General","Comida Internacional","Comida oriental","FANYA guisantes con wasabi tarrina 100 g"],"general_information":[],"ingredients":[],"ean":"8428764493166"},{"full_name":"FANYA pan de gambas tarrina 130 g","name":"pan de gambas tarrina 130 g","brand":"FANYA ","img":"https://sgfm.elcorteingles.es/SGFM/dctm/MEDIA02/CONTENIDOS/201410/16/00118160500544____1__600x600.jpg","price":"1,99 €","price_unit":"(15,31 € / Kilo)","categories":["Supermercado","Alimentación General","Comida Internacional","Comida oriental","FANYA pan de gambas tarrina 130 g"],"general_information":[],"ingredients":[],"ean":"8428764201617"},{"full_name":"FANYA jengibre tierno agridulce bolsa 150 g","name":"jengibre tierno agridulce bolsa 150 g","brand":"FANYA ","img":"https://sgfm.elcorteingles.es/SGFM/00/53/6/0118160500536/0118160500536000g01011.jpg","price":"2,25 €","price_unit":"(15 € / Kilo)","categories":["Supermercado","Alimentación General","Comida Internacional","Comida oriental","FANYA jengibre tierno agridulce bolsa 150 g"],"general_information":[],"ingredients":[],"ean":"8428764492886"},{"full_name":"FANYA tofú suave envase 300 g","name":"tofú suave envase 300 g","brand":"FANYA ","img":"https://sgfm.elcorteingles.es/SGFM/00/20/5/0118160500205/0118160500205000g01011.jpg","price":"2,85 €","price_unit":"(9,50 € / Kilo)","categories":["Supermercado","Alimentación General","Comida Internacional","Comida oriental","FANYA tofú suave envase 300 g"],"general_information":[],"ingredients":[],"ean":"8428764100187"},{"full_name":"BIBIGO chips algas oriental aperitivo bolsa 20 g","name":"chips algas oriental aperitivo bolsa 20 g","brand":"BIBIGO ","img":"https://sgfm.elcorteingles.es/SGFM/dctm/MEDIA03/201707/21/00200189700024____1__600x600.jpg","price":"2,49 €","price_unit":"(124,50 € / Kilo)","categories":["Supermercado","Alimentación General","Comida Internacional","Comida oriental","BIBIGO chips algas oriental aperitivo bolsa 20 g"],"general_information":["Denominación del alimento: BIBIGO:CHIPS DE ALGAS ORIGINAL 20g","País de origen: Corea del Sur","Nombre del operador: Ofistrade S.A.","Dirección del operador: C/Buenos Aires 38-40, entlo. C - 08036 Barcelona","Lugar de procedencia del alimento: Corea del Sur","Cantidad Neta: 20 g"],"ingredients":[" Almidón de tapioca, agua, arroz integral, aceite vegetal en aerosol [aceite de canola, aceite de sésamo, antioxidante (extracto de romero)], alga (7,03%), sazonador (azúcar, sal extracto de levadura), sal."],"conservation":" Consérvese en lugar fresco y seco.","ean":"8801007499468"},{"full_name":"TA-TUNG salsa agridulce bote 100 ml","name":"salsa agridulce bote 100 ml","brand":"TA-TUNG ","img":"https://sgfm.elcorteingles.es/SGFM/dctm/MEDIA03/201605/18/00118812700500____1__600x600.jpg","price":"2,04 €","price_unit":"(20,40 € / Litro)","categories":["Supermercado","Alimentación General","Comida Internacional","Salsas orientales","TA-TUNG salsa agridulce bote 100 ml"],"general_information":["Denominación del alimento: Salsa agridulce","País de origen: España","Nombre del operador: Ta-Tung platos precocinados. S.L.","Dirección del operador: C/Corominas. 37 - 08902 L'Hospitalet de Llobregat (Barcelona)","Cantidad Neta: 100 Mililitros","Número de raciones por envase: 1"],"ingredients":[" Agua. azúcar. vinagre de vino blanco (sulfitos). cebolla. zanahoria. pimiento rojo. piña. tomate frito (tomate. aceite de girasol. almidón modificado. sal. cebolla. azúcar y acidulante (ácido cítrico)). almidón modificado. sal. extracto de remolacha y acidulantes (lactato potásico y diacetato sódico)."],"conservation":" Mantener entre 0-4°C","ean":"8437000752042"},{"full_name":"TA-TUNG salsa teriyaki bote 100 ml","name":"salsa teriyaki bote 100 ml","brand":"TA-TUNG ","img":"https://sgfm.elcorteingles.es/SGFM/dctm/MEDIA03/201605/18/00118812700559____1__600x600.jpg","price":"2,53 €","price_unit":"(25,30 € / Litro)","categories":["Supermercado","Alimentación General","Comida Internacional","Salsas orientales","TA-TUNG salsa teriyaki bote 100 ml"],"general_information":["Denominación del alimento: Salsa Teriyaki","País de origen: España","Nombre del operador: Ta-Tung platos precocinados. S.L.","Dirección del operador: C/Corominas. 37 - 08902 L'Hospitalet de Llobregat (Barcelona)","Cantidad Neta: 100 Mililitros","Número de raciones por envase: 1"],"ingredients":[" Agua. azúcar. salsa de soja (agua. soja. sal. harina de trigo). cebolla. manzana. almidón modificado. aceite de girasol. sal y acidulantes (lactato potásico y diacetato sódico)."],"conservation":" Conservar entre 0 y 4°C","ean":"8437011785367"},{"full_name":"BLUE DRAGON salsa wok agridulce sobre 120 g","name":"salsa wok agridulce sobre 120 g","brand":"BLUE DRAGON ","img":"https://sgfm.elcorteingles.es/SGFM/00/19/7/0200189300197/0200189300197000g01011.jpg","price":"2,59 €","price_unit":"(21,58 € / Kilo)","categories":["Supermercado","Alimentación General","Comida Internacional","Salsas orientales","BLUE DRAGON salsa wok agridulce sobre 120 g"],"general_information":["Denominación del alimento: B.D:SALSA FRY AGRIDULCE 120g","País de origen: Polonia","Nombre del operador: Ofistrade S.A.","Dirección del operador: C/Buenos Aires 38-40, entlo. C - 08036 Barcelona","Cantidad Neta: 120 g"],"ingredients":[" Agua, azúcar, jarabe de glucosa-fructosa, vinagre de alcohol, almidón de maíz modificado, pasta de tomate concentrado (3,5%), zumo de piña concentrado (83,5%), especias, sal."],"conservation":" Consérvese en lugar fresco y seco.","ean":"5010338018245"},{"full_name":"KIKKOMAN salsa de soja botella 1 l","name":"salsa de soja botella 1 l","brand":"KIKKOMAN ","img":"https://sgfm.elcorteingles.es/SGFM/02/61/8/0118017602618/0118017602618000g01011.jpg","price":"8,39 €            ","price_unit":"(7,50 € / Litro)","categories":["Supermercado","Alimentación General","Comida Internacional","Salsas orientales","KIKKOMAN salsa de soja botella 1 l"],"general_information":[],"ingredients":[],"ean":"8715035110502"},{"full_name":"KIKKOMAN salsa de soja Luxe frasco 150 ml","name":"salsa de soja Luxe frasco 150 ml","brand":"KIKKOMAN ","img":"https://sgfm.elcorteingles.es/SGFM/02/79/0/0118017602790/0118017602790000g01011.jpg","price":"4,07 €            ","price_unit":"(21,67 € / Kilo)","categories":["Supermercado","Alimentación General","Comida Internacional","Salsas orientales","KIKKOMAN salsa de soja Luxe frasco 150 ml"],"general_information":["Denominación del alimento: Salsa de soja","Nombre del operador: Bolton Cile España","Dirección del operador: C/ Ombú nº3 28045 Madrid, España","Cantidad Neta: 150 Mililitros"],"ingredients":[" Agua, SOJA, TRIGO, sal"],"ean":"8715035110106"},{"full_name":"KIKKOMAN salsa soja con menos sal botella 1 l","name":"salsa soja con menos sal botella 1 l","brand":"KIKKOMAN ","img":"https://sgfm.elcorteingles.es/SGFM/dctm/MEDIA02/CONTENIDOS/201509/10/00200117605899____1__600x600.jpg","price":"10,95 €            ","price_unit":"(8,95 € / Litro)","categories":["Supermercado","Alimentación General","Comida Internacional","Salsas orientales","KIKKOMAN salsa soja con menos sal botella 1 l"],"general_information":["Denominación del alimento: Salsa de soja","Nombre del operador: Bolton Cile España","Dirección del operador: C/ Ombú nº3 28045 Madrid, España","Cantidad Neta: 1 Litros"],"ingredients":[" Agua, SOJA, TRIGO, sal (8.1%), vinagre de alcohol, alcohol, azúcar"],"ean":"8715035130807"},{"full_name":"KIKKOMAN salsa de soja botella 250 ml","name":"salsa de soja botella 250 ml","brand":"KIKKOMAN ","img":"https://sgfm.elcorteingles.es/SGFM/02/00/6/0118017602006/0118017602006000g01011.jpg","price":"3,12 €            ","price_unit":"(11 € / Litro)","categories":["Supermercado","Alimentación General","Comida Internacional","Salsas orientales","KIKKOMAN salsa de soja botella 250 ml"],"general_information":["Denominación del alimento: Salsa de soja","Nombre del operador: Bolton Cile España","Dirección del operador: C/. Ombú nº 3  28045 Madrid, España","Cantidad Neta: 250 Mililitros"],"ingredients":[" Agua, SOJA, TRIGO, Sal"],"ean":"8715035110304"},{"full_name":"KIKKOMAN salsa de soja baja en sal botella 250 ml","name":"salsa de soja baja en sal botella 250 ml","brand":"KIKKOMAN ","img":"https://sgfm.elcorteingles.es/SGFM/04/35/8/0118017604358/0118017604358000g01011.jpg","price":"3,19 €            ","price_unit":"(11,40 € / Litro)","categories":["Supermercado","Alimentación General","Comida Internacional","Salsas orientales","KIKKOMAN salsa de soja baja en sal botella 250 ml"],"general_information":["Denominación del alimento: Salsa de soja","Nombre del operador: Bolton Cile España","Dirección del operador: C/ Ombú nº3 28045 Madrid, España","Cantidad Neta: 250 Mililitros"],"ingredients":[" Agua, SOJA, TRIGO, sal (8.1%), vinagre de alcohol, alcohol, azúcar"],"ean":"8715035130302"},{"full_name":"KIKKOMAN salsa de soja sin gluten botella 250 ml","name":"salsa de soja sin gluten botella 250 ml","brand":"KIKKOMAN ","img":"https://sgfm.elcorteingles.es/SGFM/dctm/MEDIA02/CONTENIDOS/201407/04/00118017605546____1__600x600.jpg","price":"4,35 €","price_unit":"(17,40 € / Litro)","categories":["Supermercado","Alimentación General","Comida Internacional","Salsas orientales","KIKKOMAN salsa de soja sin gluten botella 250 ml"],"general_information":["Denominación del alimento: Salsa de soja","Nombre del operador: Bolton Cile España","Dirección del operador: C/ Ombú nº3 28045 Madrid, España","Cantidad Neta: 250 Mililitros"],"ingredients":[" Agua, SOJA, sal, alcohol"],"ean":"8715035150300"},{"full_name":"KIKKOMAN salsa wok frasco 250 ml","name":"salsa wok frasco 250 ml","brand":"KIKKOMAN ","img":"https://sgfm.elcorteingles.es/SGFM//04/29/1/0118017604291/0118017604291000g01011.jpg","price":"3,82 €            ","price_unit":"(13 € / Litro)","categories":["Supermercado","Alimentación General","Comida Internacional","Salsas orientales","KIKKOMAN salsa wok frasco 250 ml"],"general_information":["Denominación del alimento: Salsa wok","Nombre del operador: Bolton Cile España","Dirección del operador: C/ Ombú nº3 28045 Madrid, España","Cantidad Neta: 250 Mililitros"],"ingredients":[" Salsa de SOJA (agua, SOJA, TRIGO y sal), azúcar, agua, vino (contiene SULFITOS), sal, extracto de levadura"],"ean":"8715035230309"},{"full_name":"HEINZ salsa de soja frasco 150 ml","name":"salsa de soja frasco 150 ml","brand":"HEINZ ","img":"https://sgfm.elcorteingles.es/SGFM/05/38/9/0118017605389/0118017605389000g01011.jpg","price":"1,40 €","price_unit":"(9,33 € / Litro)","categories":["Supermercado","Alimentación General","Comida Internacional","Salsas orientales","HEINZ salsa de soja frasco 150 ml"],"general_information":["Denominación del alimento: Salsa dulce especiada asiática","Nombre del operador: H.J. Heinz Foods Spain S.L.","Dirección del operador: Ctra. Rincón de Soto-Corella km 2,8. 26540 Alfaro (La Rioja)","Cantidad Neta: 150 Mililitros"],"ingredients":[" Agua, jarabe de glucosa-fructosa, azúcar, salsa de soja 12% (agua, soja, trigo, sal) melaza, sal, extracto de levadura, colorante (caramelo natural), extractos de especias y hierbas, acidulante (ácido láctico). Contiene soja, gluten y derivados lácteos"],"conservation":" Mantener en un lugar seco y temperatura ambiente","ean":"5000157073006"},{"full_name":"KIM VE WONG salsa de soja frasco 150 ml","name":"salsa de soja frasco 150 ml","brand":"KIM VE WONG ","img":"https://sgfm.elcorteingles.es/SGFM/00/03/4/0118089300034/0118089300034000g01011.jpg","price":"1,95 €            ","price_unit":"(12,60 € / Litro)","categories":["Supermercado","Alimentación General","Comida Internacional","Salsas orientales","KIM VE WONG salsa de soja frasco 150 ml"],"general_information":["Denominación del alimento: Salsa de soja","País de origen: Taiwán","Nombre del operador: Ofistrade S.A.","Dirección del operador: C/Buenos Aires 38-40, entlo. C - 08036 Barcelona","Lugar de procedencia del alimento: Taiwan","Cantidad Neta: 150 Mililitros"],"ingredients":[" Agua, habas de soja modificada geneticamente, trigo, sal y azúcar. Este producto contiene soja modificada genéticamente."],"conservation":" Consérvese en lugar fresco y seco.","ean":"4710008314615"},{"full_name":"BLUE DRAGON salsa teriyaki botella 195 g","name":"salsa teriyaki botella 195 g","brand":"BLUE DRAGON ","img":"https://sgfm.elcorteingles.es/SGFM/00/38/0/0118089300380/0118089300380000g01011.jpg","price":"3,55 €            ","price_unit":"(23 € / Kilo)","categories":["Supermercado","Alimentación General","Comida Internacional","Salsas orientales","BLUE DRAGON salsa teriyaki botella 195 g"],"general_information":["Denominación del alimento: Salsa Teriyaki","País de origen: Reino Unido","Nombre del operador: Ofistrade S.A.","Dirección del operador: C/Buenos Aires 38-40, entlo. C - 08036 Barcelona","Lugar de procedencia del alimento: Inglaterra","Cantidad Neta: 150 g"],"ingredients":[" Jarabe de glucosa-fructosa, salsa soja japonesa (29%) (agua, habas de soja, trigo, sal, alcohol), azúcar, agua, condimento mirin (5%) [azúcar (jarabe de glucosa, sacarosa, melazas de caña de azúcar), agua, condimento (agua, arroz, alcohol, sal), vinagre de alcohol], sal, potenciador de sabor: glutamato monosódico, colorante: caramelo amónico; ácido láctico y conservante: benzoato de sodio."],"conservation":" Consérvese en lugar fresco y seco.","ean":"5010338015961"},{"full_name":"BLUE DRAGON vinagre de arroz botella 150 ml","name":"vinagre de arroz botella 150 ml","brand":"BLUE DRAGON ","img":"https://sgfm.elcorteingles.es/SGFM/dctm/MEDIA02/CONTENIDOS/201504/14/00118089300398____1__600x600.jpg","price":"2,96 €            ","price_unit":"(19 € / Litro)","categories":["Supermercado","Alimentación General","Comida Internacional","Salsas orientales","BLUE DRAGON vinagre de arroz botella 150 ml"],"general_information":["Denominación del alimento: B.D:JAPON VINAGRE ARROZ 150ml","País de origen: Reino Unido","Nombre del operador: Ofistrade S.A.","Dirección del operador: C/Buenos Aires 38-40, entlo. C - 08036 Barcelona","Cantidad Neta: 150 Mililitros","Otras menciones obligatorias en la etiqueta: No contiene colorantes artificiales, conservantes ni aditivos. Apto para vegetarianos y veganianos."],"ingredients":[" Vinagre de arroz blanco (99%) y sal (1%)"],"conservation":" Consérvese en lugar fresco y seco.","ean":"5010338303150"},{"full_name":"BLUE DRAGON salsa de pescado fish sauce botella 150 ml","name":"salsa de pescado fish sauce botella 150 ml","brand":"BLUE DRAGON ","img":"https://sgfm.elcorteingles.es/SGFM/dctm/MEDIA02/CONTENIDOS/201504/29/00118089500013____1__600x600.jpg","price":"2,39 €","price_unit":"(15,93 € / Litro)","categories":["Supermercado","Alimentación General","Comida Internacional","Salsas orientales","BLUE DRAGON salsa de pescado fish sauce botella 150 ml"],"general_information":["Denominación del alimento: B.D:SALSA PESCADO 150ml","País de origen: Polonia","Nombre del operador: Ofistrade S.A.","Dirección del operador: C/Buenos Aires 38-40, entlo. C - 08036 Barcelona","Cantidad Neta: 150 Mililitros"],"ingredients":[" Extracto de ANCHOA, sal, azúcar."],"conservation":" Consérvese en lugar fresco y seco.","ean":"5010338205195"},{"full_name":"PATAK'S salsa tikka masala frasco 350 g","name":"salsa tikka masala frasco 350 g","brand":"PATAK'S ","img":"https://sgfm.elcorteingles.es/SGFM/01/52/9/0118089301529/0118089301529000g01011.jpg","price":"3,25 €","price_unit":"(9,29 € / Kilo)","categories":["Supermercado","Alimentación General","Comida Internacional","Salsas orientales","PATAK'S salsa tikka masala frasco 350 g"],"general_information":["Denominación del alimento: Salsa Tikka Masala","País de origen: Reino Unido","Nombre del operador: Ofistrade S.A.","Dirección del operador: C/Buenos Aires 38-40, entlo. C - 08036 Barcelona","Lugar de procedencia del alimento: Inglaterra","Cantidad Neta: 350 g"],"ingredients":[" Agua, tomate, crema (8%), yogur (8%), cebolla, aceite vegetal, almidón de maíz modificado, puré de tomate concentrado, especias (contiene mostaza), azúcar, ajo, cilantro, sal, cebolla seca, jengibre, jugo de limón concentrado, semillas de comino, extracto de paprika, semillas de cilantro molidas, pimienta negra molida, acidulante: ácido láctico, hoja de cilantro seca, acidulante: ácido acético, aroma natural de hoja de cilantro y chile rojo molido seco."],"conservation":" Consérvese en lugar fresco y seco.","ean":"5011308323079"},{"full_name":"PATAK'S salsa korma frasco 350 g","name":"salsa korma frasco 350 g","brand":"PATAK'S ","img":"https://sgfm.elcorteingles.es/SGFM/01/53/7/0118089301537/0118089301537000g01011.jpg","price":"2,99 €","price_unit":"(8,54 € / Kilo)","categories":["Supermercado","Alimentación General","Comida Internacional","Salsas orientales","PATAK'S salsa korma frasco 350 g"],"general_information":[],"ingredients":[],"ean":"0069276270227"},{"full_name":"PATAK'S salsa original Chutney mango dulce frasco 340 g","name":"salsa original Chutney mango dulce frasco 340 g","brand":"PATAK'S ","img":"https://sgfm.elcorteingles.es/SGFM/01/62/8/0118089301628/0118089301628000g01011.jpg","price":"4,60 €            ","price_unit":"(13,21 € / Kilo)","categories":["Supermercado","Alimentación General","Comida Internacional","Salsas orientales","PATAK'S salsa original Chutney mango dulce frasco 340 g"],"general_information":["Denominación del alimento: Salsa Chutney de mango","País de origen: Reino Unido","Nombre del operador: Ofistrade S.A.","Dirección del operador: C/Buenos Aires 38-40, entlo. C - 08036 Barcelona","Lugar de procedencia del alimento: Inglaterra","Cantidad Neta: 340 g"],"ingredients":[" Azúcar, mango (41%), sal, ácido acético, especias, semillas de comino, chile seco molido y extracto de paprika."],"conservation":" Consérvese en lugar fresco y seco.","ean":"0069276220031"},{"full_name":"MAN FONG agridulce frasco 235 ml","name":"agridulce frasco 235 ml","brand":"MAN FONG ","img":"https://sgfm.elcorteingles.es/SGFM/01/97/4/0118017601974/0118017601974000g01011.jpg","price":"3,21 €","price_unit":"(13,66 € / Litro)","categories":["Supermercado","Alimentación General","Comida Internacional","Salsas orientales","MAN FONG agridulce frasco 235 ml"],"general_information":[],"ingredients":[],"ean":"8412492317856"},{"full_name":"MAN FONG salsa de soja frasco 150 ml","name":"salsa de soja frasco 150 ml","brand":"MAN FONG ","img":"https://sgfm.elcorteingles.es/SGFM/01/99/0/0118017601990/0118017601990000g01011.jpg","price":"1,64 €","price_unit":"(10,93 € / Litro)","categories":["Supermercado","Alimentación General","Comida Internacional","Salsas orientales","MAN FONG salsa de soja frasco 150 ml"],"general_information":[],"ingredients":[],"ean":"8412492302517"},{"full_name":"AMOY salsa de soja light botella 173 g","name":"salsa de soja light botella 173 g","brand":"AMOY ","img":"https://sgfm.elcorteingles.es/SGFM/dctm/MEDIA02/CONTENIDOS/201507/03/00118089302717____1__600x600.jpg","price":"2,19 €","price_unit":"(12,66 € / Kilo)","categories":["Supermercado","Alimentación General","Comida Internacional","Salsas orientales","AMOY salsa de soja light botella 173 g"],"general_information":["Denominación del alimento: Salsa de soja clara","Nombre del operador: H.J. Heinz Foods Spain S.L.","Dirección del operador: Ctra. Rincón de Soto-Corello km 2,8. 26540 Alfaro (La Rioja)","Cantidad Neta: 150 Mililitros","Número de raciones por envase: 30","Otras menciones obligatorias en la etiqueta: Se pueden formar cristales de sal de forma natural en este producto"],"ingredients":[" Agua, semillas de soja, harina de trigo, azúcar, colorante ?   caramelo natural, corrector de la acidez ? acido lactico, conservante ? sorbato potásico, potenciadores de sabor ? E631 y E 627.  Contiene soja, trigo y ácido láctico"],"conservation":"Modo de empleo: Abrir el envase quitando el precinto de plástico","ean":"5000111044226"},{"full_name":"AMOY salsa de soja botella 183 g","name":"salsa de soja botella 183 g","brand":"AMOY ","img":"https://sgfm.elcorteingles.es/SGFM/dctm/MEDIA02/CONTENIDOS/201507/03/00118089302709____1__600x600.jpg","price":"2,15 €","price_unit":"(11,75 € / Kilo)","categories":["Supermercado","Alimentación General","Comida Internacional","Salsas orientales","AMOY salsa de soja botella 183 g"],"general_information":["Denominación del alimento: Salsa de soja oscura","Nombre del operador: H.J. Heinz Foods Spain S.L.","Dirección del operador: Ctra. Rincón de Soto-Corello km 2,8. 26540 Alfaro (La Rioja)","Cantidad Neta: 150 Mililitros","Número de raciones por envase: 30","Otras menciones obligatorias en la etiqueta: Se pueden formar cristales de sal de forma natural en este producto"],"ingredients":[" Agua, azúcar, semillas de soja, sal, colorante ?  caramelo natural , harina de trigo, corrector de la acidez ? acido lactico, conservante ?  sorbato potásico. Contiene soja, trigo y ácido láctico"],"conservation":"Modo de empleo: Abrir el envase quitando el precinto de plástico","ean":"5000111044202"},{"full_name":"AMOY salsa satay cacahuete bolsa 120 g","name":"salsa satay cacahuete bolsa 120 g","brand":"AMOY ","img":"https://sgfm.elcorteingles.es/SGFM/dctm/MEDIA02/CONTENIDOS/201507/03/00118089500070____1__600x600.jpg","price":"1,41 €","price_unit":"(11,75 € / Kilo)","categories":["Supermercado","Alimentación General","Comida Internacional","Salsas orientales","AMOY salsa satay cacahuete bolsa 120 g"],"general_information":["Denominación del alimento: Salsa para saltear Noodles","Nombre del operador: H.J. Heinz Foods Spain S.L.","Dirección del operador: Ctra. Rincón de Soto-Corello km 2,8. 26540 Alfaro (La Rioja)","Cantidad Neta: 120 g","Número de raciones por envase: 2"],"ingredients":[" Agua, azúcar, cacahuetes tostados (10%), leche de coco (extracto de coco, agua), pimentón dulce, maicena modificada, ajo fresco, aceite de girasol, salsa de soja (agua, semillas de soja, sal, harina de trigo), extracto de levadura, pasta de alubia amarilla (semillas de soja, harina de trigo, sal, agua), puré de chile (chile rojo, sal marina), sal, corrector de la acidez ? acido láctico, leche de coco en polvo (coco, maltodextrosa, proteínas de leche), especias, aceite de sésamo, pimienta negra. Contiene cacahuetes, soja, trigo, sésamo y derivados de la leche"],"conservation":" Una vez abierto consumir en el momento","ean":"5000111046879"},{"full_name":"AMOY salsa thai chili bolsa 120 g","name":"salsa thai chili bolsa 120 g","brand":"AMOY ","img":"https://sgfm.elcorteingles.es/SGFM/dctm/MEDIA02/CONTENIDOS/201507/03/00118089500088____1__600x600.jpg","price":"1,41 €","price_unit":"(11,75 € / Kilo)","categories":["Supermercado","Alimentación General","Comida Internacional","Salsas orientales","AMOY salsa thai chili bolsa 120 g"],"general_information":["Denominación del alimento: Salsa para saltear Noodles","Nombre del operador: H.J. Heinz Foods Spain S.L.","Dirección del operador: Ctra. Rincón de Soto-Corello km 2,8. 26540 Alfaro (La Rioja)","Cantidad Neta: 120 g","Número de raciones por envase: 2"],"ingredients":[" Agua, azúcar, vinagre de arroz, ajo, puré de chile (5% chile rojo, sal marina), almidón modificado de maíz, puré de tomate concentrado, corrector de la acidez ? acido acético, chile en polvo, estabilizante ? goma xantana."],"conservation":" Una vez abierto consumir en el momento","ean":"5000111047074"},{"full_name":"FANYA salsa agridulce botella 200 ml","name":"salsa agridulce botella 200 ml","brand":"FANYA ","img":"https://sgfm.elcorteingles.es/SGFM/00/61/2/0118089300612/0118089300612000g01011.jpg","price":"3,99 €","price_unit":"(19,95 € / Litro)","categories":["Supermercado","Alimentación General","Comida Internacional","Salsas orientales","FANYA salsa agridulce botella 200 ml"],"general_information":[],"ingredients":[],"ean":"8428764189977"},{"full_name":"YANG-TSE salsa agridulce botella 200 ml","name":"salsa agridulce botella 200 ml","brand":"YANG-TSE ","img":"https://sgfm.elcorteingles.es/SGFM/dctm/MEDIA02/CONTENIDOS/201501/08/00118089302642____1__600x600.jpg","price":"1,75 €            ","price_unit":"(5,40 € / Kilo)","categories":["Supermercado","Alimentación General","Comida Internacional","Salsas orientales","YANG-TSE salsa agridulce botella 200 ml"],"general_information":["Denominación del alimento: Salsa agridulce","País de origen: España","Nombre del operador: Ofistrade S.A.","Dirección del operador: C/Buenos Aires 38-40, entlo. C - 08036 Barcelona","Lugar de procedencia del alimento: España","Cantidad Neta: 200 g"],"ingredients":[" Agua, azúcar, vinagre, piña, espesante: goma guar, sal, conservante: sorbato de potasio y colorante: E124."],"conservation":" Consérvese en lugar fresco y seco.","ean":"8413022000033"},{"full_name":"YANG-TSE salsa Chile y piña botella 220 ml","name":"salsa Chile y piña botella 220 ml","brand":"YANG-TSE ","img":"https://sgfm.elcorteingles.es/SGFM/dctm/MEDIA02/CONTENIDOS/201501/08/00118089302667____1__600x600.jpg","price":"2,70 €            ","price_unit":"(10,60 € / Kilo)","categories":["Supermercado","Alimentación General","Comida Internacional","Salsas orientales","YANG-TSE salsa Chile y piña botella 220 ml"],"general_information":["Denominación del alimento: Salsa de chile y piña","País de origen: España","Nombre del operador: Ofistrade S.A.","Dirección del operador: C/Buenos Aires 38-40, entlo. C - 08036 Barcelona","Lugar de procedencia del alimento: España","Cantidad Neta: 220,0 g"],"ingredients":[" Agua, azúcar, piña (5%), vinagre, pimiento rojo, jalapeño rojo (4%), sal, ajo, espesantes: E1414 y E415, pimiento chile ("],"conservation":" Consérvese en lugar fresco y seco.","ean":"8413022055057"},{"full_name":"SHARWOOD'S salsa de mango Chutney frasco 360 g","name":"salsa de mango Chutney frasco 360 g","brand":"SHARWOOD'S ","img":"https://sgfm.elcorteingles.es/SGFM//02/41/0/0118089302410/0118089302410000g01011.jpg","price":"4,05 €","price_unit":"(11,25 € / Kilo)","categories":["Supermercado","Alimentación General","Comida Internacional","Salsas orientales","SHARWOOD'S salsa de mango Chutney frasco 360 g"],"general_information":[],"ingredients":[],"ean":"5000197520973"},{"full_name":"SHARWOOD'S salsa oriental agridulce Chutney con mango frasco 227 g","name":"salsa oriental agridulce Chutney con mango frasco 227 g","brand":"SHARWOOD'S ","img":"https://sgfm.elcorteingles.es/SGFM/dctm/MEDIA03/201707/05/00118089300844____1__600x600.jpg","price":"3,15 €","price_unit":"(13,88 € / Kilo)","categories":["Supermercado","Alimentación General","Comida Internacional","Salsas orientales","SHARWOOD'S salsa oriental agridulce Chutney con mango frasco 227 g"],"general_information":["Denominación del alimento: Salsa mango chutney","País de origen: Reino Unido","Nombre del operador: Alimentación Varma, S.L.","Dirección del operador: C/ La granja, 15 - Pol. Industrial Alcobendas. 28108 Alcobendas (Madrid) - España","Cantidad Neta: 227 g"],"ingredients":[" Azúcar, mango (41%), Sal, Acido acético, especias. Puede contener frutos de cáscara y sésamo."],"conservation":" Conservar en lugar fresco y seco.","ean":"0000050797417"},{"full_name":"SHARWOOD'S Kung po salsa de chile dulce frasco 425 g","name":"Kung po salsa de chile dulce frasco 425 g","brand":"SHARWOOD'S ","img":"https://sgfm.elcorteingles.es/SGFM/dctm/MEDIA03/201702/13/00118089500146____1__600x600.jpg","price":"3,45 €","price_unit":"(8,12 € / Kilo)","categories":["Supermercado","Alimentación General","Comida Internacional","Salsas orientales","SHARWOOD'S Kung po salsa de chile dulce frasco 425 g"],"general_information":["Denominación del alimento: Salsa Kung Po","País de origen: Reino Unido","Nombre del operador: Alimentación Varma, S.L.","Dirección del operador: C/ La granja, 15 - Pol. Industrial Alcobendas. 28108 Alcobendas (Madrid) - España","Cantidad Neta: 425 g"],"ingredients":[" Tomate, agua, azúcar, malta de cebada, vinagre, castaña de agua (6%), pimiento rojo (4%), sirope de glucosa deshidratado, amidón de maíz modificado, zumo de piña concentrado, puré de jengibre, aceite de sésamo tostado, puré de ajo, sal, chile rojo (0,7%), chile rojo en copios, puré de chile rojo, clorante (extracto de papirka). Contiene Cebada, gluten y sésamo."],"conservation":" Conservar en lugar fresco y seco. Una vez abierto consérvese en la nevera y utilizar en un plazo de tres días.","ean":"5000197156714"},{"full_name":"SHARWOOD'S salsa Hoisin frasco 425 g","name":"salsa Hoisin frasco 425 g","brand":"SHARWOOD'S ","img":"https://sgfm.elcorteingles.es/SGFM/dctm/MEDIA03/201702/13/00118089500120____1__600x600.jpg","price":"5,15 €","price_unit":"(12,12 € / Kilo)","categories":["Supermercado","Alimentación General","Comida Internacional","Salsas orientales","SHARWOOD'S salsa Hoisin frasco 425 g"],"general_information":["Denominación del alimento: Salsa Hoisin 5 especias","País de origen: Reino Unido","Nombre del operador: Alimentación Varma, S.L.","Dirección del operador: C/ La granja, 15 - Pol. Industrial Alcobendas. 28108 Alcobendas (Madrid) - España","Cantidad Neta: 425 g"],"ingredients":[" Agua, castañas de agua, azúcar, salsa de frijoles amarillos (5%) (agua, soja, harina de trigo, sal), almidón de maíz modificado, malta de cebada, vinagre, aceite de sésamo tostado, salsa de soja (agua, sal, soja, azúcar, harina de trigo), puré de ajo, cinco especias chinas (1%) (hinojo, anís, casi, clavo, chiles, jengibre rallado, puré de jengibre, sirope de azúcar caramelizado, clorante (antociamina), saborizante natural. Contiene glute, cebada y trigo."],"conservation":" Conservar en lugar fresco y seco. Una vez abierto consérvese en la nevera y utilizar en un plazo de tres días.","ean":"5000197156752"},{"full_name":"SHARWOOD'S salsa Rogan Josh frasco 420 g","name":"salsa Rogan Josh frasco 420 g","brand":"SHARWOOD'S ","img":"https://sgfm.elcorteingles.es/SGFM/dctm/MEDIA03/201702/13/00118089302543____1__600x600.jpg","price":"3,50 €","price_unit":"(8,33 € / Kilo)","categories":["Supermercado","Alimentación General","Comida Internacional","Salsas orientales","SHARWOOD'S salsa Rogan Josh frasco 420 g"],"general_information":["Denominación del alimento: Salsa india Rogan Josh","País de origen: Reino Unido","Nombre del operador: Alimentación Varma, S.L.","Dirección del operador: C/ La granja, 15 - Pol. Industrial Alcobendas. 28108 Alcobendas (Madrid) - España","Cantidad Neta: 420 g"],"ingredients":[" Agua, tomates picados (26%), cebolla, pasta de tomate (6%), aceite vegetal, yogur (2%), puré de jengibre, puré de ajo, especias, almidón de maíz modificado, azúcar, cilantro picado (1%), sal, ácido láctico,  cardamomo molido. Contiene leche. Puede contener trazas de sésamo."],"conservation":" Conservar en lugar fresco y seco.","ean":"5000197156905"},{"full_name":"SHARWOOD'S salsa Jalfrezi frasco 420 g","name":"salsa Jalfrezi frasco 420 g","brand":"SHARWOOD'S ","img":"https://sgfm.elcorteingles.es/SGFM/dctm/MEDIA03/201702/10/00118089302501____1__600x600.jpg","price":"3,45 €","price_unit":"(8,21 € / Kilo)","categories":["Supermercado","Alimentación General","Comida Internacional","Salsas orientales","SHARWOOD'S salsa Jalfrezi frasco 420 g"],"general_information":["Denominación del alimento: Salsa India Mild Jalfrezi","País de origen: Reino Unido","Nombre del operador: Alimentación Varma, S.L.","Dirección del operador: C/ La granja, 15 - Pol. Industrial Alcobendas. 28108 Alcobendas (Madrid) - España","Cantidad Neta: 420 g"],"ingredients":[" Agua, tomates picados (28%), cebolla, aceite vegetal, pimienta roja cortada en dados (3%),  pimienta verde cortada en dados (3%), pasta de tomate (2%), especias, puré de jengibre, azúcar, almidón de maíz modificado, chile rojo en láminas (0,9%), sal, chile en polvo, puré de ajo, hojas de fenugreco, ácido láctico. Puede contener trazas de sésamo."],"conservation":" Conservar en lugar fresco y seco.","ean":"5000197156929"},{"full_name":"SHARWOOD'S salsa Tikka Masala frasco 420 g","name":"salsa Tikka Masala frasco 420 g","brand":"SHARWOOD'S ","img":"https://sgfm.elcorteingles.es/SGFM/dctm/MEDIA03/201702/10/00118089302477____1__600x600.jpg","price":"3,45 €","price_unit":"(8,21 € / Kilo)","categories":["Supermercado","Alimentación General","Comida Internacional","Salsas orientales","SHARWOOD'S salsa Tikka Masala frasco 420 g"],"general_information":["Denominación del alimento: Salsa india Tikka Masala","País de origen: Reino Unido","Nombre del operador: Alimentación Varma, S.L.","Dirección del operador: C/ La granja, 15 - Pol. Industrial Alcobendas. 28108 Alcobendas (Madrid) - España","Cantidad Neta: 420 g"],"ingredients":[" Agua, Puré de Tomate (18%), Yogur, Nata (8%), Azúcar, Almidón de maíz modificado, Cebolla, Puré de Coco, Especias, Puré de Jengibre, concentrado de tomates triturados (1%), Puré de Ajo, Coco deshidratado, aceite vegetal, Comino molido, Sal, Cilantro picado, Coloorante (extracto de pimentón), Zumo de limón concentrado, ácido láctico. Contiene leche. Puede contener trazas de sésamo."],"conservation":" Conservar en lugar fresco y seco.","ean":"5000197101561"},{"full_name":"TIGER TIGER salsa de ostras envase 150 ml","name":"salsa de ostras envase 150 ml","brand":"TIGER TIGER ","img":"https://sgfm.elcorteingles.es/SGFM/01/61/0/0118089301610/0118089301610000g01011.jpg","price":"3,95 €            ","price_unit":"(25,67 € / Litro)","categories":["Supermercado","Alimentación General","Comida Internacional","Salsas orientales","TIGER TIGER salsa de ostras envase 150 ml"],"general_information":["Denominación del alimento: Salsa de ostras","País de origen: Reino Unido","Nombre del operador: Ofistrade S.A.","Dirección del operador: C/Buenos Aires 38-40, entlo. C - 08036 Barcelona","Lugar de procedencia del alimento: Inglaterra","Cantidad Neta: 150,0 Mililitros"],"ingredients":[" Agua, azúcar, extracto de ostras (12%) (agua, ostra), sal, almidón de maíz modificado, potenciador del sabor (glutamato monosódico), colorante natural (caramel) y conservante (sorbato de potasio)."],"conservation":" Consérvese en lugar fresco y seco.","ean":"5024448522257"},{"full_name":"TIGER KHAN salsa tikka masala frasco 425 g","name":"salsa tikka masala frasco 425 g","brand":"TIGER KHAN ","img":"https://sgfm.elcorteingles.es/SGFM/dctm/MEDIA03/201705/17/00118089302733____1__600x600.jpg","price":"3,46 €","price_unit":"(8,14 € / Kilo)","categories":["Supermercado","Alimentación General","Comida Internacional","Salsas orientales","TIGER KHAN salsa tikka masala frasco 425 g"],"general_information":[],"ingredients":[],"ean":"8436042305520"},{"full_name":"TIGER KHAN salsa satay peanut botella 300 ml","name":"salsa satay peanut botella 300 ml","brand":"TIGER KHAN ","img":"https://sgfm.elcorteingles.es/SGFM/dctm/MEDIA02/CONTENIDOS/201508/21/00200189500093____1__600x600.jpg","price":"2,96 €","price_unit":"(9,87 € / Litro)","categories":["Supermercado","Alimentación General","Comida Internacional","Salsas orientales","TIGER KHAN salsa satay peanut botella 300 ml"],"general_information":[],"ingredients":[],"ean":"8436042308279"},{"full_name":"TIGER KHAN vinagre de arroz botella 200 ml","name":"vinagre de arroz botella 200 ml","brand":"TIGER KHAN ","img":"https://sgfm.elcorteingles.es/SGFM/dctm/MEDIA03/201609/21/00118089302741____1__600x600.jpg","price":"3,32 €","price_unit":"(16,60 € / Litro)","categories":["Supermercado","Alimentación General","Comida Internacional","Salsas orientales","TIGER KHAN vinagre de arroz botella 200 ml"],"general_information":[],"ingredients":[],"ean":"8436042308552"},{"full_name":"TIGER KHAN salsa ponzu tradicional japonesa botella 150 ml","name":"salsa ponzu tradicional japonesa botella 150 ml","brand":"TIGER KHAN ","img":"https://sgfm.elcorteingles.es/SGFM/dctm/MEDIA03/201709/26/00118089500229____1__600x600.jpg","price":"2,25 €","price_unit":"(15 € / Litro)","categories":["Supermercado","Alimentación General","Comida Internacional","Salsas orientales","TIGER KHAN salsa ponzu tradicional japonesa botella 150 ml"],"general_information":[],"ingredients":[],"ean":"8436042308422"},{"full_name":"TIGER KHAN salsa mirin tradicional japonesa botella 150 ml","name":"salsa mirin tradicional japonesa botella 150 ml","brand":"TIGER KHAN ","img":"https://sgfm.elcorteingles.es/SGFM/dctm/MEDIA03/201709/26/00118089500237____1__600x600.jpg","price":"2,25 €","price_unit":"(15 € / Litro)","categories":["Supermercado","Alimentación General","Comida Internacional","Salsas orientales","TIGER KHAN salsa mirin tradicional japonesa botella 150 ml"],"general_information":[],"ingredients":[],"ean":"8436042308828"},{"full_name":"TIGER KHAN salsa tonkatsu tradicional japonesa botella 150 ml","name":"salsa tonkatsu tradicional japonesa botella 150 ml","brand":"TIGER KHAN ","img":"https://sgfm.elcorteingles.es/SGFM/dctm/MEDIA03/201709/26/00118089500245____1__600x600.jpg","price":"2,25 €","price_unit":"(15 € / Litro)","categories":["Supermercado","Alimentación General","Comida Internacional","Salsas orientales","TIGER KHAN salsa tonkatsu tradicional japonesa botella 150 ml"],"general_information":[],"ingredients":[],"ean":"8436042308835"},{"full_name":"TIGER KHAN salsa yakitori tradicional japonesa botella 150 ml","name":"salsa yakitori tradicional japonesa botella 150 ml","brand":"TIGER KHAN ","img":"https://sgfm.elcorteingles.es/SGFM/dctm/MEDIA03/201709/26/00118089500252____1__600x600.jpg","price":"2,25 €","price_unit":"(15 € / Litro)","categories":["Supermercado","Alimentación General","Comida Internacional","Salsas orientales","TIGER KHAN salsa yakitori tradicional japonesa botella 150 ml"],"general_information":[],"ingredients":[],"ean":"8436042308842"},{"full_name":"DEA salsa harissa tubo 120 g","name":"salsa harissa tubo 120 g","brand":"DEA ","img":"https://sgfm.elcorteingles.es/SGFM/04/73/9/0118017604739/0118017604739000g01011.jpg","price":"1,81 €","price_unit":"(15,08 € / Kilo)","categories":["Supermercado","Alimentación General","Comida Internacional","Salsas orientales","DEA salsa harissa tubo 120 g"],"general_information":["Denominación del alimento: Harissa","País de origen: Francia","Nombre del operador: Ofistrade S.A.","Dirección del operador: C/Buenos Aires 38-40, entlo. C - 08036 Barcelona","Lugar de procedencia del alimento: Francia","Cantidad Neta: 120,0 g"],"ingredients":[" Chile rehidrato 52%, agua, almidón modificado de maíz, sal, ajo, cilantro, alcaravea y acidulante: ácido cítrico."],"conservation":" Consérvese en lugar fresco y seco.","ean":"3069538102461"},{"full_name":"SHARWOOD'S salsa korma frasco 420 g","name":"salsa korma frasco 420 g","brand":"SHARWOOD'S ","img":"https://sgfm.elcorteingles.es/SGFM/02/05/2/0200189302052/0200189302052000g01011.jpg","price":"3,45 €","price_unit":"(8,21 € / Kilo)","categories":["Supermercado","Alimentación General","Comida Internacional","Salsas orientales","SHARWOOD'S salsa korma frasco 420 g"],"general_information":[],"ingredients":[],"ean":"5000197156851"},{"full_name":"SHARWOOD'S curry polvo picante madras bote 110 g","name":"curry polvo picante madras bote 110 g","brand":"SHARWOOD'S ","img":"https://sgfm.elcorteingles.es/SGFM/dctm/MEDIA02/CONTENIDOS/201508/26/00200189300841____1__600x600.jpg","price":"4,02 €","price_unit":"(36,55 € / Kilo)","categories":["Supermercado","Alimentación General","Comida Internacional","Salsas orientales","SHARWOOD'S curry polvo picante madras bote 110 g"],"general_information":["Denominación del alimento: Curry polvo picante","País de origen: Reino Unido","Nombre del operador: Alimentación Varma, S.L.","Dirección del operador: C/ La granja, 15 - Pol. Industrial Alcobendas. 28108 Alcobendas (Madrid) - España","Cantidad Neta: 113 g"],"ingredients":[" Cilantro, cúrcuma, fenogreco, comino (9%), sal, mostaza, harina de arroz, pimentón, hinojo (3%), ajo, cebolla, Canela, chile (2%), clavo, jengibre, pimienta, laurel, cardamomo, nuez moscada, extracto de especias."],"conservation":" Conservar en lugar fresco y seco.","ean":"0000050197378"},{"full_name":"GO-TAN salsa sweet chilli envase 215 ml","name":"salsa sweet chilli envase 215 ml","brand":"GO-TAN ","img":"https://sgfm.elcorteingles.es/SGFM/dctm/MEDIA02/CONTENIDOS/201501/08/00118089302675____1__600x600.jpg","price":"3,65 €            ","price_unit":"(16,28 € / Litro)","categories":["Supermercado","Alimentación General","Comida Internacional","Salsas orientales","GO-TAN salsa sweet chilli envase 215 ml"],"general_information":["Denominación del alimento: Salsa chile","País de origen: Países Bajos","Nombre del operador: Ofistrade S.A.","Dirección del operador: C/Buenos Aires 38-40, entlo. C - 08036 Barcelona","Lugar de procedencia del alimento: Holanda","Cantidad Neta: 215,0 g"],"ingredients":[" Azúcar, agua, pimientos rojos, almidón modificado de maíz, corrector de la acidez (vinagre, ácido cítrico), sal, especias, conservantes (sorbato de potasio) y espesantes (goma guar, goma xantana)."],"conservation":" Consérvese en lugar fresco y seco.","ean":"8710605030211"},{"full_name":"SHERE KHAN salsa balti frasco 425 g","name":"salsa balti frasco 425 g","brand":"SHERE KHAN ","img":"https://sgfm.elcorteingles.es/SGFM/01/55/2/0118089301552/0118089301552000g01011.jpg","price":"5,85 €","price_unit":"(13,76 € / Kilo)","categories":["Supermercado","Alimentación General","Comida Internacional","Salsas orientales","SHERE KHAN salsa balti frasco 425 g"],"general_information":[],"ingredients":[],"ean":"8436042305513"},{"full_name":"TIGER KHAN aceite de sesamo botella 200 ml","name":"aceite de sesamo botella 200 ml","brand":"TIGER KHAN ","img":"https://sgfm.elcorteingles.es/SGFM/dctm/MEDIA02/CONTENIDOS/201508/21/00200189500101____1__600x600.jpg","price":"4,02 €","price_unit":"(20,10 € / Litro)","categories":["Supermercado","Alimentación General","Comida Internacional","Salsas orientales","TIGER KHAN aceite de sesamo botella 200 ml"],"general_information":[],"ingredients":[],"ean":"8436042308316"},{"full_name":"SECRETS OF ASIA salsa curry China frasco 480 g","name":"salsa curry China frasco 480 g","brand":"SECRETS OF ASIA ","img":"https://sgfm.elcorteingles.es/SGFM/dctm/MEDIA02/CONTENIDOS/201409/22/00118016700595____1__600x600.jpg","price":"2,49 €","price_unit":"(5,19 € / Kilo)","categories":["Supermercado","Alimentación General","Comida Internacional","Salsas orientales","SECRETS OF ASIA salsa curry China frasco 480 g"],"general_information":[],"ingredients":[],"ean":"5410153212901"},{"full_name":"TERIYAKI salsa de soja frasco 250 ml","name":"salsa de soja frasco 250 ml","brand":"TERIYAKI ","img":"https://sgfm.elcorteingles.es/SGFM/02/62/6/0118017602626/0118017602626000g01011.jpg","price":"3,85 €","price_unit":"(15,40 € / Litro)","categories":["Supermercado","Alimentación General","Comida Internacional","Salsas orientales","TERIYAKI salsa de soja frasco 250 ml"],"general_information":["Denominación del alimento: Salsa teriyaki","Nombre del operador: Bolton Cile España","Dirección del operador: C/ Ombú nº3 28045 Madrid, España","Cantidad Neta: 250 Mililitros"],"ingredients":[" Salsa soja (agua,SOJA, TRIGO y sal), vino (contiene anhídrido SULFUROSO), azúcar, agua, vinagre de alcohol, sal, extracto de especias, cebolla en polvo, ajo en polvo"],"ean":"8715035210301"},{"full_name":"SECRETS OF ASIA salsa agridulce frasco 480 g","name":"salsa agridulce frasco 480 g","brand":"SECRETS OF ASIA ","img":"https://sgfm.elcorteingles.es/SGFM/03/37/6/0118017603376/0118017603376000g01011.jpg","price":"2,79 €","price_unit":"(5,81 € / Kilo)","categories":["Supermercado","Alimentación General","Comida Internacional","Salsas orientales","SECRETS OF ASIA salsa agridulce frasco 480 g"],"general_information":[],"ingredients":[],"ean":"5410153212895"},{"full_name":"KUHNE salsa curry india envase 475 ml","name":"salsa curry india envase 475 ml","brand":"KUHNE ","img":"https://sgfm.elcorteingles.es/SGFM/dctm/MEDIA03/201611/04/00200116700766____1__600x600.jpg","price":"4,72 €","categories":["Supermercado","Alimentación General","Comida Internacional","Salsas orientales","KUHNE salsa curry india envase 475 ml"],"general_information":[],"ingredients":[],"ean":"0000040122182"},{"full_name":"GAUTSCHI salsa curry frasco 115 g","name":"salsa curry frasco 115 g","brand":"GAUTSCHI ","img":"https://sgfm.elcorteingles.es/SGFM/dctm/MEDIA02/CONTENIDOS/201412/10/00118016700165____1__600x600.jpg","price":"4,42 €            ","price_unit":"(21,30 € / Kilo)","categories":["Supermercado","Alimentación General","Comida Internacional","Salsas orientales","GAUTSCHI salsa curry frasco 115 g"],"general_information":["Denominación del alimento: Salsa al curry","País de origen: Suiza","Nombre del operador: Mundial Gourmet, S.A.","Dirección del operador: c/ Joan Torruella, 45 - 08758 Cervelló","Cantidad Neta: 115,0 g"],"ingredients":[" Aceite de girasol, yogur (leche entera, proteína láctea), mostaza (agua, granos de mostaza, vinagre de mesa, sal de mesa yodada, azúcar), curry 6%, preparado a base de mango (mango, jengibre, ajo, chile), yema de huevo pasteurizada, azúcar, sal, de mesa yodada, acidulante (E270), aromatizante, conservante (E202), espesante (E415), antioxidante (E307).Contiene: leche, mostaza, huevo."],"conservation":" Después de abierto, consevar en la nevera y consumir en un plazo de 3 semanas.","ean":"7610405067541"},{"full_name":"SRIRACHA salsa oriental mayo envase 200 ml","name":"salsa oriental mayo envase 200 ml","brand":"SRIRACHA ","img":"https://sgfm.elcorteingles.es/SGFM/dctm/MEDIA03/201701/27/00118089500179____1__600x600.jpg","price":"2,39 €","price_unit":"(5,25 € / Litro)","categories":["Supermercado","Alimentación General","Comida Internacional","Salsas orientales","SRIRACHA salsa oriental mayo envase 200 ml"],"general_information":[],"ingredients":[],"ean":"8853662056654"},{"full_name":"SRIRACHA salsa oriental hot chilli envase 455 ml","name":"salsa oriental hot chilli envase 455 ml","brand":"SRIRACHA ","img":"https://sgfm.elcorteingles.es/SGFM/dctm/MEDIA03/201701/27/00118089500161____1__600x600.jpg","price":"4,80 €","price_unit":"(10,55 € / Litro)","categories":["Supermercado","Alimentación General","Comida Internacional","Salsas orientales","SRIRACHA salsa oriental hot chilli envase 455 ml"],"general_information":[],"ingredients":[],"ean":"8853662056715"},{"full_name":"BIBIGO salsa coreana gochujang envase 325 g","name":"salsa coreana gochujang envase 325 g","brand":"BIBIGO ","img":"https://sgfm.elcorteingles.es/SGFM/dctm/MEDIA03/201704/19/00200189500192____1__600x600.jpg","price":"8,50 €            ","price_unit":"(19,97 € / Kilo)","categories":["Supermercado","Alimentación General","Comida Internacional","Salsas orientales","BIBIGO salsa coreana gochujang envase 325 g"],"general_information":["Denominación del alimento: BIBIGO:SALSA GOCHUJANG PICANTE 325g","País de origen: Corea del Sur","Nombre del operador: Ofistrade S.A.","Dirección del operador: C/Buenos Aires 38-40, entlo. C - 08036 Barcelona","Lugar de procedencia del alimento: Corea del Sur","Cantidad Neta: 325 g"],"ingredients":[" Pasta de pimiento picante (51%) [azúcar moreno, agua, harina de trigo, pimiento rojo en polvo, salsa de soja, sal, puré de cebolla, soja desgrasada en polvo, corrector de acidez (E330), koji (cebada)], azúcar moreno, vinagre de alcohol, agua, puré de cebo"],"conservation":" Consérvese en lugar fresco y seco.","ean":"0807176709542"},{"full_name":"BIBIGO salsa coreana bulgogi BBQ frasco 290 g","name":"salsa coreana bulgogi BBQ frasco 290 g","brand":"BIBIGO ","img":"https://sgfm.elcorteingles.es/SGFM/dctm/MEDIA03/201704/10/00200189500176____1__600x600.jpg","price":"4,08 €            ","price_unit":"(13,55 € / Kilo)","categories":["Supermercado","Alimentación General","Comida Internacional","Salsas orientales","BIBIGO salsa coreana bulgogi BBQ frasco 290 g"],"general_information":["Denominación del alimento: BIBIGO:SALSA BULGOGI ORIGINAL 290g","País de origen: Corea del Sur","Nombre del operador: Ofistrade S.A.","Dirección del operador: C/Buenos Aires 38-40, entlo. C - 08036 Barcelona","Lugar de procedencia del alimento: Corea del Sur","Cantidad Neta: 290 g"],"ingredients":[" Salsa de soja [agua, proteína de soja hidrolizada, sal, soja desgrasada, trigo, vino de arroz de cocina, koji (cebada)], azúcar, jarabe de maíz de alto contenido en fructosa, puré de pera (13,5%), puré de cebolla, agua, puré de manzana (2,5%), vino de arr"],"conservation":" Consérvese en lugar fresco y seco.","ean":"8801007232652"},{"full_name":"BIBIGO salsa coreana bulgogi BBQ picante frasco 290 g","name":"salsa coreana bulgogi BBQ picante frasco 290 g","brand":"BIBIGO ","img":"https://sgfm.elcorteingles.es/SGFM/dctm/MEDIA03/201704/10/00200189500184____1__600x600.jpg","price":"4,23 €            ","price_unit":"(14,31 € / Kilo)","categories":["Supermercado","Alimentación General","Comida Internacional","Salsas orientales","BIBIGO salsa coreana bulgogi BBQ picante frasco 290 g"],"general_information":["Denominación del alimento: BIBIGO:SALSA BULGOGI PICANTE & ESPECIAS 290g","País de origen: Corea del Sur","Nombre del operador: Ofistrade S.A.","Dirección del operador: C/Buenos Aires 38-40, entlo. C - 08036 Barcelona","Lugar de procedencia del alimento: Corea del Sur","Cantidad Neta: 290 g"],"ingredients":[" Pasta de pimiento rojo (23%) [harina de trigo, jarabe de maíz, agua, pimiento rojo en polvo, sal, trigo, vino de arroz de cocina,soja desgrasada en polvo, koji (cebada)], jarabe de maíz de alto contenido en fructosa, salsa de soja [agua, proteína de soja"],"conservation":" Consérvese en lugar fresco y seco.","ean":"8801007232744"},{"full_name":"BIBIGO salsa coreana vinagreta envase 300 g","name":"salsa coreana vinagreta envase 300 g","brand":"BIBIGO ","img":"https://sgfm.elcorteingles.es/SGFM/dctm/MEDIA03/201704/19/00200189500200____1__600x600.jpg","price":"4,80 €            ","price_unit":"(12,17 € / Kilo)","categories":["Supermercado","Alimentación General","Comida Internacional","Salsas orientales","BIBIGO salsa coreana vinagreta envase 300 g"],"general_information":["Denominación del alimento: BIBIGO:VINAGRETA COREANA DE PIMIENTO ROJO 300g","País de origen: Corea del Sur","Nombre del operador: Ofistrade S.A.","Dirección del operador: C/Buenos Aires 38-40, entlo. C - 08036 Barcelona","Lugar de procedencia del alimento: Corea del Sur","Cantidad Neta: 300 g"],"ingredients":[" Pasta de pimiento rojo (83,4%) (jarabe de maíz de alto contenido en fructosa, harina de trigo, agua, sal, pimiento rojo en polvo, trigo, ajo, cebolla, arroz, Koji), azúcar, vinagre fermentado (4,5%), oligosacárido, corrector de la acidez (E330), zumo de l"],"conservation":" Consérvese en lugar fresco y seco.","ean":"8801007234625"},{"full_name":"PONY bebida de malta con gas sin alcohol botella 33 cl","name":"bebida de malta con gas sin alcohol botella 33 cl","brand":"PONY ","img":"https://sgfm.elcorteingles.es/SGFM//00/07/4/0200551200074/0200551200074000g01011.jpg","price":"1,25 €","price_unit":"(3,79 € / Litro)","categories":["Supermercado","Alimentación General","Comida Internacional","Comida latina","PONY bebida de malta con gas sin alcohol botella 33 cl"],"general_information":["Denominación del alimento: Bebida refrescante de extractos de malta","Nombre del operador: Sabmiller brands Europe, A.S.","Dirección del operador: Nuria, 59, Planta 2, Local C 28034 Madrid","Cantidad Neta: 33 Centilitros"],"ingredients":[" Agua carbonatada, azúcar, malta (3,8%), color caramelo E-150c, acidulante E-330, aromatizantes, lúpulo, niacina, riboflavina y tiamina."],"ean":"7702004013453"},{"full_name":"AMAZONIA FRUIT agua de coco con trocitos de pulpa lata 33 cl","name":"agua de coco con trocitos de pulpa lata 33 cl","brand":"AMAZONIA FRUIT ","img":"https://sgfm.elcorteingles.es/SGFM/00/25/7/0118651200257/0118651200257000g01011.jpg","price":"1,26 €","price_unit":"(3,82 € / Litro)","categories":["Supermercado","Alimentación General","Comida Internacional","Comida latina","AMAZONIA FRUIT agua de coco con trocitos de pulpa lata 33 cl"],"general_information":[],"ingredients":[],"ean":"8436048722147"},{"full_name":"AMAZONIA FRUIT jugo de guanábana lata 33 cl","name":"jugo de guanábana lata 33 cl","brand":"AMAZONIA FRUIT ","img":"https://sgfm.elcorteingles.es/SGFM/00/26/5/0118651200265/0118651200265000g01011.jpg","price":"1,26 €","price_unit":"(3,82 € / Litro)","categories":["Supermercado","Alimentación General","Comida Internacional","Comida latina","AMAZONIA FRUIT jugo de guanábana lata 33 cl"],"general_information":[],"ingredients":[],"ean":"8436048722185"},{"full_name":"AMAZONIA FRUIT jugo de mango lata 33 cl","name":"jugo de mango lata 33 cl","brand":"AMAZONIA FRUIT ","img":"https://sgfm.elcorteingles.es/SGFM/00/28/1/0118651200281/0118651200281000g01011.jpg","price":"1,26 €","price_unit":"(3,82 € / Litro)","categories":["Supermercado","Alimentación General","Comida Internacional","Comida latina","AMAZONIA FRUIT jugo de mango lata 33 cl"],"general_information":[],"ingredients":[],"ean":"8436048722154"},{"full_name":"GOYA agua de coco con trocitos lata 33 cl","name":"agua de coco con trocitos lata 33 cl","brand":"GOYA ","img":"https://sgfm.elcorteingles.es/SGFM/dctm/MEDIA02/CONTENIDOS/201411/03/00118651200315____2__600x600.jpg","price":"1,35 €","price_unit":"(4,09 € / Litro)","categories":["Supermercado","Alimentación General","Comida Internacional","Comida latina","GOYA agua de coco con trocitos lata 33 cl"],"general_information":["Denominación del alimento: Bebida","País de origen: Tailandia","Nombre del operador: Productos Goya Nativo S.L.","Dirección del operador: Avda. de la Constitución, 115 Pol. Industrial Monte Boyal 45950 Casarrubios del Monte (Toledo) España","Cantidad Neta: 350 Mililitros","Otras menciones obligatorias en la etiqueta: No contiene alérgenos"],"ingredients":[" Jugo de coco joven, agua, azúcar, pulpa de coco, ácido citrico."],"conservation":" Ambiente seco y fresco.","ean":"8426967027850"},{"full_name":"P.A.N. harina de maíz amarilla precocida paquete 1 kg","name":"harina de maíz amarilla precocida paquete 1 kg","brand":"P.A.N. ","img":"https://sgfm.elcorteingles.es/SGFM/00/02/2/0118010200022/0118010200022000g01011.jpg","price":"2,52 €","price_unit":"(2,52 € / Kilo)","categories":["Supermercado","Alimentación General","Comida Internacional","Comida latina","P.A.N. harina de maíz amarilla precocida paquete 1 kg"],"general_information":[],"ingredients":[],"ean":"0739907002069"},{"full_name":"P.A.N. harina de maíz blanca precocida paquete 1","name":"harina de maíz blanca precocida paquete 1 ","brand":"P.A.N. ","img":"https://sgfm.elcorteingles.es/SGFM/00/01/4/0118010200014/0118010200014000g01011.jpg","price":"2,52 €","price_unit":"(2,52 € / Kilo)","categories":["Supermercado","Alimentación General","Comida Internacional","Comida latina","P.A.N. harina de maíz blanca precocida paquete 1"],"general_information":[],"ingredients":[],"ean":"8426967099925"},{"full_name":"MARUCHAN fideos instantáneos con pollo sobre 85 g","name":"fideos instantáneos con pollo sobre 85 g","brand":"MARUCHAN ","img":"https://sgfm.elcorteingles.es/SGFM/00/66/7/0118010200667/0118010200667000g01011.jpg","price":"0,90 €","price_unit":"(10,59 € / Kilo)","categories":["Supermercado","Alimentación General","Comida Internacional","Comida latina","MARUCHAN fideos instantáneos con pollo sobre 85 g"],"general_information":["Denominación del alimento: Sopa deshidratada con noodles (pasta instantánea) y hortalizas sabor pollo.","País de origen: Estados Unidos","Nombre del operador: VELDIS, S.A.","Dirección del operador: Calle Puerto de Navacerrada 59, 28935 Móstoles (Madrid)","Cantidad Neta: 85 g"],"ingredients":[" Ingredientes de los noodles (93%): harina de trigo (74%), manteca de palma, aceites vegetales en proporción variable (nabina, algodón), sal, correctores de acidez (E501, E339, E500), salsa de soja (agua, harina de trigo, habas de soja, sal), cúrcuma. Ingredientes del preparado para condimentar (7%): sal, azúcar, potenciadores del sabor (E621, E631, E627), maltodextrina, especias (contiene semilla de apio), maíz hidrolizado, trigo hidrolizado, proteína de soja hidrolizada, cúrcuma, lactosa, aromas naturales, hortalizas deshidratadas en proporción variable (0,1%) (ajo, cebolla, cebollino), manteca de palma, extracto de levadura, carne de pollo cocida en polvo (0,1%), extracto de col. Contiene: trigo, gluten, apio, soja, derivados de leche (lactosa). Puede contener trazas de crustáceos, moluscos, pescado y sésamo."],"conservation":" Conservar en un lugar fresco y seco","ean":"0041789000515"},{"full_name":"SANMY refresco de guaraná botella 2 l","name":"refresco de guaraná botella 2 l","brand":"SANMY ","img":"https://sgfm.elcorteingles.es/SGFM/dctm/MEDIA02/CONTENIDOS/201501/30/00118651200323____1__600x600.jpg","price":"1,44 €","categories":["Supermercado","Alimentación General","Comida Internacional","Comida latina","SANMY refresco de guaraná botella 2 l"],"general_information":["Denominación del alimento: BEBIDA REFRESCANTE CON AZÚCAR Y EXTRACTOS DE GUARANÁ","País de origen: España","Nombre del operador: Sanmy S.A.","Dirección del operador: Carretera de Castellar del Vallés nº 586 - 08227 Terrassa (Barcelona)","Cantidad Neta: 2 Litros"],"ingredients":[" Agua carbonatada, azúcar, acidulante: ácido cítrico, extracto de guaraná, aroma, caramelo: E-150 d, conservador(E-211), cafeína(procedente del extracto de guaraná)."],"conservation":" Conservar en lugar fresco, protegido de la luz solar y en ausencia de olores agresivos","ean":"8410470180942"},{"full_name":"AMERICA IMPORT maíz mote bolsa 500 g","name":"maíz mote bolsa 500 g","brand":"AMERICA IMPORT ","img":"https://sgfm.elcorteingles.es/SGFM/dctm/MEDIA02/CONTENIDOS/201410/01/00118010200584____1__600x600.jpg","price":"3,45 €","price_unit":"(6,90 € / Kilo)","categories":["Supermercado","Alimentación General","Comida Internacional","Comida latina","AMERICA IMPORT maíz mote bolsa 500 g"],"general_information":[],"ingredients":[],"ean":"8436048720037"},{"full_name":"AMERICA IMPORT maíz de tostar cancha bolsa 500 g","name":"maíz de tostar cancha bolsa 500 g","brand":"AMERICA IMPORT ","img":"https://sgfm.elcorteingles.es/SGFM/dctm/MEDIA02/CONTENIDOS/201410/01/00118010200568____1__600x600.jpg","price":"2,99 €","price_unit":"(5,98 € / Kilo)","categories":["Supermercado","Alimentación General","Comida Internacional","Comida latina","AMERICA IMPORT maíz de tostar cancha bolsa 500 g"],"general_information":[],"ingredients":[],"ean":"8437004479891"},{"full_name":"AMERICA IMPORT quinua bolsa 500 g","name":"quinua bolsa 500 g","brand":"AMERICA IMPORT ","img":"https://sgfm.elcorteingles.es/SGFM/dctm/MEDIA02/CONTENIDOS/201410/01/00118010200576____1__600x600.jpg","price":"2,67 €","price_unit":"(5,34 € / Kilo)","categories":["Supermercado","Alimentación General","Comida Internacional","Comida latina","AMERICA IMPORT quinua bolsa 500 g"],"general_information":[],"ingredients":[],"ean":"8436048720334"},{"full_name":"AMERICA IMPORT gandules lata 425 g","name":"gandules lata 425 g","brand":"AMERICA IMPORT ","img":"https://sgfm.elcorteingles.es/SGFM/00/38/6/0118010200386/0118010200386000g01011.jpg","price":"1,90 €","price_unit":"(4,47 € / Kilo)","categories":["Supermercado","Alimentación General","Comida Internacional","Comida latina","AMERICA IMPORT gandules lata 425 g"],"general_information":[],"ingredients":[],"ean":"8437002786533"},{"full_name":"AMERICA IMPORT pasta de rocoto frasco 205 g","name":"pasta de rocoto frasco 205 g","brand":"AMERICA IMPORT ","img":"https://sgfm.elcorteingles.es/SGFM/00/33/7/0118010200337/0118010200337000g01011.jpg","price":"2,60 €","price_unit":"(12,68 € / Kilo)","categories":["Supermercado","Alimentación General","Comida Internacional","Comida latina","AMERICA IMPORT pasta de rocoto frasco 205 g"],"general_information":[],"ingredients":[],"ean":"8437002786434"},{"full_name":"AMERICA IMPORT pasta de ají amarillo frasco 205 g","name":"pasta de ají amarillo frasco 205 g","brand":"AMERICA IMPORT ","img":"https://sgfm.elcorteingles.es/SGFM/00/34/5/0118010200345/0118010200345000g01011.jpg","price":"2,59 €","price_unit":"(12,63 € / Kilo)","categories":["Supermercado","Alimentación General","Comida Internacional","Comida latina","AMERICA IMPORT pasta de ají amarillo frasco 205 g"],"general_information":[],"ingredients":[],"ean":"8437002786427"},{"full_name":"AMERICA IMPORT pasta de ají panca frasco 205 g","name":"pasta de ají panca frasco 205 g","brand":"AMERICA IMPORT ","img":"https://sgfm.elcorteingles.es/SGFM/00/35/2/0118010200352/0118010200352000g01011.jpg","price":"2,65 €","price_unit":"(12,93 € / Kilo)","categories":["Supermercado","Alimentación General","Comida Internacional","Comida latina","AMERICA IMPORT pasta de ají panca frasco 205 g"],"general_information":[],"ingredients":[],"ean":"8437002786441"},{"full_name":"AMERICA IMPORT panela redonda dulce de caña de azúcar envase 454 g","name":"panela redonda dulce de caña de azúcar envase 454 g","brand":"AMERICA IMPORT ","img":"https://sgfm.elcorteingles.es/SGFM/dctm/MEDIA02/CONTENIDOS/201410/01/00118010200634____1__600x600.jpg","price":"1,48 €","price_unit":"(3,26 € / Kilo)","categories":["Supermercado","Alimentación General","Comida Internacional","Comida latina","AMERICA IMPORT panela redonda dulce de caña de azúcar envase 454 g"],"general_information":[],"ingredients":[],"ean":"8437002786489"},{"full_name":"POSTOBON refresco latino sabor uva botella 2 l","name":"refresco latino sabor uva botella 2 l","brand":"POSTOBON ","img":"https://sgfm.elcorteingles.es/SGFM/dctm/MEDIA02/CONTENIDOS/201411/03/00118651200307____1__600x600.jpg","price":"2,38 €","categories":["Supermercado","Alimentación General","Comida Internacional","Comida latina","POSTOBON refresco latino sabor uva botella 2 l"],"general_information":["Denominación del alimento: Bebida refrescante aromatiza","País de origen: Colombia","Nombre del operador: Productos Goya Nativo S.L.","Dirección del operador: Avda. de la Constitución, 115 Pol. Industrial Monte Boyal 45950 Casarrubios del Monte (Toledo) España","Cantidad Neta: 2 Litros","Otras menciones obligatorias en la etiqueta: Contiene carmoisina que puede tener efectos negativos sobre la actividad y la atención de los niños."],"ingredients":[" Agua carbonatada , azúcar , acidulante e-330 , aroma , conservante e-211 , conservante e-202 , colorante e-122 , colorante e-133"],"conservation":" Ambiente seco y fresco.","ean":"7702090003918"},{"full_name":"NATURANDINA AMERICA refresco latino sabor manzana botella 2 l","name":"refresco latino sabor manzana botella 2 l","brand":"NATURANDINA AMERICA ","img":"https://sgfm.elcorteingles.es/SGFM/00/21/6/0118651200216/0118651200216000g01011.jpg","price":"1,91 €","price_unit":"(0,96 € / Litro)","categories":["Supermercado","Alimentación General","Comida Internacional","Comida latina","NATURANDINA AMERICA refresco latino sabor manzana botella 2 l"],"general_information":[],"ingredients":[],"ean":"8437002786076"},{"full_name":"NATURANDINA AMERICA refresco latino sabor tropical botella 2 l","name":"refresco latino sabor tropical botella 2 l","brand":"NATURANDINA AMERICA ","img":"https://sgfm.elcorteingles.es/SGFM/00/22/4/0118651200224/0118651200224000g01011.jpg","price":"1,91 €","price_unit":"(0,96 € / Litro)","categories":["Supermercado","Alimentación General","Comida Internacional","Comida latina","NATURANDINA AMERICA refresco latino sabor tropical botella 2 l"],"general_information":[],"ingredients":[],"ean":"8437002786045"},{"full_name":"LA COLOMBIANA bebida refrescante botella 2 l","name":"bebida refrescante botella 2 l","brand":"LA COLOMBIANA ","img":"https://sgfm.elcorteingles.es/SGFM/dctm/MEDIA02/CONTENIDOS/201411/03/00118651200299____1__600x600.jpg","price":"2,38 €","categories":["Supermercado","Alimentación General","Comida Internacional","Comida latina","LA COLOMBIANA bebida refrescante botella 2 l"],"general_information":["Denominación del alimento: Bebida refrescante aromatiza","País de origen: Colombia","Nombre del operador: Productos Goya Nativo S.L.","Dirección del operador: Avda. de la Constitución, 115 Pol. Industrial Monte Boyal 45950 Casarrubios del Monte (Toledo) España","Cantidad Neta: 2 Litros","Otras menciones obligatorias en la etiqueta: Contiene colorante tartrazina e-102, colorante rojo allura ac que pueden tener efectos negativos sobre la actividad y atención de los niños"],"ingredients":[" Agua carbonatada, azúcar, acidulante e-330 , aroma , conservante e-211 , conservante e-202 , aditivo e-999 , colorante e-129 , colorante e-102 , colorante e-133"],"conservation":" Ambiente seco y fresco.","ean":"7702090003963"},{"full_name":"INCA KOLA cristal refresco peruano botella 2 l","name":"cristal refresco peruano botella 2 l","brand":"INCA KOLA ","img":"https://sgfm.elcorteingles.es/SGFM/00/01/8/0118651200018/0118651200018000g01011.jpg","price":"1,68 €","price_unit":"(0,03 € / Litro)","categories":["Supermercado","Alimentación General","Comida Internacional","Comida latina","INCA KOLA cristal refresco peruano botella 2 l"],"general_information":["Denominación del alimento: BEBIDA REFRESCANTE AROMATIZADA CON AZÚCAR Y EDULCORANTES 2L","País de origen: España","Nombre del operador: Sanmy S.A.","Dirección del operador: Carretera de Castellar del Vallés nº 586 - 08227 Terrassa (Barcelona)","Cantidad Neta: 2 Litros","Otras menciones obligatorias en la etiqueta: Puede tener efectos negativos sobre la actividad y la atención de los niños"],"ingredients":[" Agua carbonatada, azúcar, acidulante: ácida cítrico, aroma, edulcorantes (E-952, E954), Conservante(E-211), colorante(E-102)."],"conservation":" Conservar en lugar fresco, protegido de la luz solar y en ausencia de olores agresivos","ean":"8437002786014"},{"full_name":"EL SABOR DE CASA maíz mote bolsa 500 g","name":"maíz mote bolsa 500 g","brand":"EL SABOR DE CASA ","img":"https://sgfm.elcorteingles.es/SGFM/00/51/9/0118010200519/0118010200519000g01011.jpg","price":"3,24 €","price_unit":"(6,48 € / Kilo)","categories":["Supermercado","Alimentación General","Comida Internacional","Comida latina","EL SABOR DE CASA maíz mote bolsa 500 g"],"general_information":[],"ingredients":[],"ean":"8426967070276"},{"full_name":"AMERICA IMPORT pasta de culantro frasco 205 g","name":"pasta de culantro frasco 205 g","brand":"AMERICA IMPORT ","img":"https://sgfm.elcorteingles.es/SGFM/00/35/9/0200110200359/0200110200359000g01011.jpg","price":"1,93 €","price_unit":"(9,41 € / Kilo)","categories":["Supermercado","Alimentación General","Comida Internacional","Comida latina","AMERICA IMPORT pasta de culantro frasco 205 g"],"general_information":[],"ingredients":[],"ean":"8437002786403"},{"full_name":"ALFEZ aderezo tahini estilo libanés frasco 200 g","name":"aderezo tahini estilo libanés frasco 200 g","brand":"ALFEZ ","img":"https://sgfm.elcorteingles.es/SGFM/00/42/2/0200150400422/0200150400422000g01011.jpg","price":"4,13 €","price_unit":"(20,65 € / Kilo)","categories":["Supermercado","Alimentación General","Comida Internacional","Comida árabe","ALFEZ aderezo tahini estilo libanés frasco 200 g"],"general_information":["Denominación del alimento: Tahini","País de origen: Reino Unido","Nombre del operador: Ofistrade S.A.","Dirección del operador: C/Buenos Aires 38-40, entlo. C - 08036 Barcelona","Lugar de procedencia del alimento: Inglaterra","Cantidad Neta: 200,0 g"],"ingredients":[" Agua, tahini (semillas de sésamo peladas) (31%), zumo de limón concentrado, sal, almidón de maiz modificado y regulador de la acidez: ácido cítrico."],"conservation":" Consérvese en lugar fresco y seco.","ean":"5034444112512"},{"full_name":"ALFEZ falalfel estilo libanés caja 150 g","name":"falalfel estilo libanés caja 150 g","brand":"ALFEZ ","img":"https://sgfm.elcorteingles.es/SGFM/00/38/0/0200150400380/0200150400380000g01011.jpg","price":"2,92 €","price_unit":"(19,47 € / Kilo)","categories":["Supermercado","Alimentación General","Comida Internacional","Comida árabe","ALFEZ falalfel estilo libanés caja 150 g"],"general_information":["Denominación del alimento: Falafel","País de origen: Reino Unido","Nombre del operador: Ofistrade S.A.","Dirección del operador: C/Buenos Aires 38-40, entlo. C - 08036 Barcelona","Lugar de procedencia del alimento: Inglaterra","Cantidad Neta: 150 g"],"ingredients":[" Harina de garbanzos (54%), pan rallado, aderezo (bicarbonato de sodio, harina de trigo, comino, galleta (trigo), ajo en polvo, sal, perejil, extracto de levadura en polvo, dextrosa, cilantro, curcuma, fenogreco, mostaza, comino, pimenta, sal, jengibre, cardamomo, extracto de especias), cebolla (13%) y perejil."],"conservation":" Consérvese en lugar fresco y seco.","ean":"5034444113106"},{"full_name":"ALFEZ taboulé caja 150 g","name":"taboulé caja 150 g","brand":"ALFEZ ","img":"https://sgfm.elcorteingles.es/SGFM/00/41/4/0200150400414/0200150400414000g01011.jpg","price":"3,02 €","price_unit":"(20,13 € / Kilo)","categories":["Supermercado","Alimentación General","Comida Internacional","Comida árabe","ALFEZ taboulé caja 150 g"],"general_information":["Denominación del alimento: Taboulé","País de origen: Reino Unido","Nombre del operador: Ofistrade S.A.","Dirección del operador: C/Buenos Aires 38-40, entlo. C - 08036 Barcelona","Lugar de procedencia del alimento: Inglaterra","Cantidad Neta: 150,0 g"],"ingredients":[" Harina de bulgur (86%), condimento (dextrosa, maltodextrina (de maiz), azúcar, ácido cítrico, sal, harina de arroz, zumo de limón en polvo, cebolla en polvo, menta, aromatizantes, extracto de levadura en polvo), perejil (3%), cebolla y menta."],"conservation":" Consérvese en lugar fresco y seco.","ean":"5034444113205"},{"full_name":"RABIH Burgol marrón fino envase 907 g","name":"Burgol marrón fino envase 907 g","brand":"RABIH ","img":"https://sgfm.elcorteingles.es/SGFM/00/73/7/0200150400737/0200150400737000g01011.jpg","price":"4,85 €","price_unit":"(5,35 € / Kilo)","categories":["Supermercado","Alimentación General","Comida Internacional","Comida árabe","RABIH Burgol marrón fino envase 907 g"],"general_information":[],"ingredients":[],"ean":"5281003913015"},{"full_name":"RABIH Burgol marrón grueso envase 907 g","name":"Burgol marrón grueso envase 907 g","brand":"RABIH ","img":"https://sgfm.elcorteingles.es/SGFM/00/74/5/0200150400745/0200150400745000g01011.jpg","price":"5,35 €","price_unit":"(5,90 € / Kilo)","categories":["Supermercado","Alimentación General","Comida Internacional","Comida árabe","RABIH Burgol marrón grueso envase 907 g"],"general_information":[],"ingredients":[],"ean":"5281003913046"},{"full_name":"RABIH Burgol blanco fino envase 907 g","name":"Burgol blanco fino envase 907 g","brand":"RABIH ","img":"https://sgfm.elcorteingles.es/SGFM/00/75/2/0200150400752/0200150400752000g01011.jpg","price":"4,79 €","price_unit":"(5,28 € / Kilo)","categories":["Supermercado","Alimentación General","Comida Internacional","Comida árabe","RABIH Burgol blanco fino envase 907 g"],"general_information":[],"ingredients":[],"ean":"5281003913022"},{"full_name":"RABIH Burgol blanco grueso envase 907 g","name":"Burgol blanco grueso envase 907 g","brand":"RABIH ","img":"https://sgfm.elcorteingles.es/SGFM/00/76/0/0200150400760/0200150400760000g01011.jpg","price":"7,15 €","price_unit":"(7,88 € / Kilo)","categories":["Supermercado","Alimentación General","Comida Internacional","Comida árabe","RABIH Burgol blanco grueso envase 907 g"],"general_information":[],"ingredients":[],"ean":"5281003913039"},{"full_name":"RABIH agua de azahar botella 27 cl","name":"agua de azahar botella 27 cl","brand":"RABIH ","img":"https://sgfm.elcorteingles.es/SGFM/00/62/0/0200150400620/0200150400620000g01011.jpg","price":"5,05 €","price_unit":"(18,70 € / Litro)","categories":["Supermercado","Alimentación General","Comida Internacional","Comida árabe","RABIH agua de azahar botella 27 cl"],"general_information":[],"ingredients":[],"ean":"5281003557707"},{"full_name":"SADIK bulgur para taboule envase 150 g","name":"bulgur para taboule envase 150 g","brand":"SADIK ","img":"https://sgfm.elcorteingles.es/SGFM/dctm/MEDIA03/201707/28/00118089700050____6__600x600.jpg","price":"2,69 €","price_unit":"(17,93 € / Kilo)","categories":["Supermercado","Alimentación General","Comida Internacional","Comida árabe","SADIK bulgur para taboule envase 150 g"],"general_information":[],"ingredients":[],"ean":"8436042309757"},{"full_name":"MARROUCHE falafel libanés estuche 100 g","name":"falafel libanés estuche 100 g","brand":"MARROUCHE ","img":"https://sgfm.elcorteingles.es/SGFM/dctm/MEDIA03/201707/20/00118089700068____1__600x600.jpg","price":"2,45 €","price_unit":"(24,50 € / Kilo)","categories":["Supermercado","Alimentación General","Comida Internacional","Comida árabe","MARROUCHE falafel libanés estuche 100 g"],"general_information":[],"ingredients":[],"ean":"0705105657349"}]