[{"full_name":"SANTIVERI Laxaloe ayuda a la regularidad del tránsito intestinal envase 60 cápsulas","name":"Laxaloe ayuda a la regularidad del tránsito intestinal envase 60 cápsulas","brand":"SANTIVERI ","img":"https://sgfm.elcorteingles.es/SGFM/dctm/MEDIA02/CONTENIDOS/201408/13/00120748702485____1__600x600.jpg","price":"7,05 €","price_unit":"(32,05 € / 100 gr.)","categories":["Supermercado","Dietéticos","Complementos nutricionales","Digestivo","SANTIVERI Laxaloe ayuda a la regularidad del tránsito intestinal envase 60 cápsulas"],"general_information":["Denominación del alimento: LAXALOE cápsulas. COMPLEMENTO ALIME","Nombre del operador: CASA SANTIVERI S.L.","Dirección del operador: ENCUNY 8, 08038 BARCELONA","Cantidad Neta: 22 g"],"ingredients":[" aloe (54%), gelatina vegetal, hinojo (18,9%)"],"ean":"8412170031715"},{"full_name":"SANTIVERI Drenaxir jarabe concentrado de frutas y extractos de plantas envase 240 cc","name":"Drenaxir jarabe concentrado de frutas y extractos de plantas envase 240 cc","brand":"SANTIVERI ","img":"https://sgfm.elcorteingles.es/SGFM/dctm/MEDIA02/CONTENIDOS/201408/13/00120735000448____1__600x600.jpg","price":"14,25 €","price_unit":"(59,38 € / Litro)","categories":["Supermercado","Dietéticos","Complementos nutricionales","Digestivo","SANTIVERI Drenaxir jarabe concentrado de frutas y extractos de plantas envase 240 cc"],"general_information":["Denominación del alimento: DRENAXIR - COMPLEMENTO ALIMENTICIO","Nombre del operador: CASA SANTIVERI S.L.","Dirección del operador: ENCUNY 8, 08038 BARCELONA","Cantidad Neta: 240 Centímetro cúbico"],"ingredients":[" zumo concentrado de frutas (62,8%), manzana, uva, pomelo, cereza, jarabe de manzana (17,2%), sirope de savia de arce (10%), extracto de plantas (10%), boldo, alcachofera, diente de león, zarzaparrilla, saúco, ortiga verde, cola de caballo, abedul, bardana"],"ean":"8412170021624"},{"full_name":"LUNA DE MIEL jalea real pura ecológica bote 18 g","name":"jalea real pura ecológica bote 18 g","brand":"LUNA DE MIEL ","img":"https://sgfm.elcorteingles.es/SGFM/dctm/MEDIA03/201703/29/00120640202105____1__600x600.jpg","price":"13,80 €","price_unit":"(766,67 € / Kilo)","categories":["Supermercado","Dietéticos","Complementos nutricionales","Jaleas y polen","LUNA DE MIEL jalea real pura ecológica bote 18 g"],"general_information":["Denominación del alimento: Jalea Real Pura","Nombre del operador: Tierra y oro, S.A.","Dirección del operador: C/Puerto de los leones, . 1 Majadahonda - 28220 - Madrid","Cantidad Neta: 18 g"],"ingredients":[" 100% jalea real"],"conservation":" Después de abrir, conservar cerrado en la nevera.","ean":"8428919183256"},{"full_name":"COMVITA miel de Manuka de Nueva Zelanda UMF 15+ única por su sabor y propiedades saludables tarro 250 g","name":"miel de Manuka de Nueva Zelanda UMF 15+ única por su sabor y propiedades saludables tarro 250 g","brand":"COMVITA ","img":"https://sgfm.elcorteingles.es/SGFM/dctm/MEDIA03/201711/17/00120733000218____1__600x600.jpg","price":"72,95 €","price_unit":"(291,80 € / Kilo)","categories":["Supermercado","Dietéticos","Complementos nutricionales","Defensas","COMVITA miel de Manuka de Nueva Zelanda UMF 15+ única por su sabor y propiedades saludables tarro 250 g"],"general_information":["Denominación del alimento: Miel de manuka","Nombre del operador: COMVITA","Dirección del operador: BOX 220, 5 HIGH STREET SL6 1JN (REINO UNIDO)","Cantidad Neta: 250 g"],"ingredients":[" miel de manuka UMF 15+."],"conservation":" Almacenar a temperatura inferior a 25°C","ean":"9400501005558"},{"full_name":"BIOTONA jugo de coco en polvo 100% ecológico envase 200 g","name":"jugo de coco en polvo 100% ecológico envase 200 g","brand":"BIOTONA ","img":"https://sgfm.elcorteingles.es/SGFM/dctm/MEDIA02/CONTENIDOS/201507/06/00120748703574____1__600x600.jpg","price":"25,95 €","price_unit":"(12,98 € / 100 gr.)","categories":["Supermercado","Dietéticos","Complementos nutricionales","Superalimentos","BIOTONA jugo de coco en polvo 100% ecológico envase 200 g"],"general_information":["Denominación del alimento: Biotona Bio Jugo de Coco Raw","País de origen: Bélgica","Nombre del operador: Keypharm n.v.","Dirección del operador: Siemenslaan, 11. B-8020. Oostkamp.","Cantidad Neta: 200 g","Otras menciones obligatorias en la etiqueta: No contiene gluten. No contiene colesterol. Sin aditivos, ni colorantes, ni conservantes, ni aromas, ni agentes de carga, ni OMG. Exentos de ingredientes de origen animal"],"ingredients":[" Polvo de jugo de coco (Ccocos nucifera)"],"conservation":" Conservar en lugar fresco y seco. No sacar el producto del envase.","ean":"5412360009763"},{"full_name":"HIJAS DEL SOL Serie Oro Relax miel funcional de azahar con passiflora bote 250 g","name":"Serie Oro Relax miel funcional de azahar con passiflora bote 250 g","brand":"HIJAS DEL SOL ","img":"https://sgfm.elcorteingles.es/SGFM/00/23/4/0120733000234/0120733000234000g01011.jpg","price":"4,85 €","price_unit":"(19,40 € / Kilo)","categories":["Supermercado","Dietéticos","Desayunos, dulces y pan","Mermeladas, confituras y miel","HIJAS DEL SOL Serie Oro Relax miel funcional de azahar con passiflora bote 250 g"],"general_information":[],"ingredients":[],"ean":"8412016361617"},{"full_name":"SANTIVERI jugo concentrado de arándano rojo envase 490 cc","name":"jugo concentrado de arándano rojo envase 490 cc","brand":"SANTIVERI ","img":"https://sgfm.elcorteingles.es/SGFM/dctm/MEDIA03/201706/05/00120767500570____1__600x600.jpg","price":"14,50 €","price_unit":"(29,59 € / Litro)","categories":["Supermercado","Dietéticos","Complementos nutricionales","Antioxidantes depurativos y detox","SANTIVERI jugo concentrado de arándano rojo envase 490 cc"],"general_information":["Denominación del alimento: ARANDANO ROJO CONCENTRADO. COMPLEME","Nombre del operador: CASA SANTIVERI S.L.","Dirección del operador: ENCUNY 8, 08038 BARCELONA","Cantidad Neta: 490 Centímetro cúbico"],"ingredients":[" agua, zumo concentrado de manzana, miel, zumo concentrado de arándano rojo-cranberry (8%), aroma"],"ean":"8412170023147"},{"full_name":"SANTIVERI jugo concentrado de granada envase 490 cc","name":"jugo concentrado de granada envase 490 cc","brand":"SANTIVERI ","img":"https://sgfm.elcorteingles.es/SGFM/dctm/MEDIA02/CONTENIDOS/201408/13/00120739301743____1__600x600.jpg","price":"16,35 €","price_unit":"(3,34 € / 100 gr.)","categories":["Supermercado","Dietéticos","Complementos nutricionales","Antioxidantes depurativos y detox","SANTIVERI jugo concentrado de granada envase 490 cc"],"general_information":["Denominación del alimento: COMPLEMENTO ALIMENTICIO A BASE DE J","Nombre del operador: CASA SANTIVERI S.L.","Dirección del operador: ENCUNY 8, 08038 BARCELONA","Cantidad Neta: 490 Centímetro cúbico"],"ingredients":[" zumo concentrado de granada (60%), zumo concentrado de manzana, concentrado de zanahoria morada, zumo concentrado de grosella negra, ácido ascórbico (antioxidante), ácido cítrico (acidulante)"],"ean":"8412170026308"},{"full_name":"SANTIVERI Ocularina antioxidante cuida la visión envase 60 cápsulas","name":"Ocularina antioxidante cuida la visión envase 60 cápsulas","brand":"SANTIVERI ","img":"https://sgfm.elcorteingles.es/SGFM/dctm/MEDIA02/CONTENIDOS/201408/13/00120748702428____1__600x600.jpg","price":"16,05 €","price_unit":"(517,74 € / Kilo)","categories":["Supermercado","Dietéticos","Complementos nutricionales","Antioxidantes depurativos y detox","SANTIVERI Ocularina antioxidante cuida la visión envase 60 cápsulas"],"general_information":["Denominación del alimento: Complemento alimenticio a base de z","Nombre del operador: CASA SANTIVERI S.L.","Dirección del operador: ENCUNY 8, 08038 BARCELONA","Cantidad Neta: 31 g"],"ingredients":[" zanahoria en polvo, celulosa microcristalina (agente de carga), gelatina vegetal, luteína (,94%), vitamina e (d-alfatocoferol), extracto de arándano o mirtilo, lactato de zinc, estearato de magnesio (antiaglomerante), óxido de silicio (antiaglomerante), carotenoide, vitamina a (acetato de retinilo), seleniometionina"],"ean":"8412170031760"},{"full_name":"SANTIVERI arándano rojo en càpsulas envase 18 g","name":"arándano rojo en càpsulas envase 18 g","brand":"SANTIVERI ","img":"https://sgfm.elcorteingles.es/SGFM/dctm/MEDIA02/CONTENIDOS/201411/06/00120719200170____1__600x600.jpg","price":"16,75 €","price_unit":"(930,56 € / Kilo)","categories":["Supermercado","Dietéticos","Complementos nutricionales","Antioxidantes depurativos y detox","SANTIVERI arándano rojo en càpsulas envase 18 g"],"general_information":["Denominación del alimento: ARANDANO ROJO cápsulas. COMPLEMENTO","Nombre del operador: CASA SANTIVERI S.L.","Dirección del operador: ENCUNY 8, 08038 BARCELONA","Cantidad Neta: 18 g"],"ingredients":[" acerola en polvo (31,1%), arándano rojo-cranberry, bayas de goji (25%), gelatina vegetal, jugo concentrado de equinácea purpúrea (11,1%), celulosa microcristalina (agente de carga), maltodextrina, óxido de silicio (antiaglomerante), estearato de magnesio (antiaglomerante), hidróxido de magnesio"],"ean":"8412170032811"},{"full_name":"INTEGRALIA Super Complemento Plus energía antioxidante inmuno y depurativo ecológico bote 74 g","name":"Super Complemento Plus energía antioxidante inmuno y depurativo ecológico bote 74 g","brand":"INTEGRALIA ","img":"https://sgfm.elcorteingles.es/SGFM/dctm/MEDIA03/201606/28/00120737407112____1__600x600.jpg","price":"20,75 €","categories":["Supermercado","Dietéticos","Complementos nutricionales","Antioxidantes depurativos y detox","INTEGRALIA Super Complemento Plus energía antioxidante inmuno y depurativo ecológico bote 74 g"],"general_information":["Denominación del alimento: Complemento alimenticio","Nombre del operador: General Dietetica S.L.","Dirección del operador: C/ Encuny, 2 08038 Barcelona (España).","Cantidad Neta: 74 g","Otras menciones obligatorias en la etiqueta: No superar la dosis recomendada. Los complementos alimenticios no sustituyen una dieta variada, equilibrada y un estilo de vida saludable. Mantener fuera del alcance de los niños más pequeños. Producto ecológico"],"ingredients":[" Maca andina (Lepidium meyenii Walp., Ralz), cubierta (hipromelosa), Exto. cardo mariano (silybum marianum L., semilla), exto. té verde (camellia sinenis L., Hoja), xxto. Equinácea  (echinacea purpurea moench, raíz), exto. Amla' (Emblica officinalis Gaertn, fruto) agente de carga (Maltodextrina'), antiaglomeranle (Dióxido de silicio)."],"conservation":" Conservar en lugar fresco, seco y al amparo de la luz.","ean":"8436000544831"},{"full_name":"INTEGRALIA Matcha Secret complemento alimenticio ecológico que ayuda a depurar el organismo estuche 60 cápsulas","name":"Matcha Secret complemento alimenticio ecológico que ayuda a depurar el organismo estuche 60 cápsulas","brand":"INTEGRALIA ","img":"https://sgfm.elcorteingles.es/SGFM/dctm/MEDIA03/201707/17/00120719200352____1__600x600.jpg","price":"13,59 €","categories":["Supermercado","Dietéticos","Complementos nutricionales","Antioxidantes depurativos y detox","INTEGRALIA Matcha Secret complemento alimenticio ecológico que ayuda a depurar el organismo estuche 60 cápsulas"],"general_information":[],"ingredients":[],"ean":"8436000545012"},{"full_name":"INTEGRALIA Matcha Secret Slim complemento alimenticio ecológico que ayuda a depurar el organismo estuche 60 cápsulas","name":"Matcha Secret Slim complemento alimenticio ecológico que ayuda a depurar el organismo estuche 60 cápsulas","brand":"INTEGRALIA ","img":"https://sgfm.elcorteingles.es/SGFM/dctm/MEDIA03/201707/17/00120744501725____1__600x600.jpg","price":"15,50 €","categories":["Supermercado","Dietéticos","Complementos nutricionales","Antioxidantes depurativos y detox","INTEGRALIA Matcha Secret Slim complemento alimenticio ecológico que ayuda a depurar el organismo estuche 60 cápsulas"],"general_information":[],"ingredients":[],"ean":"8436000545029"},{"full_name":"NATURGREEN Vita Superlife concentrado natural de brócoli ecológico 120 cápsulas bote 229 g","name":"Vita Superlife concentrado natural de brócoli ecológico 120 cápsulas bote 229 g","brand":"NATURGREEN ","img":"https://sgfm.elcorteingles.es/SGFM/dctm/MEDIA03/201602/09/00120737407054____1__600x600.jpg","price":"13,99 €","categories":["Supermercado","Dietéticos","Complementos nutricionales","Antioxidantes depurativos y detox","NATURGREEN Vita Superlife concentrado natural de brócoli ecológico 120 cápsulas bote 229 g"],"general_information":["Denominación del alimento: Brócoli cápsulas Bio","Nombre del operador: Laboratorios Almond SL","Dirección del operador: Avda. Cabecicos Blancos, Parcela 18 2.B. Parque empresarial Cabecicos Blancos 30892 - Librilla, Murcia (Spain)","Cantidad Neta: 65 g","Otras menciones obligatorias en la etiqueta: Ingredientes procedentes de la agricultura ecológica"],"ingredients":[" Ingredientes por dosis diaria recomendada:Concentrado natural de brócoli en polvo (Brassica oleracea italica) (2700 mg). Composición de la cubierta de la cápsula: Hidroxipropilmetilcelulosa"],"conservation":" Almacenar en lugar fresco y seco, preferentemente protegido de la luz","ean":"8436542192125"},{"full_name":"BICENTURY Detox brócoli manzana limón y espinacas elimina toxinas y líquidos estuche 7 sobres","name":"Detox brócoli manzana limón y espinacas elimina toxinas y líquidos estuche 7 sobres","brand":"BICENTURY ","img":"https://sgfm.elcorteingles.es/SGFM/dctm/MEDIA02/CONTENIDOS/201601/20/00120744200617____1__600x600.jpg","price":"6,45 €","categories":["Supermercado","Dietéticos","Complementos nutricionales","Antioxidantes depurativos y detox","BICENTURY Detox brócoli manzana limón y espinacas elimina toxinas y líquidos estuche 7 sobres"],"general_information":["Denominación del alimento: Complemento alimenticio a base de frutas, hortalizas y extractos vegetales. Con manzana.","País de origen: España","Nombre del operador: Biocentury S.L.U.","Dirección del operador: Ctra. N-II km 714. 17242 QUART-GIRONA","Cantidad Neta: 84 g","Otras menciones obligatorias en la etiqueta: Se recomienda beber 2 L de agua al día. Es importante seguir una dieta variada y equilibrada y un estilo de vida saludable. Se recomienda tomar 1 sobre al día No se debe superar la dosis diaria recomendada. Los complementos alimenticios no deben utilizarse como sustituto de una dieta equilibrada. Mantener fuera del alcance de los niños."],"ingredients":[" Frutas en proporción variable (37%) (uva deshidratada (maltodextrina, zumo concentrado de uva blanca), manzana deshidratada (zumo concentrado de manzana, maltodextrina, aroma), limón deshidratado (zumo de limón, maltodextrina)), fibra de acacia, fructosa, aromas, hortalizas en proporción variable (3,2%) (espinacas deshidratadas (zumo concentrado de espinacas, maltodextrina), brócoli deshidratado (zumo concentrado de brócoli, maltodextrina), extracto de moringa (Moringa oleifera)), espesante: goma xantana,   colorante: complejos cúpricos de clorofilinas, extracto de cúrcuma (Curcuma longa), extracto de diente de león (Taraxacum officinalis). Puede contener trazas de leche y sus derivados"],"conservation":" Conservar en un lugar fresco y seco, protegido de la luz.","ean":"8423207208468"},{"full_name":"BICENTURY Detox frambuesa fresa uva y remolacha elimina toxinas y líquidos con efecto antioxidante estuche 7 sobres","name":"Detox frambuesa fresa uva y remolacha elimina toxinas y líquidos con efecto antioxidante estuche 7 sobres","brand":"BICENTURY ","img":"https://sgfm.elcorteingles.es/SGFM/dctm/MEDIA02/CONTENIDOS/201601/20/00120744200625____1__600x600.jpg","price":"6,45 €","categories":["Supermercado","Dietéticos","Complementos nutricionales","Antioxidantes depurativos y detox","BICENTURY Detox frambuesa fresa uva y remolacha elimina toxinas y líquidos con efecto antioxidante estuche 7 sobres"],"general_information":["Denominación del alimento: Complemento alimenticio a base de selenio, frutas, hortalizas y extractos vegetales. Con frutos rojos.","País de origen: España","Nombre del operador: Biocentury S.L.U.","Dirección del operador: Ctra. N-II km 714. 17242 QUART-GIRONA","Cantidad Neta: 84 g","Otras menciones obligatorias en la etiqueta: Se recomienda beber 2 L de agua al día. Es importante seguir una dieta variada y equilibrada y un estilo de vida saludable. Se recomienda tomar 1 sobre al día. No se debe superar la dosi diaria recomendada. Los complementos alimenticios no deben utilizarse como sustituto de una dieta. Mantener fuera del alcance de los niños."],"ingredients":[" Frutas en proporción variable (37%) (uva deshidratada (maltodextrina, zumo concentrado de uva blanca), fresa deshidratada (fresa, maltodextrina), frambuesa deshidratada (frambuesa, maltodextrina)), fibra de acacia, fructosa, hortalizas en proporción variable (9%) (remolacha deshidratada (zumo concentrado de remolacha, maltodextrina), extracto de moringa (Moringa oleifera)), aromas, espesante: goma xantana, extracto de cúrcuma (1%) (Curcuma longa), selenito sódico.  Puede contener trazas de leche y sus derivados"],"conservation":" Conservar en un lugar fresco y seco, protegido de la luz.","ean":"8423207208475"},{"full_name":"CORPORE BEAUTY Coenzima Q10 energía celular para el organismo 60  perlas bote 36 g","name":"Coenzima Q10 energía celular para el organismo 60  perlas bote 36 g","brand":"CORPORE BEAUTY ","img":"https://sgfm.elcorteingles.es/SGFM/dctm/MEDIA02/CONTENIDOS/201503/24/00200348703406____1__600x600.jpg","price":"15,09 €","price_unit":"(419,17 € / Kilo)","categories":["Supermercado","Dietéticos","Complementos nutricionales","Antioxidantes depurativos y detox","CORPORE BEAUTY Coenzima Q10 energía celular para el organismo 60  perlas bote 36 g"],"general_information":["Denominación del alimento: Complemento alimenticio","Nombre del operador: WorldNut Nutricosmética Natural S.L.U.","Dirección del operador: C/ Grècia nº 3 (Pol. Ind. Recinte Firal) 17600 - Figueres (Girona)","Lugar de procedencia del alimento: Producido en la UE.","Cantidad Neta: 36.75 g","Número de raciones por envase: 60","Otras menciones obligatorias en la etiqueta: Los complementos alimenticios no deben utilizarse como sustitutos de una dieta variada y equilibrada ni de un modo de vida sano. No superar la dosis diaria expresamente recomendada. Mantener fuera del alcance de los niños. En caso de embarazo consulte con su médico antes de iniciar la toma del producto."],"ingredients":[" Por cápsula: Aceite de Girasol (355 mg), Coenzima Q10 (30 mg), Vitaheesee Esf Plus Gustav Hess (0.078 mg), Glicerilmonoestearato (30 mg), Lecitina de soja Verolec 56 non gmo ip (5 mg). Envolvente: Gelatina (144.5 mg), Glicerina (47.04 mg), Óxido de hierro rojo (0.67 mg). Contiene: soja. *Vitaheess es una mezcla de antioxidantes compuesta por extracto rico en tocoferoles naturales (E-306), palmitato de ascorbilo (E-304i) y galato de propilo (E-310)."],"conservation":" Conservar en un lugar fresco y seco, protegido de la luz solar directa.","ean":"8437012193321"},{"full_name":"PRISMA NATURAL Adipo-Block Depur ayuda a depurar el organismo con stevia envase 500 ml","name":"Adipo-Block Depur ayuda a depurar el organismo con stevia envase 500 ml","brand":"PRISMA NATURAL ","img":"https://sgfm.elcorteingles.es/SGFM/dctm/MEDIA03/201702/03/00120737407666____1__600x600.jpg","price":"18,59 €","price_unit":"(37,18 € / Litro)","categories":["Supermercado","Dietéticos","Complementos nutricionales","Antioxidantes depurativos y detox","PRISMA NATURAL Adipo-Block Depur ayuda a depurar el organismo con stevia envase 500 ml"],"general_information":["Denominación del alimento: Suplemento alimentario","Nombre del operador: Nueva Dietética S.L.","Dirección del operador: P.I. Espaldillas. C/Espaldillas Diez 26-28,  41500 Alcalá de Guadaira, Sevilla.","Cantidad Neta: 500 Mililitros","Otras menciones obligatorias en la etiqueta: Contiene edulcorante"],"ingredients":[" Fructosa, Glicerina vegetal, Arándano (Vaccinium macrocarpon) bayas zumo concentrado (reforzador del sabor), Grosellero (Ribes nigrum) zumo concentrado frutos (1,5% flavonoides) , Mango africano (Mangifera indica J. König ex L.) semillas (80% polifenoles), Vitamina C ( ácido L-ascorbico), Tomillo (Thymus vulgaris) hojas y flores extracto seco (2% aceites esenciales), Abedul (Betula alba) hojas extracto seco (3,5% flavonoides), Vitamina E (acetato de alfa tocoferol, 50%), Escaramujo (Rosa canina) extracto seco frutos 50% vitamina C, Sabal serrulata extracto seco frutos (45% ácidos grasos), Opuntia ficus-indica extracto seco (35% fibras dietéticas) hojas del cactus desecadas, Maca (Lepidium meyenii) sumidades aéreas 0,01 % bencilglucosinolato, Zarzaparrilla (Smilax regelii) raíz extracto seco 5 % saponinas, Cola de caballo (Equisetum arvense) tallos extracto seco 1% sílice, Vara de oro (Solidago virgaurea L. ) partes aéreas floridas 0,5 % flavonoides, Alcachofa (Cynara scolimus) extracto seco (hojas) (2,5% cinarina), Cardo mariano (Silibum marianum) extracto seco frutos (80% silimarina), Ortiga blanca (Lamiun albun) sumidades floridas extracto seco 1% flavonoides, Ortosifón (Ortosiphon stamineus) hojas extracto seco ( 2,5% potasio), Cúrcuma (Curcuma longa) rizoma extracto seco 25 % curcuminoides,Vitamina B6 (piridoxina clorhidrato), Perejil (Petroselium crispum (Mill.) Nyman ex A.W. Hill) planta entera extracto seco 3% aceites esenciales ),Vit B1 ( tiamina clorhidrato), Vit B2 (riboflavina), Aroma de frutos rojos, Ácido cítrico-regulador de acidez, Potasio sorbato conservante 0,25, 0,1 Benzoato sódico-conservante 0,25 0,1 Stevia rebaudiana 97 % steviosidos hojas extracto seco 0,05 0,02 Agua purificada."],"conservation":" Conservar en lugar fresco, seco y alejado de la luz. Conservar a temperatura no superior a 30°C.","ean":"8436048044041"},{"full_name":"PRISMA NATURAL Adipo-Block Depur ayuda a depurar el organismo con stevia envase 250 ml","name":"Adipo-Block Depur ayuda a depurar el organismo con stevia envase 250 ml","brand":"PRISMA NATURAL ","img":"https://sgfm.elcorteingles.es/SGFM/dctm/MEDIA03/201702/03/00120737407674____1__600x600.jpg","price":"11,49 €","price_unit":"(45,96 € / Litro)","categories":["Supermercado","Dietéticos","Complementos nutricionales","Antioxidantes depurativos y detox","PRISMA NATURAL Adipo-Block Depur ayuda a depurar el organismo con stevia envase 250 ml"],"general_information":["Denominación del alimento: Suplemento alimentario","Nombre del operador: Nueva Dietética S.L.","Dirección del operador: P.I. Espaldillas. C/Espaldillas Diez 26-28,  41500 Alcalá de Guadaira, Sevilla.","Cantidad Neta: 500 Mililitros","Otras menciones obligatorias en la etiqueta: Contiene edulcorante"],"ingredients":[" Fructosa, Glicerina vegetal, Arándano (Vaccinium macrocarpon) bayas zumo concentrado (reforzador del sabor), Grosellero (Ribes nigrum) zumo concentrado frutos (1,5% flavonoides) , Mango africano (Mangifera indica J. König ex L.) semillas (80% polifenoles), Vitamina C ( ácido L-ascorbico), Tomillo (Thymus vulgaris) hojas y flores extracto seco (2% aceites esenciales), Abedul (Betula alba) hojas extracto seco (3,5% flavonoides), Vitamina E (acetato de alfa tocoferol, 50%), Escaramujo (Rosa canina) extracto seco frutos 50% vitamina C, Sabal serrulata extracto seco frutos (45% ácidos grasos), Opuntia ficus-indica extracto Seco (35% fibras dietéticas) hojas del cactus desecadas,Maca (Lepidium meyenii) sumidades aéreas 0,01% bencilglucosinolato, Zarzaparrilla (Smilax regelii) raíz extracto seco 5 % saponinas, Cola de caballo (Equisetum arvense) tallos extracto seco 1% sílice, Vara de oro (Solidago virgaurea L. ) partes aéreas floridas 0,5% flavonoides, Alcachofa (Cynara scolimus) extracto seco (hojas) (2,5% cinarina), Cardo mariano (Silibum marianum) extracto seco frutos (80% silimarina), Ortiga blanca (Lamiun albun) sumidades floridas extracto seco 1% flavonoides, Ortosifón (Ortosiphon stamineus) hojas extracto seco ( 2,5% potasio), Cúrcuma (Curcuma longa) rizoma extracto seco 25% curcuminoides, Vitamina B6 (piridoxina clorhidrato), Perejil (Petroselium crispum (Mill.) Nyman ex A.W. Hill) planta entera extracto seco 3% aceites esenciales ), Vit B1 ( tiamina clorhidrato), Vit B2 (riboflavina), Aroma de frutos rojos, ácido cítrico- regulador de acidez, potasio sorbato conservante 0,25 0,1 Benzoato sódico-conservante 0,25 0,1 Stevia rebaudiana 97% steviosidos hojas extracto seco 0,05 0,02 Agua purificada."],"conservation":" Conservar en lugar fresco, seco y alejado de la luz. Conservar a temperatura no superior a 30°C.","ean":"8436048043709"},{"full_name":"PRISMA NATURAL Adipo-Block Detox sabor café con leche sin gluten 300 g","name":"Adipo-Block Detox sabor café con leche sin gluten  300 g","brand":"PRISMA NATURAL ","img":"https://sgfm.elcorteingles.es/SGFM/dctm/MEDIA03/201703/28/00120737407401____2__600x600.jpg","price":"28,40 €","price_unit":"(94,67 € / Kilo)","categories":["Supermercado","Dietéticos","Complementos nutricionales","Antioxidantes depurativos y detox","PRISMA NATURAL Adipo-Block Detox sabor café con leche sin gluten 300 g"],"general_information":["Denominación del alimento: Suplemento alimentario","Nombre del operador: Nueva Dietética S.L.","Dirección del operador: P.I. Espaldillas. C/Espaldillas Diez 26-28,  41500 Alcalá de Guadaira, Sevilla.","Cantidad Neta: 300 g","Otras menciones obligatorias en la etiqueta: Contiene edulcorante"],"ingredients":[" Proteína de leche concentrada, Proteína hidrolizada de colágeno, Cardo mariano (Silybum marianum ), Alcachofa (Cynara schollimus) 2,5%, Rabo de cereza extracto seco 4:1 (Prunus ceraseus ) rabos, Ulmaria (Spiraea ulmaria) 5:1 flores, Café verde (Coffea arabica) 45% acido clorogénico, Glicina, Café soluble, Aroma nata y café, Goma xantana (espesante), Goma guar (espesante ), Cloruro sódico (espesante ), Citrato de magnesio (espesante ), Sucralosa (edulcorante)."],"conservation":" Conservar en lugar fresco, seco y alejado de la luz. Conservar a temperatura no superior a 30°C.","ean":"8436048048544"},{"full_name":"NUTRISPORT DD6 Depur & Detox complemento depurativo y detoxificante bote 240 g","name":"DD6 Depur & Detox complemento depurativo y detoxificante bote 240 g","brand":"NUTRISPORT ","img":"https://sgfm.elcorteingles.es/SGFM/dctm/MEDIA03/201701/27/00120747100392____1__600x600.jpg","price":"22,95 €","price_unit":"(9,56 € / 100 gr.)","categories":["Supermercado","Dietéticos","Complementos nutricionales","Antioxidantes depurativos y detox","NUTRISPORT DD6 Depur & Detox complemento depurativo y detoxificante bote 240 g"],"general_information":[],"ingredients":[],"ean":"8424644003012"},{"full_name":"NATURTIERRA té verde 80 comprimidos envase 160 g","name":"té verde 80 comprimidos envase 160 g","brand":"NATURTIERRA ","img":"https://sgfm.elcorteingles.es/SGFM/dctm/MEDIA02/CONTENIDOS/201407/21/00120744501246____1__600x600.jpg","price":"4,19 €","price_unit":"(2,62 € / 100 gr.)","categories":["Supermercado","Dietéticos","Complementos nutricionales","Antioxidantes depurativos y detox","NATURTIERRA té verde 80 comprimidos envase 160 g"],"general_information":["Denominación del alimento: Complemento alimenticio elaborado a base de especies vegetales.","Nombre del operador: Ynsadiet S.A.","Dirección del operador: Isaac Peral, 3 ? Pol. Ind. Ntra. Sra. de Butarque. 28914 Leganés (Madrid).","Cantidad Neta: 32 g"],"ingredients":[" Antiaglomerantes (Fosfato cálcico, Celulosa,  Estearato magnésico, Óxido de Silicio), Almidón de maíz , Té Verde extracto seco (Camelia sinensis L, hojas) (50 mg)."],"conservation":" Ambiente seco y fresco.","ean":"8412016357832"},{"full_name":"NATURTIERRA arándano rojo americano antioxidante con vitamina C 30 comprimidos envase 48 g","name":"arándano rojo americano antioxidante con vitamina C 30 comprimidos envase 48 g","brand":"NATURTIERRA ","img":"https://sgfm.elcorteingles.es/SGFM/dctm/MEDIA02/CONTENIDOS/201411/07/00120748703244____1__600x600.jpg","price":"4,49 €","price_unit":"(9,35 € / 100 gr.)","categories":["Supermercado","Dietéticos","Complementos nutricionales","Antioxidantes depurativos y detox","NATURTIERRA arándano rojo americano antioxidante con vitamina C 30 comprimidos envase 48 g"],"general_information":["Denominación del alimento: Complemento alimenticio elaborado a base de, especies vegetales y vitaminas.","Nombre del operador: Ynsadiet S.A.","Dirección del operador: Isaac Peral, 3 ? Pol. Ind. Ntra. Sra. de Butarque. 28914 Leganés (Madrid).","Cantidad Neta: 12 g"],"ingredients":[" Arándano rojo americano extracto seco (Vaccinium macrocarpon L, fruto) (150 mg), Antiaglomerantes (Celulosa, fostato bicálcico, estearato magnésico y talco), Almidón de maíz, Vitamina C (Ácido Ascórbi-co) (40 mg), Maltodextrina."],"conservation":" Ambiente seco y fresco.","ean":"8412016362898"},{"full_name":"SPECIAL LINE cartílago de tiburón 90 comprimidos envase 54 g","name":"cartílago de tiburón 90 comprimidos envase 54 g","brand":"SPECIAL LINE ","img":"https://sgfm.elcorteingles.es/SGFM/dctm/MEDIA03/201706/09/00120737407047____2__600x600.jpg","price":"9,25 €","price_unit":"(17,13 € / 100 gr.)","categories":["Supermercado","Dietéticos","Complementos nutricionales","Articulaciones y músculos","SPECIAL LINE cartílago de tiburón 90 comprimidos envase 54 g"],"general_information":["Denominación del alimento: Complemento alimenticio.","Nombre del operador: Elaborado para el Grupo El Corte Ingles \nHermosilla, 112 \n28009 Madrid - España \npor CIF: B78966942","Cantidad Neta: 54 g"],"ingredients":[" Ingredientes: Cartílago de tiburón (494mg) (contiene sulfitos y pescado), antiaglomerantes: E551, E470b, cápsula de gelatina."],"conservation":" Mantener en lugar fresco y seco.","ean":"8433329030700"},{"full_name":"SPECIAL LINE colágeno con magnesio fortalece las articulaciones y músculos 270 cápsulas envase 350 g","name":"colágeno con magnesio fortalece las articulaciones y músculos 270 cápsulas envase 350 g","brand":"SPECIAL LINE ","img":"https://sgfm.elcorteingles.es/SGFM/dctm/MEDIA02/CONTENIDOS/201503/17/00120748702881____2__600x600.jpg","price":"12,95 €","price_unit":"(3,70 € / 100 gr.)","categories":["Supermercado","Dietéticos","Complementos nutricionales","Articulaciones y músculos","SPECIAL LINE colágeno con magnesio fortalece las articulaciones y músculos 270 cápsulas envase 350 g"],"general_information":["Denominación del alimento: Complemento alimenticio","Nombre del operador: Elaborado para el Grupo El Corte Ingles \nHermosilla, 112 \n28009 Madrid - España \npor CIF: B78966942","Cantidad Neta: 351 g"],"ingredients":[" Ingredientes: Colágeno hidrolizado (940mg),  carbonato de magnesio (235mg), endurecedor: E 341 y antiaglomerantes: E 551, E 470b."],"conservation":" Conservar en lugar fresco y seco","ean":"8433329050173"},{"full_name":"SPECIAL LINE quelato de magnesio 100 comprimidos envase 80 g","name":"quelato de magnesio 100 comprimidos envase 80 g","brand":"SPECIAL LINE ","img":"https://sgfm.elcorteingles.es/SGFM/dctm/MEDIA03/201606/30/00120748704002____1__600x600.jpg","price":"4,65 €","categories":["Supermercado","Dietéticos","Complementos nutricionales","Articulaciones y músculos","SPECIAL LINE quelato de magnesio 100 comprimidos envase 80 g"],"general_information":["Denominación del alimento: Complemento alimenticio.","Nombre del operador: Elaborado para el Grupo El Corte Ingles \nHermosilla, 112 \n28009 Madrid - España \npor CIF: B78966942","Cantidad Neta: 80 g"],"ingredients":[" Ingredientes: 625mg quelato de magnesio (citrato de magnesio), estabilizante (E 341), endurecedores: fibra de bambú (Bambusa bambos (L) Voss, tallo) y maltodextrina, antiaglomerante: estearato de magnesio (E 470b)."],"conservation":" Mantener en lugar fresco y seco.","ean":"8433329074490"},{"full_name":"SANTIVERI Artrosin cartílago de manta raya envase 30 g","name":"Artrosin cartílago de manta raya envase 30 g","brand":"SANTIVERI ","img":"https://sgfm.elcorteingles.es/SGFM//00/08/9/0120719200089/0120719200089000g01011.jpg","price":"14,75 €","price_unit":"(49,17 € / 100 gr.)","categories":["Supermercado","Dietéticos","Complementos nutricionales","Articulaciones y músculos","SANTIVERI Artrosin cartílago de manta raya envase 30 g"],"general_information":["Denominación del alimento: ARTROSIN CARTILAGO MANTA RAYA, MOLU","Nombre del operador: CASA SANTIVERI S.L.","Dirección del operador: ENCUNY 8, 08038 BARCELONA","Cantidad Neta: 30 g"],"ingredients":[" PERNA CANALICULUS (20%), cartilago de manta raya (11,2%), gelatina vegetal, harpago (29,6%), vitamina c (ácido l-ascórbico), vitamina d (colecalciferol), estearato de magnesio (antiaglomerante), óxido de silicio (antiaglomerante)"],"ean":"8412170030640"},{"full_name":"SANTIVERI Artrosin glocosamina+condroitina complemento nutricional envase 96 g","name":"Artrosin glocosamina+condroitina complemento nutricional envase 96 g","brand":"SANTIVERI ","img":"https://sgfm.elcorteingles.es/SGFM//00/10/5/0120719200105/0120719200105000g01011.jpg","price":"24,10 €","price_unit":"(25,10 € / 100 gr.)","categories":["Supermercado","Dietéticos","Complementos nutricionales","Articulaciones y músculos","SANTIVERI Artrosin glocosamina+condroitina complemento nutricional envase 96 g"],"general_information":["Denominación del alimento: ARTROSIN GLUCOSAMINA+CONDROITINA co","Nombre del operador: CASA SANTIVERI S.L.","Dirección del operador: ENCUNY 8, 08038 BARCELONA","Cantidad Neta: 96 g"],"ingredients":[" SULFATO DE GLUCOSAMINA (46,87%), SULFATO DE CONDROITINA (24,69%), celulosa microcristalina (agente de carga), vitamina c (ácido l-ascórbico), seleniometionina, vitamina d (colecalciferol), dióxido de silicio (antiaglomerante), estearato de magnesio (antiaglomerante)"],"ean":"8412170028760"},{"full_name":"SANTIVERI Artrosín colágeno líquido hidrolizado con ácido hialurónico articulaciones en forma envase 240 cc","name":"Artrosín colágeno líquido hidrolizado con ácido hialurónico articulaciones en forma envase 240 cc","brand":"SANTIVERI ","img":"https://sgfm.elcorteingles.es/SGFM/dctm/MEDIA02/CONTENIDOS/201408/13/00120748702493____1__600x600.jpg","price":"19,95 €","price_unit":"(83,12 € / Litro)","categories":["Supermercado","Dietéticos","Complementos nutricionales","Articulaciones y músculos","SANTIVERI Artrosín colágeno líquido hidrolizado con ácido hialurónico articulaciones en forma envase 240 cc"],"general_information":["Denominación del alimento: COMPLEMENTO ALIMENTICIO A BASE DE C","Nombre del operador: CASA SANTIVERI S.L.","Dirección del operador: ENCUNY 8, 08038 BARCELONA","Cantidad Neta: 240 Centímetro cúbico"],"ingredients":[" glicerina (estabilizador), agua, colágeno hidrolizado (fortagel) (27,8%), ácido fosfórico (acidulante), vitamina c (ácido l-ascórbico), concentrado de aronia, aroma, sorbato potásico (conservador), ácido hialurónico (,15%), sulfato de manganeso, sucralosa (edulcorante)"],"ean":"8412170032255"},{"full_name":"SANTIVERI Artrosín Gelartrina colágeno hidrolizado con Magnesio y vitamina C articulaciones en forma envase 275 g","name":"Artrosín Gelartrina colágeno hidrolizado con Magnesio y vitamina C articulaciones en forma envase 275 g","brand":"SANTIVERI ","img":"https://sgfm.elcorteingles.es/SGFM/dctm/MEDIA03/201602/18/00120716600133____1__600x600.jpg","price":"17,95 €","price_unit":"(65,27 € / Kilo)","categories":["Supermercado","Dietéticos","Complementos nutricionales","Articulaciones y músculos","SANTIVERI Artrosín Gelartrina colágeno hidrolizado con Magnesio y vitamina C articulaciones en forma envase 275 g"],"general_information":["Denominación del alimento: Complemento alimenticio a base de g","Nombre del operador: CASA SANTIVERI S.L.","Dirección del operador: ENCUNY 8, 08038 BARCELONA","Cantidad Neta: 275 g"],"ingredients":[" gelatina hidrolizada (88,2%), carbonato de magnesio (gasificante), aroma, óxido de silicio (antiaglomerante), vitamina c (ácido l-ascórbico), glucósidos de esteviol (edulcorante), sulfato de manganeso"],"ean":"8412170009998"},{"full_name":"SANTIVERI Micosan Fibroart favorece la funcionalidad articular 40 cápsulas estuche 19 g","name":"Micosan Fibroart favorece la funcionalidad articular 40 cápsulas estuche 19 g","brand":"SANTIVERI ","img":"https://sgfm.elcorteingles.es/SGFM/dctm/MEDIA03/201611/25/00120737407229____1__600x600.jpg","price":"20,39 €","price_unit":"(107,32 € / 100 gr.)","categories":["Supermercado","Dietéticos","Complementos nutricionales","Articulaciones y músculos","SANTIVERI Micosan Fibroart favorece la funcionalidad articular 40 cápsulas estuche 19 g"],"general_information":[],"ingredients":[],"ean":"8412170034228"},{"full_name":"SANTIVERI Oxacor K2 con magnesio y vitaminas D y K2 para los huesos estuche 40 cápsulas","name":"Oxacor K2 con magnesio y vitaminas D y K2 para los huesos estuche 40 cápsulas","brand":"SANTIVERI ","img":"https://sgfm.elcorteingles.es/SGFM/dctm/MEDIA03/201704/28/00120748704366____1__600x600.jpg","price":"24,99 €","price_unit":"(119 € / 100 gr.)","categories":["Supermercado","Dietéticos","Complementos nutricionales","Articulaciones y músculos","SANTIVERI Oxacor K2 con magnesio y vitaminas D y K2 para los huesos estuche 40 cápsulas"],"general_information":[],"ingredients":[],"ean":"8412170032903"},{"full_name":"SANTIVERI cloruro magnésico comprimidos envase 230 g","name":"cloruro magnésico comprimidos envase 230 g","brand":"SANTIVERI ","img":"https://sgfm.elcorteingles.es/SGFM/dctm/MEDIA02/CONTENIDOS/201410/22/00120719200030____1__600x600.jpg","price":"5,50 €","price_unit":"(2,39 € / 100 gr.)","categories":["Supermercado","Dietéticos","Complementos nutricionales","Articulaciones y músculos","SANTIVERI cloruro magnésico comprimidos envase 230 g"],"general_information":["Denominación del alimento: QUANTICUM CLORURO MAGNÉSICO. COMPLE","Nombre del operador: CASA SANTIVERI S.L.","Dirección del operador: ENCUNY 8, 08038 BARCELONA","Cantidad Neta: 230 g"],"ingredients":[" cloruro magnésico, estearato de magnesio (antiaglomerante)"],"ean":"8412170000407"},{"full_name":"SANTIVERI carbonato de magnesio envase 110 g","name":"carbonato de magnesio envase 110 g","brand":"SANTIVERI ","img":"https://sgfm.elcorteingles.es/SGFM/00/05/9/0120748700059/0120748700059000g01011.jpg","price":"3,95 €","price_unit":"(3,59 € / 100 gr.)","categories":["Supermercado","Dietéticos","Complementos nutricionales","Articulaciones y músculos","SANTIVERI carbonato de magnesio envase 110 g"],"general_information":["Denominación del alimento: Complemento alimenticio a base de M","Nombre del operador: CASA SANTIVERI S.L.","Dirección del operador: ENCUNY 8, 08038 BARCELONA","Cantidad Neta: 110 g"],"ingredients":[" carbonato de magnesio"],"ean":"8412170006607"},{"full_name":"SANTIVERI silicio + magnesio marino bote 60 cápsulas","name":"silicio + magnesio marino bote 60 cápsulas","brand":"SANTIVERI ","img":"https://sgfm.elcorteingles.es/SGFM/dctm/MEDIA03/201704/28/00120748704358____2__600x600.jpg","price":"22,49 €","price_unit":"(80,32 € / 100 gr.)","categories":["Supermercado","Dietéticos","Complementos nutricionales","Articulaciones y músculos","SANTIVERI silicio + magnesio marino bote 60 cápsulas"],"general_information":[],"ingredients":[],"ean":"8412170037380"},{"full_name":"SANTIVERI Curcu Flex Superactive para las articulaciones estuche 36 g","name":"Curcu Flex Superactive para las articulaciones estuche 36 g","brand":"SANTIVERI ","img":"https://sgfm.elcorteingles.es/SGFM/dctm/MEDIA03/201703/01/00120748704374____5__600x600.jpg","price":"26,05 €","price_unit":"(72,36 € / 100 gr.)","categories":["Supermercado","Dietéticos","Complementos nutricionales","Articulaciones y músculos","SANTIVERI Curcu Flex Superactive para las articulaciones estuche 36 g"],"general_information":[],"ingredients":[],"ean":"8412170037403"},{"full_name":"SANTIVERI Cúrcuma con 95% en curcumina envase 48 comprimidos","name":"Cúrcuma con 95% en curcumina envase 48 comprimidos","brand":"SANTIVERI ","img":"https://sgfm.elcorteingles.es/SGFM/dctm/MEDIA03/201710/20/00120737405249____6__600x600.jpg","price":"24,35 €","price_unit":"(676,39 € / Kilo)","categories":["Supermercado","Dietéticos","Complementos nutricionales","Articulaciones y músculos","SANTIVERI Cúrcuma con 95% en curcumina envase 48 comprimidos"],"general_information":["Denominación del alimento: COMPRIMIDOS DE CÚRCUMA. COMPLEMENTO","Nombre del operador: CASA SANTIVERI S.L.","Dirección del operador: ENCUNY 8, 08038 BARCELONA","Cantidad Neta: 36 g"],"ingredients":[" extracto de cúrcuma, celulosa microcristalina (agente de carga), estearato de magnesio (antiaglomerante)"],"ean":"8412170028524"},{"full_name":"SANTIVERI Quanticum colágeno con magnesio y vitamina C 180 comprimidos bote 129 g","name":"Quanticum colágeno con magnesio y vitamina C 180 comprimidos bote 129 g","brand":"SANTIVERI ","img":"https://sgfm.elcorteingles.es/SGFM/dctm/MEDIA03/201611/25/00120748704325____1__600x600.jpg","price":"8,61 €","price_unit":"(6,67 € / 100 gr.)","categories":["Supermercado","Dietéticos","Complementos nutricionales","Articulaciones y músculos","SANTIVERI Quanticum colágeno con magnesio y vitamina C 180 comprimidos bote 129 g"],"general_information":[],"ingredients":[],"ean":"8412170035287"},{"full_name":"SANTIVERI quelato magnesio envase 88 comprimidos","name":"quelato magnesio envase 88 comprimidos","brand":"SANTIVERI ","img":"https://sgfm.elcorteingles.es/SGFM//00/02/2/0120719200022/0120719200022000g01011.jpg","price":"7,60 €","price_unit":"(0,09 € / Dosis)","categories":["Supermercado","Dietéticos","Complementos nutricionales","Articulaciones y músculos","SANTIVERI quelato magnesio envase 88 comprimidos"],"general_information":["Denominación del alimento: QUANTICUM Q-MAGNESICO comprimidos.","Nombre del operador: CASA SANTIVERI S.L.","Dirección del operador: ENCUNY 8, 08038 BARCELONA","Cantidad Neta: 55 g"],"ingredients":[" bisglicinato de magnesio, óxido de magnesio, harina de arroz, glicerina, celulosa microcristalina (agente de carga), dióxido de silicio (antiaglomerante), estearato de magnesio (antiaglomerante)"],"ean":"8412170021013"},{"full_name":"SANTIVERI Bio Erba Artrum mixtract A 12 mezcla de plantas fortalece músculos y articulaciones envase 50 cc","name":"Bio Erba Artrum mixtract A 12 mezcla de plantas fortalece músculos y articulaciones envase 50 cc","brand":"SANTIVERI ","img":"https://sgfm.elcorteingles.es/SGFM/dctm/MEDIA02/CONTENIDOS/201411/06/00120739301982____1__600x600.jpg","price":"9,61 €","price_unit":"(19,22 € / 100 gr.)","categories":["Supermercado","Dietéticos","Complementos nutricionales","Articulaciones y músculos","SANTIVERI Bio Erba Artrum mixtract A 12 mezcla de plantas fortalece músculos y articulaciones envase 50 cc"],"general_information":[],"ingredients":[],"ean":"8412170032620"},{"full_name":"SANTIVERI Bio extracto natural de harpago envase 50 cc","name":"Bio extracto natural de harpago envase 50 cc","brand":"SANTIVERI ","img":"https://sgfm.elcorteingles.es/SGFM/dctm/MEDIA02/CONTENIDOS/201411/06/00120739301958____1__600x600.jpg","price":"10,79 €","price_unit":"(21,58 € / 100 gr.)","categories":["Supermercado","Dietéticos","Complementos nutricionales","Articulaciones y músculos","SANTIVERI Bio extracto natural de harpago envase 50 cc"],"general_information":[],"ingredients":[],"ean":"8412170032583"},{"full_name":"DRASANVI COLLMAR colágeno marino hidrolizado para cartílagos huesos y piel envase 275 g","name":"COLLMAR colágeno marino hidrolizado para cartílagos huesos y piel envase 275 g","brand":"DRASANVI ","img":"https://sgfm.elcorteingles.es/SGFM/02/13/5/0200348702135/0200348702135000g01011.jpg","price":"21,45 €","price_unit":"(7,80 € / 100 gr.)","categories":["Supermercado","Dietéticos","Complementos nutricionales","Articulaciones y músculos","DRASANVI COLLMAR colágeno marino hidrolizado para cartílagos huesos y piel envase 275 g"],"general_information":[" El colágeno es esencial para la elasticidad y la flexibilidad de los órganos y para la integridad de las estructuras.Collmar es un complemento alimenticio a base de Colágeno marino hidrolizado, Ácido hialurónico, Vitamina C y Aroma de vainilla.Contribuye a la formación normal de colágeno para el funcionamiento normal de Cartílagos, Huesos y Piel.A diferencia de otros colágenos, Collmar está formado por colágeno marino de tipo I, proveniente del pescado. Sometido a un proceso único, rigurosamente controlado, que consiste en fragmentarlo en moléculas más pequeñas, llamadas péptidos, para que sean más fácilmente asimilables por el organismo. Este proceso se ha realizado por hidrólisis enzimática.","Consejos: Consumir 10g al día (2 vasos dosificadores) disueltos en agua u otro líquido.Consumir al menos durante 3 meses.","Precauciones: Contiene pescado y trazas de leche."],"ingredients":["Ingredientes: Colágeno marino hidrolizado enzimáticamente Tipo I (9.900 mg), Vitamina C en forma de Ácido Ascórbico (80 mg), Ácido Hialurónico (10 mg),\tAroma de vainilla.\tSin azúcares añadidos, edulcorantes, ni conservantes. Sin grasas y sin colesterol."],"ean":"8436044513084"},{"full_name":"FORTIGEL colágeno bioactivo refuerzo de huesos cartílagos piel y músculos envase 300 g","name":"colágeno bioactivo refuerzo de huesos cartílagos piel y músculos envase 300 g","brand":"FORTIGEL ","img":"https://sgfm.elcorteingles.es/SGFM/dctm/MEDIA02/CONTENIDOS/201501/14/00120748703277____2__600x600.jpg","price":"18,70 €","price_unit":"(6,23 € / 100 gr.)","categories":["Supermercado","Dietéticos","Complementos nutricionales","Articulaciones y músculos","FORTIGEL colágeno bioactivo refuerzo de huesos cartílagos piel y músculos envase 300 g"],"general_information":["Denominación del alimento: Complemento alimenticio en polvo elaborado a base de péptidos de colágeno bioactivos, minerales, vitaminas y ácido hialurónico.","Nombre del operador: Mercontrol E.D. S.L","Dirección del operador: Calle Juan de la Cierva, 36, 28823 Coslada, Madrid (España)","Cantidad Neta: 300 g","Otras menciones obligatorias en la etiqueta: Sin gluten, Sin azúcares, Sin edulcorantes añadidos, Sin soja, Sin huevo, Sin proteína láctea, Sin frutos secos, Fuente de calcio."],"ingredients":[" Péptidos de Colágeno Bioactivos (Fortigel(R)) (9.9 g), Carbonato cálcico (600 mg, eq. a 240 mg de calcio), Carbonato magnésico (450 mg, eq. a 113 mg de magnesio), Ácido ascórbico (24.5 mg, eq. a 24.5 mg de Vitamina C), Menaquinona-7 (Vitamina K2-7 natural-MenaquinGold(TM)) (11.3 mg, eq. a 22.5 mcg de Vitamina K) y ácido hialurónico (11 mg)."],"conservation":" Almacenar en lugar fresco y seco, preferentemente protegido de la luz.","ean":"8436542192019"},{"full_name":"FORTICOLL Sport colágeno con péptidos de rendimiento deportivo envase 300 g","name":"Sport colágeno con péptidos de rendimiento deportivo envase 300 g","brand":"FORTICOLL ","img":"https://sgfm.elcorteingles.es/SGFM/dctm/MEDIA03/201602/18/00120748703905____1__600x600.jpg","price":"18,70 €","price_unit":"(6,23 € / 100 gr.)","categories":["Supermercado","Dietéticos","Complementos nutricionales","Articulaciones y músculos","FORTICOLL Sport colágeno con péptidos de rendimiento deportivo envase 300 g"],"general_information":["Denominación del alimento: Colágeno BioActivo Sport","Nombre del operador: Laboratorios Almond SL","Dirección del operador: Avda. Cabecicos Blancos, Parcela 18 2.B. Parque empresarial Cabecicos Blancos 30892 - Librilla, Murcia (Spain)","Cantidad Neta: 300 g"],"ingredients":[" Péptidos de Colágeno Bioactivos (R) (Bodybalance(R)) (9.5 g), Carbonato cálcico (600 mg, eq. a 240 mg de calcio), Carbonato magnésico (450 mg, eq. a 113 mg de magnesio), L-carnitina (150 mg), L-Taurina tartrato (150 mg), Coenzima Q10 (30 mg), Ácido ascórbico (24.1 mg, eq. a 24.0 mg de Vitamina C), Menaquinona-7 (Vitamina K2-7 natural-MenaquinGold(TM)) (26.25 mg, eq. a 52.5 mcg de Vitamina K), Óxido de zinc (3.7 mg, eq. a 3 mg de zinc), Colecalciferol (600 mcg, eq. a 1.5 mcg de Vitamina D),Piridoxina clorhidrato (1.6 mg, eq. a 1.6 mg de Vitamina B6), Ácido fólico (158 mcg, eq. a 158 mcg de Vitamina B9) y Cianocobalamina (0.8 mcg, eq. a 0.8 mcg de Vitamina B12)"],"conservation":" Almacenar en lugar fresco y seco, preferentemente protegido de la luz.","ean":"8436542192521"},{"full_name":"FORTICOLL colágeno bioactivo marino con ácido hialurónico vitaminas calcio y magnesio bote 270 g","name":"colágeno bioactivo marino con ácido hialurónico vitaminas calcio y magnesio bote 270 g","brand":"FORTICOLL ","img":"https://sgfm.elcorteingles.es/SGFM/dctm/MEDIA03/201602/18/00120748703897____1__600x600.jpg","price":"18,70 €","price_unit":"(6,93 € / 100 gr.)","categories":["Supermercado","Dietéticos","Complementos nutricionales","Articulaciones y músculos","FORTICOLL colágeno bioactivo marino con ácido hialurónico vitaminas calcio y magnesio bote 270 g"],"general_information":["Denominación del alimento: Colágeno Marino","Nombre del operador: Laboratorios Almond SL","Dirección del operador: Avda. Cabecicos Blancos, Parcela 18 2.B. Parque empresarial Cabecicos Blancos 30892 - Librilla, Murcia (Spain)","Cantidad Neta: 270 g"],"ingredients":[" Péptidos de Colágeno Marino (Naticol(R)) (9.85 g), Carbonato cálcico (600 mg, eq. a 240 mg de calcio), Carbonato magnésico (450 mg, eq. a 113 mg de magnesio), Ácido ascórbico (24.5 mg, eq. a 24.3 mg de Vitamina C), Ácido hialurónico (20 mg), Menaquinona-7 (Vitamina K2-7 natural-MenaquinGold(TM)) (11.3 mg, eq. a 22.5 mcg de Vitamina K) y Colecalciferol (600 mcg, eq. a 1.5 mcg de Vitamina D). Contiene trazas de pescado"],"conservation":" Almacenar en lugar fresco y seco, preferentemente protegido de la luz.","ean":"8436542192514"},{"full_name":"VITAL PRO Colágeno Forte elasticidad y resistencia para las articulaciones bote 435 g","name":"Colágeno Forte elasticidad y resistencia para las articulaciones bote 435 g","brand":"VITAL PRO ","img":"https://sgfm.elcorteingles.es/SGFM/dctm/MEDIA02/CONTENIDOS/201411/25/00120747100012____1__600x600.jpg","price":"14,15 €","price_unit":"(32,53 € / Kilo)","categories":["Supermercado","Dietéticos","Complementos nutricionales","Articulaciones y músculos","VITAL PRO Colágeno Forte elasticidad y resistencia para las articulaciones bote 435 g"],"general_information":["Denominación del alimento: Complemento alimenticio","Nombre del operador: WorldNut Nutricosmética Natural S.L.U.","Dirección del operador: C/ Grècia nº 3 (Pol. Ind. Recinte Firal) 17600 - Figueres (Girona)","Lugar de procedencia del alimento: Producido en la UE.","Cantidad Neta: 43.5 g","Número de raciones por envase: 60","Otras menciones obligatorias en la etiqueta: Los complementos alimenticios no deben utilizarse como sustitutos de una dieta variada y equilibrada ni de un modo de vida sano. No superar la dosis diaria expresamente recomendada. Mantener fuera del alcance de los niños. En caso de embarazo consulte con su médico antes de iniciar la toma del producto."],"ingredients":[" Por cápsula: Colágeno Hidrolizado (350 mg), Calcio marino (28.52 mg), Magnesio marino (1.47 mg), Extracto de Bambú 70% silicio (30 mg), Vitamina C (25 mg), Ácido Hialurónico (3 mg) y Vitamina D3 (Colecalciferol) 1,66 mcg. Envolvente: Gelatina (125 mg). Excipientes: Calcio fosfato bicálcico y Magnesio estearato (antiaglomerantes)."],"conservation":" Conservar en un lugar fresco y seco, protegido de la luz solar directa.","ean":"8437012193277"},{"full_name":"INTEGRALIA colágeno soluble plus sabor vainilla envase 360 g","name":"colágeno soluble plus sabor vainilla envase 360 g","brand":"INTEGRALIA ","img":"https://sgfm.elcorteingles.es/SGFM/dctm/MEDIA03/201603/21/00120748702535____1__600x600.jpg","price":"19,79 €","price_unit":"(5,50 € / 100 gr.)","categories":["Supermercado","Dietéticos","Complementos nutricionales","Articulaciones y músculos","INTEGRALIA colágeno soluble plus sabor vainilla envase 360 g"],"general_information":["Denominación del alimento: Complemento alimenticio","Nombre del operador: General Dietetica S.L.","Dirección del operador: C/ Encuny, 2 08038 Barcelona (España).","Cantidad Neta: 360,0 g","Otras menciones obligatorias en la etiqueta: No superar la dosis recomendada. Los complementos alimenticios no sustituyen una dieta variada, equilibrada y un estilo de vida saludable. Mantener fuera del alcance de los niños más pequeños. Sabor vainilla."],"ingredients":[" Colágeno hidrolizado, magnesio carbonato, aroma, vitamina c, antiaglomerante (dióxido de silicio), edulcorante (stevia) y ácido hialurónico."],"conservation":" Conservar en lugar fresco, seco y al amparo de la luz.","ean":"8436000544275"},{"full_name":"INTEGRALIA colágeno soluble forte Flex sabor vainilla bote 400 g","name":"colágeno soluble forte Flex sabor vainilla bote 400 g","brand":"INTEGRALIA ","img":"https://sgfm.elcorteingles.es/SGFM/dctm/MEDIA03/201707/17/00120719400028____1__600x600.jpg","price":"22,35 €","categories":["Supermercado","Dietéticos","Complementos nutricionales","Articulaciones y músculos","INTEGRALIA colágeno soluble forte Flex sabor vainilla bote 400 g"],"general_information":[],"ingredients":[],"ean":"8436000545005"},{"full_name":"INTEGRALIA colágeno plus 120 comprimidos bote 135 g","name":"colágeno plus 120 comprimidos bote 135 g","brand":"INTEGRALIA ","img":"https://sgfm.elcorteingles.es/SGFM/dctm/MEDIA02/CONTENIDOS/201407/10/00120748702808____1__600x600.jpg","price":"12,09 €","price_unit":"(8,96 € / 100 gr.)","categories":["Supermercado","Dietéticos","Complementos nutricionales","Articulaciones y músculos","INTEGRALIA colágeno plus 120 comprimidos bote 135 g"],"general_information":["Denominación del alimento: Complemento alimenticio","Nombre del operador: General Dietetica S.L.","Dirección del operador: C/ Encuny, 2 08038 Barcelona (España).","Cantidad Neta: 135 g","Número de raciones por envase: 120","Otras menciones obligatorias en la etiqueta: No superar la dosis recomendada. Los complementos alimenticios no sustituyen una dieta variada, equilibrada y un estilo de vida saludable. Mantener fuera del alcance de los niños más pequeños. Sabor vainilla."],"ingredients":[" Colágeno hidrolizado, magnesio carbonato, aroma, vitamina c (ácido L-ascórbico), antiaglomerantes (dióxido de silicio y estearato de magnesio), edulcorante (stevia) y ácido hialurónico."],"conservation":" Conservar en lugar fresco, seco y al amparo de la luz.","ean":"8436000544299"},{"full_name":"NATURTIERRA Arti-3 molestias articulares y musculares 60 cápsulas envase 240 g","name":"Arti-3 molestias articulares y musculares 60 cápsulas envase 240 g","brand":"NATURTIERRA ","img":"https://sgfm.elcorteingles.es/SGFM/dctm/MEDIA02/CONTENIDOS/201407/21/00120748702782____1__600x600.jpg","price":"4,49 €","price_unit":"(1,87 € / 100 gr.)","categories":["Supermercado","Dietéticos","Complementos nutricionales","Articulaciones y músculos","NATURTIERRA Arti-3 molestias articulares y musculares 60 cápsulas envase 240 g"],"general_information":["Denominación del alimento: Complemento alimenticio elaborado a base de cartíla-go de tiburón, mejillón de labios verdes, especies ve-getales y vitaminas.","Nombre del operador: Ynsadiet S.A.","Dirección del operador: Isaac Peral, 3 ? Pol. Ind. Ntra. Sra. de Butarque. 28914 Leganés (Madrid).","Cantidad Neta: 16.4 g"],"ingredients":[" Cartílago de tiburón extracto (200 mg), Sauce extracto seco (Salix alba L, corteza) (100 mg), Antiaglomerantes (Almidón de maíz, Silicato de Magnesio, Estearato magnésico, Celulosa, Dióxido de silicio), Mejillón de labios verdes extracto (50 mg), Palmitato de Retinilo (Vitamina A) (5,34 mg, eq. a 400 mcg de Retinol). Componentes de la cubierta de la cápsula: Gelatina y agua. ALÉRGENOS: Contiene derivados de peces y moluscos."],"conservation":" Ambiente seco y fresco.","ean":"8412016362003"},{"full_name":"NATURTIERRA colágeno con ácido hialurónico y vitamina C 30 cápsulas envase 120 g","name":"colágeno con ácido hialurónico y vitamina C 30 cápsulas envase 120 g","brand":"NATURTIERRA ","img":"https://sgfm.elcorteingles.es/SGFM/dctm/MEDIA02/CONTENIDOS/201408/13/00200348702754____1__600x600.jpg","price":"4,49 €","price_unit":"(3,74 € / 100 gr.)","categories":["Supermercado","Dietéticos","Complementos nutricionales","Articulaciones y músculos","NATURTIERRA colágeno con ácido hialurónico y vitamina C 30 cápsulas envase 120 g"],"general_information":[" El colágeno y el ácido hialurónico son proteínas esenciales del cuerpo humano, imprescindibles para prevenir lesiones deportivas, mantener las articulaciones y músculos y piel, evitando que el efecto edad sea tan visual.","Consejos: Tomar 2 cápsulas al día. 1 cápsula en la comida y otra en la cena."],"ingredients":["Ingredientes: Colágeno hidrolizado (Fortigel®) (200 mg), Almidón de maíz, Gluconato de zinc (77 mg, eq. a 10 mg de zinc), Antiaglomerantes (Celulosa, Estearato magnésico y Silicato de magnesio), Acido hialurónico (50 mg), Vitamina C o Ácido ascórbico (40 mg). Componentes de la cubierta de la cápsula: Gelatina y agua."],"ean":"8412016362966"},{"full_name":"NATURTIERRA cartílago de tiburón fortalece las articulaciones y músculos 45 cápsulas envase 25 g","name":"cartílago de tiburón fortalece las articulaciones y músculos 45 cápsulas envase 25 g","brand":"NATURTIERRA ","img":"https://sgfm.elcorteingles.es/SGFM/dctm/MEDIA02/CONTENIDOS/201411/07/00120748703251____1__600x600.jpg","price":"4,49 €","price_unit":"(17,96 € / 100 gr.)","categories":["Supermercado","Dietéticos","Complementos nutricionales","Articulaciones y músculos","NATURTIERRA cartílago de tiburón fortalece las articulaciones y músculos 45 cápsulas envase 25 g"],"general_information":["Denominación del alimento: Complemento alimenticio elaborado a base de vitaminas y minerales","Nombre del operador: Ynsadiet S.A.","Dirección del operador: Isaac Peral, 3 ? Pol. Ind. Ntra. Sra. de Butarque. 28914 Leganés (Madrid).","Cantidad Neta: 24.5 g"],"ingredients":[" Cartílago de tiburón (400 mg); Antiaglomerantes (Almidón de maíz, Celulosa, Estearato de magnesio)"],"conservation":" Ambiente seco y fresco.","ean":"8412016362522"},{"full_name":"PRISMA NATURAL Colagen Plus Anti-Aging fortalece huesos y articulaciones protege el cabello piel y uñas envase 30 sobres","name":"Colagen Plus Anti-Aging fortalece huesos y articulaciones protege el cabello piel y uñas envase 30 sobres","brand":"PRISMA NATURAL ","img":"https://sgfm.elcorteingles.es/SGFM/dctm/MEDIA03/201704/25/00120748701438____1__600x600.jpg","price":"17,95 €","price_unit":"(598,33 € / Kilo)","categories":["Supermercado","Dietéticos","Complementos nutricionales","Articulaciones y músculos","PRISMA NATURAL Colagen Plus Anti-Aging fortalece huesos y articulaciones protege el cabello piel y uñas envase 30 sobres"],"general_information":["Denominación del alimento: Suplemento alimentario","Nombre del operador: Nueva Dietética S.L.","Dirección del operador: P.I. Espaldillas. C/Espaldillas Diez 26-28,  41500 Alcalá de Guadaira, Sevilla.","Cantidad Neta: 189 g"],"ingredients":[" Colágeno Porcino Hidrolizado 5000 mg, Aroma de frutas del bosque, Ácido cítrico monohidrato (regulador de la acidez) E-330, colorante rojo remolacha E-162, Açai ?Euterpe oleácea 4:1, bayas extracto seco 150mg, Maltodextrina (agente de carga), colorante enocianina E-163, Ácido alfa lipoico 50mg, Bambú extracto seco (Bambusa arundinácea 70% silicio) tallo 28,6mg, Hialuronato sódico 20mg, Vitamina C (acido L-ascórbico) E-300 15mg ( 18,75 % V.R.N.), Sucralosa edulcorante E-955, Uva-Vitis vinífera extracto seco (95% polifenoles) semilla 10mg, Poligonum cupsidatum extracto seco (25%resveratrol) raíz 10mg, Selenito sódico 0,043mg (36,36 % V.R.N.)."],"conservation":" Conservar en lugar fresco, seco y alejado de la luz. Conservar a temperatura no superior a 30°C.","ean":"8436048041972"},{"full_name":"PRISMA NATURAL Astromusc Colágeno contribuye al funcionamiento normal de huesos y articulaciones envase 20 sobres sin gluten y sin lactosa","name":"Astromusc Colágeno contribuye al funcionamiento normal de huesos y articulaciones envase 20 sobres","brand":"PRISMA NATURAL ","img":"https://sgfm.elcorteingles.es/SGFM/dctm/MEDIA03/201702/01/00120737407344____1__600x600.jpg","price":"23,30 €","price_unit":"(158,50 € / Kilo)","categories":["Supermercado","Dietéticos","Complementos nutricionales","Articulaciones y músculos","PRISMA NATURAL Astromusc Colágeno contribuye al funcionamiento normal de huesos y articulaciones envase 20 sobres sin gluten y sin lactosa"],"general_information":["Denominación del alimento: Suplemento alimentario","Nombre del operador: Nueva Dietética S.L.","Dirección del operador: P.I. Espaldillas. C/Espaldillas Diez 26-28,  41500 Alcalá de Guadaira, Sevilla.","Cantidad Neta: 144 g","Otras menciones obligatorias en la etiqueta: Contiene edulcorante"],"ingredients":[" Colágeno Porcino Hidrolizado 5000 mg, Glucosamina sulfato potásica 500 mg, Sulfato de condroitina marina (90% condroitina) 500 mg, MSM (Metil sulfonil metano) 400 mg, Bambusa arundinácea extracto seco (70% silício orgánico) tallo 150mg, Cola de caballo-Equisetum arvense hierba extracto seco (4% silício orgánico) 100mg, Harpagofito-Harpagophytum procumbens extracto seco raíz (2 % harpagósidos) 100mg, Limón-Citrus limonum zumo en polvo frutos 100mg, Ácido cítrico monohidrato (regulador de la acidez) E-330, Vitamina C (ácido ascórbico) 15mg (18,75% C.D.R.), Aroma de limón, Sucralosa (edulcorante E-955), Colorante amarillo tartrazina (E-102)."],"conservation":" Conservar en lugar fresco, seco y alejado de la luz. Conservar a temperatura no superior a 30°C.","ean":"8436048048063"},{"full_name":"PRISMA NATURAL Cúrcuma + Mn fortalece huesos y el tejido conectivo envase 30 cápsulas","name":"Cúrcuma + Mn fortalece huesos y el tejido conectivo envase 30 cápsulas","brand":"PRISMA NATURAL ","img":"https://sgfm.elcorteingles.es/SGFM/dctm/MEDIA03/201702/01/00120737407500____1__600x600.jpg","price":"22,65 €","price_unit":"(205,91 € / 100 gr.)","categories":["Supermercado","Dietéticos","Complementos nutricionales","Articulaciones y músculos","PRISMA NATURAL Cúrcuma + Mn fortalece huesos y el tejido conectivo envase 30 cápsulas"],"general_information":["Denominación del alimento: Suplemento alimentario","Nombre del operador: Nueva Dietética S.L.","Dirección del operador: P.I. Espaldillas. C/Espaldillas Diez 26-28,  41500 Alcalá de Guadaira, Sevilla.","Cantidad Neta: 11.22 g"],"ingredients":[" Ingredientes por 3 cápsulas: Cursol® 250mg (corresponde a 2 gramos de Cúrcuma (Cúrcuma longa L.), 95% curcuminoides), Agente de carga (Maltodextrina), Antiaglomerantes Estearato de magnesio y Dióxido de Silício) y Sulfato de manganeso 3,19mg (1mg de Manganeso, 50% VRN*). Cápsula (Agente de recubrimiento (Gelatina) y colorante (E-171))."],"conservation":" Conservar en lugar fresco, seco y alejado de la luz. Conservar a temperatura no superior a 30°C.","ean":"8436048048926"},{"full_name":"PRISMA NATURAL Harpagofito + Cobre acción antiinflamatoria para dolores articulares envase 30 cápsulas","name":"Harpagofito + Cobre acción antiinflamatoria para dolores articulares envase 30 cápsulas","brand":"PRISMA NATURAL ","img":"https://sgfm.elcorteingles.es/SGFM/dctm/MEDIA03/201702/01/00120737407484____1__600x600.jpg","price":"8,99 €","price_unit":"(64,21 € / 100 gr.)","categories":["Supermercado","Dietéticos","Complementos nutricionales","Articulaciones y músculos","PRISMA NATURAL Harpagofito + Cobre acción antiinflamatoria para dolores articulares envase 30 cápsulas"],"general_information":["Denominación del alimento: Suplemento alimentario","Nombre del operador: Nueva Dietética S.L.","Dirección del operador: P.I. Espaldillas. C/Espaldillas Diez 26-28,  41500 Alcalá de Guadaira, Sevilla.","Cantidad Neta: 14.28 g","Otras menciones obligatorias en la etiqueta: Contiene edulcorantes"],"ingredients":[" Extracto Seco de Harpagofito (Harpagophytum procumbens (Burch.) DC.), Gluconato de Cobre (1,60 mg cobre 160% CDR), Edulcorantes (xilitol y manitol), Transportador (polivinilpirrolidona), agentes de carga (goma laca y talco) y cápsula (gelatina)."],"conservation":" Conservar en lugar fresco, seco y alejado de la luz. Conservar a temperatura no superior a 30°C.","ean":"8436048047608"},{"full_name":"PRISMA NATURAL Colagen Plus Daily ayuda a retrasar el paso del tiempo envase 300 g sabor a frutos rojos","name":"Colagen Plus Daily ayuda a retrasar el paso del tiempo envase 300 g","brand":"PRISMA NATURAL ","img":"https://sgfm.elcorteingles.es/SGFM/dctm/MEDIA03/201703/28/00120737407294____2__600x600.jpg","price":"19,05 €","price_unit":"(6,35 € / 100 gr.)","categories":["Supermercado","Dietéticos","Complementos nutricionales","Articulaciones y músculos","PRISMA NATURAL Colagen Plus Daily ayuda a retrasar el paso del tiempo envase 300 g sabor a frutos rojos"],"general_information":["Denominación del alimento: Suplemento alimentario","Nombre del operador: Nueva Dietética S.L.","Dirección del operador: P.I. Espaldillas. C/Espaldillas Diez 26-28,  41500 Alcalá de Guadaira, Sevilla.","Cantidad Neta: 300 g","Otras menciones obligatorias en la etiqueta: Contiene edulcorante"],"ingredients":[" Colágeno de Pescado hidrolizado 5 g por dosis, Maltodextrina (agente de carga), Carbonato cálcico (40% ión calcio) 1 g por dosis, Carbonato de magnesio (25,63 ión magensio) 333 mg por dosis, Aroma de frutos rojos, Ácido cítrico monohidrato (regulador de la acidez), Colorante rojo remolacha (E-162), Bambú extracto seco tallo (Bambusa arundinacea 70% silício) 100 mg por dosis, Vitamina C (ácido ascórbico) 10 mg por dosis (0,012% V.N.R*), Hialuronato sódico, Sucralosa (edulcorante)."],"conservation":" Conservar en lugar fresco, seco y alejado de la luz. Conservar a temperatura no superior a 30°C.","ean":"8436048048766"},{"full_name":"PRISMA NATURAL Colagen Plus Sport fortalece las articulaciones para deportistas sabor naranja envase 300 g","name":"Colagen Plus Sport fortalece las articulaciones para deportistas sabor naranja envase 300 g","brand":"PRISMA NATURAL ","img":"https://sgfm.elcorteingles.es/SGFM/dctm/MEDIA03/201703/28/00120737407310____2__600x600.jpg","price":"30,35 €","price_unit":"(10,12 € / 100 gr.)","categories":["Supermercado","Dietéticos","Complementos nutricionales","Articulaciones y músculos","PRISMA NATURAL Colagen Plus Sport fortalece las articulaciones para deportistas sabor naranja envase 300 g"],"general_information":["Denominación del alimento: Suplemento alimentario","Nombre del operador: Nueva Dietética S.L.","Dirección del operador: P.I. Espaldillas. C/Espaldillas Diez 26-28,  41500 Alcalá de Guadaira, Sevilla.","Cantidad Neta: 300 g","Otras menciones obligatorias en la etiqueta: Contiene edulcorante"],"ingredients":[" Colágeno Hidrolizado Marino 10 g por dosis (contiene pescado), L-glutamina, Ácido cítrico monohidrato (regulador de la acidez)(E-330), Aroma de naranja, Taurina, Glucosamina sulfato potásica (12% ion potasio) 200 mg por dosis, Sulfato de condroitina, Bromelaina 1200 GDU/G*, Vitamina C ( ácido ascórbico) 80 mg por dosis (100% V.N.R*), MSM (metil sulfonil metano), Sucralosa (edulcorante), Bambú exudado extracto seco (Bambusa arundinacea 70% silício) 40 mg por dosis (28 mg de silicio), Hialuronato  sódico (3,5 % ión sodio) 30 mg por dosis, Vitamina B6 (piridoxina HCL) 1,4 mg por dosis (100 % V.N.R.)."],"conservation":" Conservar en lugar fresco, seco y alejado de la luz. Conservar a temperatura no superior a 30°C.","ean":"8436048048575"},{"full_name":"PRISMA NATURAL Colágeno Plus Flexiplus para el cuidado de huesos, cartílagos y piel envase 300 g sabor naranja","name":"Colágeno Plus Flexiplus para el cuidado de huesos, cartílagos y piel envase 300 g","brand":"PRISMA NATURAL ","img":"https://sgfm.elcorteingles.es/SGFM/dctm/MEDIA03/201703/28/00120737407302____2__600x600.jpg","price":"29,35 €","price_unit":"(9,78 € / 100 gr.)","categories":["Supermercado","Dietéticos","Complementos nutricionales","Articulaciones y músculos","PRISMA NATURAL Colágeno Plus Flexiplus para el cuidado de huesos, cartílagos y piel envase 300 g sabor naranja"],"general_information":["Denominación del alimento: Suplemento alimentario","Nombre del operador: Nueva Dietética S.L.","Dirección del operador: P.I. Espaldillas. C/Espaldillas Diez 26-28,  41500 Alcalá de Guadaira, Sevilla.","Cantidad Neta: 300 g","Otras menciones obligatorias en la etiqueta: Contiene edulcorante"],"ingredients":[" Colágeno Hidrolizado Marino 10 g por dosis (contiene pescado), Maltodextrina (agente de carga), Aroma de naranja, Glucosamina sulfato potásica (12% ion potasio) 500 mg por dosis, Sulfato de condroitina, Citrato de magnesio (16% de ion magnesio) 300 mg por dosis, Vitamina C ( ácido ascórbico) 80 mg por dosis ( 100% V.N.R*), Ácido cítrico monohidrato (regulador de la acidez)(E-330), Harpagofito extracto seco raíz (Harpagophytum procumbens) (2,7 % harpagósido), Bambú extracto seco (Bambusa arundinacea 70 % silício) tallo 40 mg por dosis, Hialuronato sódico, Grape seed extracto seco (Vitis vinifera) 95 % polifenoles , semilla Broswelia serrata extracto seco (65% Ácido Broswelia) resina, Sucralosa (edulcorante ), Vitamina k2 (menaquinona) 0,075 mg por dosis."],"conservation":" Conservar en lugar fresco, seco y alejado de la luz. Conservar a temperatura no superior a 30°C.","ean":"8436048048599"},{"full_name":"PRISMA NATURAL Colagen Plus Woman para el cuidado de huesos y articulaciones específicos de la mujer envase 300 g sabor limón","name":"Colagen Plus Woman para el cuidado de huesos y articulaciones específicos de la mujer envase 300 g","brand":"PRISMA NATURAL ","img":"https://sgfm.elcorteingles.es/SGFM/dctm/MEDIA03/201703/28/00120737407278____2__600x600.jpg","price":"28,85 €","price_unit":"(96,17 € / Kilo)","categories":["Supermercado","Dietéticos","Complementos nutricionales","Articulaciones y músculos","PRISMA NATURAL Colagen Plus Woman para el cuidado de huesos y articulaciones específicos de la mujer envase 300 g sabor limón"],"general_information":["Denominación del alimento: Suplemento alimentario","Nombre del operador: Nueva Dietética S.L.","Dirección del operador: P.I. Espaldillas. C/Espaldillas Diez 26-28,  41500 Alcalá de Guadaira, Sevilla.","Cantidad Neta: 300 g","Otras menciones obligatorias en la etiqueta: Contiene edulcorante"],"ingredients":[" Colágeno de Pescado Hidrolizado 10 g por dosis, Maltodextrina (agente de carga), Aroma de limón, Glucosamina sulfato potásica (12% ión potasio) 600 mg por dosis, Sulfato de condroitina 350 mg, ácido cítrico monohidrato (regulador de la acidez), MSM (metil sulfonil metano), Citrato cálcico (16% ión calcio) 150 mg por dosis (24 mg de ión calcio), óxido de magnesio (60,3% ión magnesio) 150 mg por dosis , Vitamina C ( ácido ascórbico) 80 mg por dosis (100%V.R.N.), Boswellia serrata extracto seco, resina, Harpagofito (Harpagophytum procumbens) extracto seco frutos (10% harpagósidos), Bambú (Bambusa arundinacea 70% silicio) extracto seco tallo 40 mg por dosis, Hialuronato sódico (3,5% ión sodio) 35 mg por dosis, Ñame (Dioscorea villosa) raíz, Maca (Lepidium meyeni) polvo raíz, Black cohosh (Cimicifuga racemosa) raíz, Salvia (Salvia officinalis) polvo hoja, Coenzima Q10, Sucralosa (edulcorante), Vitamina D3 (colecalciferol) 40000 UI 0,005 mg por dosis."],"conservation":" Conservar en lugar fresco, seco y alejado de la luz. Conservar a temperatura no superior a 30°C.","ean":"8436048048582"},{"full_name":"DIET CLINICAL colágenos con ácido hialurónico tarro 360 g","name":"colágenos con ácido hialurónico tarro 360 g","brand":"DIET CLINICAL ","img":"https://sgfm.elcorteingles.es/SGFM/dctm/MEDIA03/201609/20/00120719400010____1__600x600.jpg","price":"17,00 €","categories":["Supermercado","Dietéticos","Complementos nutricionales","Articulaciones y músculos","DIET CLINICAL colágenos con ácido hialurónico tarro 360 g"],"general_information":[],"ingredients":[],"ean":"8436532334399"},{"full_name":"DRASANVI azúcar de abedul bolsa 300 g","name":"azúcar de abedul bolsa 300 g","brand":"DRASANVI ","img":"https://sgfm.elcorteingles.es/SGFM/dctm/MEDIA03/201707/05/00120719100164____1__600x600.jpg","price":"7,95 €","categories":["Supermercado","Dietéticos","Alimentación básica dietética","Azúcares y edulcorantes","DRASANVI azúcar de abedul bolsa 300 g"],"general_information":[],"ingredients":[],"ean":"8436044516108"},{"full_name":"DRASANVI azúcar de coco ecológica bolsa 300 g","name":"azúcar de coco ecológica bolsa 300 g","brand":"DRASANVI ","img":"https://sgfm.elcorteingles.es/SGFM/dctm/MEDIA03/201707/05/00120719100156____1__600x600.jpg","price":"5,85 €","categories":["Supermercado","Dietéticos","Alimentación básica dietética","Azúcares y edulcorantes","DRASANVI azúcar de coco ecológica bolsa 300 g"],"general_information":[],"ingredients":[],"ean":"8436044516122"},{"full_name":"SPECIAL LINE perlas de ajo 1000 mg envase 60 unidades","name":"perlas de ajo 1000 mg envase 60 unidades","brand":"SPECIAL LINE ","img":"https://sgfm.elcorteingles.es/SGFM/dctm/MEDIA03/201706/14/00120747300851____1__600x600.jpg","price":"4,49 €","categories":["Supermercado","Dietéticos","Complementos nutricionales","Cardiovascular y circulatorio","SPECIAL LINE perlas de ajo 1000 mg envase 60 unidades"],"general_information":["Denominación del alimento: Complemento alimenticio.","Nombre del operador: Elaborado para el Grupo El Corte Ingles \nHermosilla, 112 \n28009 Madrid - España \npor CIF: B78966942","Cantidad Neta: 84 g"],"ingredients":[" Ingredientes: 1000mg aceite de ajo macerado (Allium cepa L. bulbo), agente de recubrimiento (gelatina) y humectante (glicerina)."],"conservation":" Mantener en lugar fresco y seco.","ean":"8433329030779"},{"full_name":"SANTIVERI Sanaflor Ginkgo Biloba favorece la circulación sanguínea frasco 60 comprimidos","name":"Sanaflor Ginkgo Biloba favorece la circulación sanguínea frasco 60 comprimidos","brand":"SANTIVERI ","img":"https://sgfm.elcorteingles.es/SGFM/dctm/MEDIA02/CONTENIDOS/201502/16/00120737405348____1__600x600.jpg","price":"6,50 €","price_unit":"(108,33 € / Kilo)","categories":["Supermercado","Dietéticos","Complementos nutricionales","Cardiovascular y circulatorio","SANTIVERI Sanaflor Ginkgo Biloba favorece la circulación sanguínea frasco 60 comprimidos"],"general_information":[],"ingredients":[],"ean":"8412170016071"},{"full_name":"SANTIVERI Jogi complemento concentrado a base de bayas de Goji envase 0,49 l","name":"Jogi complemento concentrado a base de bayas de Goji envase 0,49 l","brand":"SANTIVERI ","img":"https://sgfm.elcorteingles.es/SGFM/dctm/MEDIA02/CONTENIDOS/201411/14/00120739301479____1__600x600.jpg","price":"17,90 €","price_unit":"(3,65 € / 100ml)","categories":["Supermercado","Dietéticos","Complementos nutricionales","Cardiovascular y circulatorio","SANTIVERI Jogi complemento concentrado a base de bayas de Goji envase 0,49 l"],"general_information":[],"ingredients":[],"ean":"8412170031074"},{"full_name":"SANTIVERI Bio Erba Tensor Mixtract T8 ayuda a mantener la tensión arterial normal ecológico envase 50 cc","name":"Bio Erba Tensor Mixtract T8 ayuda a mantener la tensión arterial normal ecológico envase 50 cc","brand":"SANTIVERI ","img":"https://sgfm.elcorteingles.es/SGFM/dctm/MEDIA02/CONTENIDOS/201411/06/00120739302105____1__600x600.jpg","price":"9,61 €","price_unit":"(19,22 € / 100 gr.)","categories":["Supermercado","Dietéticos","Complementos nutricionales","Cardiovascular y circulatorio","SANTIVERI Bio Erba Tensor Mixtract T8 ayuda a mantener la tensión arterial normal ecológico envase 50 cc"],"general_information":[],"ingredients":[],"ean":"8412170032736"},{"full_name":"SANTIVERI Florase colesterol envase 18 g","name":"Florase colesterol envase 18 g","brand":"SANTIVERI ","img":"https://sgfm.elcorteingles.es/SGFM/dctm/MEDIA02/CONTENIDOS/201504/20/00120737406924____1__600x600.jpg","price":"17,80 €","price_unit":"(98,89 € / 100 gr.)","categories":["Supermercado","Dietéticos","Complementos nutricionales","Cardiovascular y circulatorio","SANTIVERI Florase colesterol envase 18 g"],"general_information":[" Complemento alimenticio a base de arroz de levadura roja y fermentos lácticos. Ayuda a controla los niveles de colesterol.Sin lactosa."],"ingredients":[],"ean":"8412170031944"},{"full_name":"SANTIVERI Acticir Venosan Piernas Ligeras favorece el funcionamiento de los vasos sanguíneos envase 10 unidades y ayuda a reducir el cansancio y la fatiga con vitamina C","name":"Acticir Venosan Piernas Ligeras favorece el funcionamiento de los vasos sanguíneos envase 10 unidades","brand":"SANTIVERI ","img":"https://sgfm.elcorteingles.es/SGFM/dctm/MEDIA03/201709/27/00120748701479____1__600x600.jpg","price":"15,95 €","price_unit":"(159,50 € / Kilo)","categories":["Supermercado","Dietéticos","Complementos nutricionales","Cardiovascular y circulatorio","SANTIVERI Acticir Venosan Piernas Ligeras favorece el funcionamiento de los vasos sanguíneos envase 10 unidades y ayuda a reducir el cansancio y la fatiga con vitamina C"],"general_information":["Denominación del alimento: ACTICIR VENOSAN viales. COMPLEMENTO","Nombre del operador: CASA SANTIVERI S.L.","Dirección del operador: ENCUNY 8, 08038 BARCELONA","Cantidad Neta: 100 Centímetro cúbico"],"ingredients":[" agua, sirope de savia de arce, acerola en polvo, vitamina c (ácido l-ascórbico) (5,5mg), concentrado de aronia (5%), extracto grosellero negro (2,5%), extracto de aronia, aroma, extracto de rusco (,7%), maltodextrina, sorbato potásico (conservador)"],"ean":"8412170027039"},{"full_name":"SANTIVERI aceite de ajo en perlas 500 mg frasco 120 unidades","name":"aceite de ajo en perlas 500 mg frasco 120 unidades","brand":"SANTIVERI ","img":"https://sgfm.elcorteingles.es/SGFM/dctm/MEDIA02/CONTENIDOS/201410/22/00120737401032____1__600x600.jpg","price":"11,05 €","price_unit":"(13,81 € / 100 gr.)","categories":["Supermercado","Dietéticos","Complementos nutricionales","Cardiovascular y circulatorio","SANTIVERI aceite de ajo en perlas 500 mg frasco 120 unidades"],"general_information":["Denominación del alimento: Complemento alimenticio a base de a","Nombre del operador: CASA SANTIVERI S.L.","Dirección del operador: ENCUNY 8, 08038 BARCELONA","Cantidad Neta: 80 g"],"ingredients":[" aceite de girasol, gelatina, glicerol, aceite de ajo (,8%), extracto rico en tocoferoles (antioxidante)"],"ean":"8412170025943"},{"full_name":"SANTIVERI aceite de hígado de bacalao perlas 500 envase 120 unidades","name":"aceite de hígado de bacalao perlas 500 envase 120 unidades","brand":"SANTIVERI ","img":"https://sgfm.elcorteingles.es/SGFM/01/32/1/0120737401321/0120737401321000g01011.jpg","price":"13,85 €","price_unit":"(11,54 € / 100 gr.)","categories":["Supermercado","Dietéticos","Complementos nutricionales","Cardiovascular y circulatorio","SANTIVERI aceite de hígado de bacalao perlas 500 envase 120 unidades"],"general_information":["Denominación del alimento: ACEITE HÍGADO BACALAO. COMPLEMENTO","Nombre del operador: CASA SANTIVERI S.L.","Dirección del operador: ENCUNY 8, 08038 BARCELONA","Cantidad Neta: 80 g"],"ingredients":[" ACEITE DE HÍGADO DE BACALAO, gelatina, glicerina, vitamina e (d-alfatocoferol)"],"ean":"8412170017139"},{"full_name":"SANTIVERI perlas DHA + EPA aceites de pescado perlas estuche 40 unidades","name":"perlas DHA + EPA aceites de pescado perlas estuche 40 unidades","brand":"SANTIVERI ","img":"https://sgfm.elcorteingles.es/SGFM/dctm/MEDIA02/CONTENIDOS/201411/14/00120737401149____1__600x600.jpg","price":"13,39 €","price_unit":"(334,75 € / Kilo)","categories":["Supermercado","Dietéticos","Complementos nutricionales","Cardiovascular y circulatorio","SANTIVERI perlas DHA + EPA aceites de pescado perlas estuche 40 unidades"],"general_information":["Denominación del alimento: OMEGA 3 perlas. COMPLEMENTO ALIMENT","Nombre del operador: CASA SANTIVERI S.L.","Dirección del operador: ENCUNY 8, 08038 BARCELONA","Cantidad Neta: 26 g"],"ingredients":[" ACEITE DE ATÚN, gelatina, glicerina, vitamina e (d-alfatocoferol)"],"ean":"8412170012998"},{"full_name":"SANTIVERI Bio extracto natural de espino blanco envase 50 cc","name":"Bio extracto natural de espino blanco envase 50 cc","brand":"SANTIVERI ","img":"https://sgfm.elcorteingles.es/SGFM/dctm/MEDIA02/CONTENIDOS/201411/06/00120739301925____1__600x600.jpg","price":"8,53 €","price_unit":"(17,06 € / 100 gr.)","categories":["Supermercado","Dietéticos","Complementos nutricionales","Cardiovascular y circulatorio","SANTIVERI Bio extracto natural de espino blanco envase 50 cc"],"general_information":[],"ingredients":[],"ean":"8412170032507"},{"full_name":"SANTIVERI Bio extracto natural de ginkgo biloba envase 50 cc","name":"Bio extracto natural de ginkgo biloba envase 50 cc","brand":"SANTIVERI ","img":"https://sgfm.elcorteingles.es/SGFM/dctm/MEDIA02/CONTENIDOS/201411/06/00120739301941____1__600x600.jpg","price":"10,79 €","price_unit":"(21,58 € / 100 gr.)","categories":["Supermercado","Dietéticos","Complementos nutricionales","Cardiovascular y circulatorio","SANTIVERI Bio extracto natural de ginkgo biloba envase 50 cc"],"general_information":[],"ingredients":[],"ean":"8412170032538"},{"full_name":"SANTIVERI Bio erba venal extracto natural mixtract V 14 envase 50 cc","name":"Bio erba venal extracto natural mixtract V 14 envase 50 cc","brand":"SANTIVERI ","img":"https://sgfm.elcorteingles.es/SGFM/dctm/MEDIA02/CONTENIDOS/201411/06/00120739301990____1__600x600.jpg","price":"9,61 €","price_unit":"(19,22 € / 100 gr.)","categories":["Supermercado","Dietéticos","Complementos nutricionales","Cardiovascular y circulatorio","SANTIVERI Bio erba venal extracto natural mixtract V 14 envase 50 cc"],"general_information":[],"ingredients":[],"ean":"8412170032668"},{"full_name":"SANTIVERI Bio erba col extracto natural mixtract C 15 envase 50 cc","name":"Bio erba col extracto natural mixtract C 15 envase 50 cc","brand":"SANTIVERI ","img":"https://sgfm.elcorteingles.es/SGFM/dctm/MEDIA02/CONTENIDOS/201411/06/00120739302006____1__600x600.jpg","price":"9,61 €","price_unit":"(19,22 € / 100 gr.)","categories":["Supermercado","Dietéticos","Complementos nutricionales","Cardiovascular y circulatorio","SANTIVERI Bio erba col extracto natural mixtract C 15 envase 50 cc"],"general_information":[],"ingredients":[],"ean":"8412170032651"},{"full_name":"SANTIVERI Smartikids DHA omega 3 sabor fruta 60 perlas masticables para niños envase 40 g","name":"Smartikids DHA omega 3 sabor fruta 60 perlas masticables para niños envase 40 g","brand":"SANTIVERI ","img":"https://sgfm.elcorteingles.es/SGFM/dctm/MEDIA02/CONTENIDOS/201411/06/00200348703364____1__600x600.jpg","price":"15,70 €","price_unit":"(392,50 € / Kilo)","categories":["Supermercado","Dietéticos","Complementos nutricionales","Cardiovascular y circulatorio","SANTIVERI Smartikids DHA omega 3 sabor fruta 60 perlas masticables para niños envase 40 g"],"general_information":["Denominación del alimento: SMARTKIDS perlas. COMPLEMENTO ALIME","Nombre del operador: CASA SANTIVERI S.L.","Dirección del operador: ENCUNY 8, 08038 BARCELONA","Cantidad Neta: 40 g"],"ingredients":[" BIOPURE DHA (ACEITE ATÚN + ANTIOXIDANTE TOCOFEROL) (70,5%), gelatina, glicerol, almidón, aroma, vitamina e (d-alfatocoferol), aceite de girasol, aceite de naranjo, agua, sucralosa (edulcorante), triglicéridos de cadena media, vitamina d (colecalciferol), alfatocoferol (antioxidante)"],"ean":"8412170032804"},{"full_name":"WEIDER UP Omega gominolas con aceite omega 3-8-9 sin gluten sabor lima 50 unidades bote 200 g","name":"UP Omega gominolas con aceite omega 3-8-9 sin gluten sabor lima 50 unidades bote 200 g","brand":"WEIDER ","img":"https://sgfm.elcorteingles.es/SGFM/dctm/MEDIA03/201606/01/00120737407104____1__600x600.jpg","price":"8,75 €","categories":["Supermercado","Dietéticos","Complementos nutricionales","Cardiovascular y circulatorio","WEIDER UP Omega gominolas con aceite omega 3-8-9 sin gluten sabor lima 50 unidades bote 200 g"],"general_information":["Denominación del alimento: Complemento alimenticio.","Nombre del operador: Weider Nutrition, S.L.","Dirección del operador: C/ Electrónica, 39/41 - 28923 Alcorcón (Madrid)","Cantidad Neta: 200 g"],"ingredients":[" complemento alimenticio en forma de gominolas con aceite de perilla, sacarosa, jarabe de glucosa, agua, gelificante:oecticina, dextrosa, aroma de lima, aceite de perilla, humectante:sorbitoles, acidulante:ácido cítrico, aceite de coco, agentes de recubrimiento:cera de abeja, cera carnauba,colorantes:curcumina, azul brillante FCF."],"conservation":" Conservar en lugar fresco, seco y oscuro.","ean":"8414192309834"},{"full_name":"YNSADIET Zentrum ajo negro con olivo y espino blanco ayuda a mantener la tensión arterial normal envase 30 cápsulas","name":"Zentrum ajo negro con olivo y espino blanco ayuda a mantener la tensión arterial normal envase 30 cápsulas","brand":"YNSADIET ","img":"https://sgfm.elcorteingles.es/SGFM/dctm/MEDIA03/201605/18/00120748704077____1__600x600.jpg","price":"12,99 €","price_unit":"(51,96 € / 100 gr.)","categories":["Supermercado","Dietéticos","Complementos nutricionales","Cardiovascular y circulatorio","YNSADIET Zentrum ajo negro con olivo y espino blanco ayuda a mantener la tensión arterial normal envase 30 cápsulas"],"general_information":[],"ingredients":[],"ean":"8412016365158"},{"full_name":"YNSADIET Zentrum Omega 3 Cardio Plus contribuye al funcionamiento normal del corazón envase 60 cápsulas","name":"Zentrum Omega 3 Cardio Plus contribuye al funcionamiento normal del corazón envase 60 cápsulas","brand":"YNSADIET ","img":"https://sgfm.elcorteingles.es/SGFM/dctm/MEDIA03/201605/18/00200348703927____1__600x600.jpg","price":"13,90 €","price_unit":"(17,38 € / 100 gr.)","categories":["Supermercado","Dietéticos","Complementos nutricionales","Cardiovascular y circulatorio","YNSADIET Zentrum Omega 3 Cardio Plus contribuye al funcionamiento normal del corazón envase 60 cápsulas"],"general_information":[],"ingredients":[],"ean":"8412016364229"},{"full_name":"CORPORE BEAUTY Omega 3-6-9 mantiene el colesterol en equilibrio 60 perlas bote 80 g","name":"Omega 3-6-9 mantiene el colesterol en equilibrio 60 perlas bote 80 g","brand":"CORPORE BEAUTY ","img":"https://sgfm.elcorteingles.es/SGFM/dctm/MEDIA02/CONTENIDOS/201503/24/00120748703434____1__600x600.jpg","price":"15,09 €","price_unit":"(188,62 € / Kilo)","categories":["Supermercado","Dietéticos","Complementos nutricionales","Cardiovascular y circulatorio","CORPORE BEAUTY Omega 3-6-9 mantiene el colesterol en equilibrio 60 perlas bote 80 g"],"general_information":["Denominación del alimento: Complemento alimenticio","Nombre del operador: WorldNut Nutricosmética Natural S.L.U.","Dirección del operador: C/ Grècia nº 3 (Pol. Ind. Recinte Firal) 17600 - Figueres (Girona)","Lugar de procedencia del alimento: Producido en la UE.","Cantidad Neta: 80 g","Número de raciones por envase: 60","Otras menciones obligatorias en la etiqueta: Los complementos alimenticios no deben utilizarse como sustitutos de una dieta variada y equilibrada ni de un modo de vida sano. No superar la dosis diaria expresamente recomendada. Mantener fuera del alcance de los niños. En caso de embarazo consulte con su médico antes de iniciar la toma del producto."],"ingredients":[" Por cápsula: Aceite de pescado 18 % EPA, 12 % DHA (332 mg), Aceite de Onagra 10% CLA (332 mg), Aceite de semilla de Lino 65% Ácido Linoleico (332mg), Vitamina E Natural (5 mg), Gelatina (230.04 mg), Glicerina (104,56 mg). Contiene pescado."],"conservation":" Conservar en un lugar fresco y seco, protegido de la luz solar directa.","ean":"8437012193284"},{"full_name":"PRISMA NATURAL Castaño de Indias + Hamamelis + Selenio para venas varicosas e insuficiencia venosa envase 30 cápsulas","name":"Castaño de Indias + Hamamelis + Selenio para venas varicosas e insuficiencia venosa envase 30 cápsulas","brand":"PRISMA NATURAL ","img":"https://sgfm.elcorteingles.es/SGFM/dctm/MEDIA03/201702/01/00120737407443____1__600x600.jpg","price":"8,99 €","price_unit":"(642,14 € / Kilo)","categories":["Supermercado","Dietéticos","Complementos nutricionales","Cardiovascular y circulatorio","PRISMA NATURAL Castaño de Indias + Hamamelis + Selenio para venas varicosas e insuficiencia venosa envase 30 cápsulas"],"general_information":["Denominación del alimento: Suplemento alimentario","Nombre del operador: Nueva Dietética S.L.","Dirección del operador: P.I. Espaldillas. C/Espaldillas Diez 26-28,  41500 Alcalá de Guadaira, Sevilla.","Cantidad Neta: 14.28 g"],"ingredients":[" Excipientes, Castaño Extracto Seco, Hamamelis Extracto seco, Selenio."],"conservation":" Conservar en lugar fresco, seco y alejado de la luz. Conservar a temperatura no superior a 30°C.","ean":"8436048047561"},{"full_name":"PRISMA NATURAL Perfil Omega 3 contribuye al mantenimiento del corazón, visión y  cerebro envase 100 comprimidos","name":"Perfil Omega 3 contribuye al mantenimiento del corazón, visión y  cerebro envase 100 comprimidos","brand":"PRISMA NATURAL ","img":"https://sgfm.elcorteingles.es/SGFM/dctm/MEDIA03/201702/01/00120737407534____1__600x600.jpg","price":"21,20 €","price_unit":"(30,29 € / 100 gr.)","categories":["Supermercado","Dietéticos","Complementos nutricionales","Cardiovascular y circulatorio","PRISMA NATURAL Perfil Omega 3 contribuye al mantenimiento del corazón, visión y  cerebro envase 100 comprimidos"],"general_information":["Denominación del alimento: Suplemento alimentario","Nombre del operador: Nueva Dietética S.L.","Dirección del operador: P.I. Espaldillas. C/Espaldillas Diez 26-28,  41500 Alcalá de Guadaira, Sevilla.","Cantidad Neta: 70 g"],"ingredients":[" Aceite de Pescado (35% EPA y 25% DHA) 500 mg, vitamina E Natural 67% (d-alfa tocoferol) 2.5mg, Envoltura (gelatina y glicerina)."],"conservation":" Conservar en lugar fresco, seco y alejado de la luz. Conservar a temperatura no superior a 30°C.","ean":"8437006168076"},{"full_name":"PRISMA NATURAL Perfil Omega 3 contribuye al mantenimiento del corazón, visión y cerebro envase 90 comprimidos","name":"Perfil Omega 3 contribuye al mantenimiento del corazón, visión y cerebro envase 90 comprimidos","brand":"PRISMA NATURAL ","img":"https://sgfm.elcorteingles.es/SGFM/dctm/MEDIA03/201702/01/00200337406185____1__600x600.jpg","price":"35,90 €","price_unit":"(28,27 € / 100 gr.)","categories":["Supermercado","Dietéticos","Complementos nutricionales","Cardiovascular y circulatorio","PRISMA NATURAL Perfil Omega 3 contribuye al mantenimiento del corazón, visión y cerebro envase 90 comprimidos"],"general_information":["Denominación del alimento: Suplemento alimentario","Nombre del operador: Nueva Dietética S.L.","Dirección del operador: P.I. Espaldillas. C/Espaldillas Diez 26-28,  41500 Alcalá de Guadaira, Sevilla.","Cantidad Neta: 127.7 g"],"ingredients":[" Aceite de Pescado (35% EPA y 25% DHA) 1000 mg, Vitamina E Natural 67% (d-alfa tocoferol) 7,5mg, Vitaheess E sf PLUS* 0,2 mg, Envoltura (gelatina y glicerina)."],"conservation":" Conservar en lugar fresco, seco y alejado de la luz. Conservar a temperatura no superior a 30°C.","ean":"8436048041231"},{"full_name":"PRISMA NATURAL Ginkgo Biloba + Selenio mejora la circulación sanguinea del cerebro envase 30 cápsulas","name":"Ginkgo Biloba + Selenio mejora la circulación sanguinea del cerebro envase 30 cápsulas","brand":"PRISMA NATURAL ","img":"https://sgfm.elcorteingles.es/SGFM/dctm/MEDIA03/201702/01/00120737407468____1__600x600.jpg","price":"8,99 €","price_unit":"(642,14 € / Kilo)","categories":["Supermercado","Dietéticos","Complementos nutricionales","Cardiovascular y circulatorio","PRISMA NATURAL Ginkgo Biloba + Selenio mejora la circulación sanguinea del cerebro envase 30 cápsulas"],"general_information":["Denominación del alimento: Suplemento alimentario","Nombre del operador: Nueva Dietética S.L.","Dirección del operador: P.I. Espaldillas. C/Espaldillas Diez 26-28,  41500 Alcalá de Guadaira, Sevilla.","Cantidad Neta: 14.28 g"],"ingredients":[" Ginkgo Biloba Extracto Seco, Selenito de Na (0.05 Mg Ión Metal) y Excipientes."],"conservation":" Conservar en lugar fresco, seco y alejado de la luz. Conservar a temperatura no superior a 30°C.","ean":"8436048047592"},{"full_name":"NATURTIERRA ajo negro envejecido bote 20 cápsulas","name":"ajo negro envejecido bote 20 cápsulas","brand":"NATURTIERRA ","img":"https://sgfm.elcorteingles.es/SGFM/dctm/MEDIA03/201612/27/00120748704150____1__600x600.jpg","price":"5,94 €","categories":["Supermercado","Dietéticos","Complementos nutricionales","Cardiovascular y circulatorio","NATURTIERRA ajo negro envejecido bote 20 cápsulas"],"general_information":[],"ingredients":[],"ean":"8412016365370"},{"full_name":"NATURTIERRA Omega-3 80 cápsulas envase 200 g","name":"Omega-3 80 cápsulas envase 200 g","brand":"NATURTIERRA ","img":"https://sgfm.elcorteingles.es/SGFM/dctm/MEDIA02/CONTENIDOS/201407/21/00120748702766____1__600x600.jpg","price":"4,22 €","price_unit":"(2,11 € / 100 gr.)","categories":["Supermercado","Dietéticos","Complementos nutricionales","Cardiovascular y circulatorio","NATURTIERRA Omega-3 80 cápsulas envase 200 g"],"general_information":["Denominación del alimento: Complemento alimenticio elaborado a base de aceite de pescado azul.","Nombre del operador: Ynsadiet S.A.","Dirección del operador: Isaac Peral, 3 ? Pol. Ind. Ntra. Sra. de Butarque. 28914 Leganés (Madrid).","Cantidad Neta: 57.2 g"],"ingredients":[" Aceite de pescados fuente de Omega 3 (500 mg, eq. a 150 mg de Omega 3), Antioxidante (Vitamina E ? D-alfa-Tocoferol). Componentes de la cubierta de la cápsula: gelatina, glicerina y agua. Contiene derivados de pescados."],"conservation":" Ambiente seco y fresco. Una vez abierto el envase, manténgase bien cerrado.","ean":"8412016357870"},{"full_name":"NATURTIERRA Colesterol arroz rojo fermentado con extracto de olivo salud cardio-vascular blister 30 cápsulas","name":"Colesterol arroz rojo fermentado con extracto de olivo salud cardio-vascular blister 30 cápsulas","brand":"NATURTIERRA ","img":"https://sgfm.elcorteingles.es/SGFM/dctm/MEDIA03/201605/18/00120748704051____1__600x600.jpg","price":"5,96 €","price_unit":"(39,73 € / 100 gr.)","categories":["Supermercado","Dietéticos","Complementos nutricionales","Cardiovascular y circulatorio","NATURTIERRA Colesterol arroz rojo fermentado con extracto de olivo salud cardio-vascular blister 30 cápsulas"],"general_information":[],"ingredients":[],"ean":"8412016365141"},{"full_name":"EQUILIBRA Colest.Ok complemento alimenticio a base de monacolina K y arroz de levadura roja envase 30 comprimidos sin gluten para reducir el colesterol","name":"Colest.Ok complemento alimenticio a base de monacolina K y arroz de levadura roja envase 30 comprimidos","brand":"EQUILIBRA ","img":"https://sgfm.elcorteingles.es/SGFM/dctm/MEDIA03/201708/29/00120748704457____1__600x600.jpg","price":"11,50 €","categories":["Supermercado","Dietéticos","Complementos nutricionales","Cardiovascular y circulatorio","EQUILIBRA Colest.Ok complemento alimenticio a base de monacolina K y arroz de levadura roja envase 30 comprimidos sin gluten para reducir el colesterol"],"general_information":["Denominación del alimento: EQUILIBRA:COLEST-OK 30 CPR 9,9g","País de origen: Italia","Nombre del operador: Ofistrade S.A.","Dirección del operador: C/Buenos Aires 38-40, entlo. C - 08036 Barcelona","Lugar de procedencia del alimento: Italia","Cantidad Neta: 9.9 g"],"ingredients":[" Arroz de levadura roja de Monascus purpureus e.s.  tit. al 5% en Monacolina K, agente de carga: celulosa monocristalina; agentes antiaglomerantes: sales magnésicas de ácidos grasos, dióxido de silicio."],"conservation":" Consérvese en lugar fresco y seco.","ean":"8000137700493"},{"full_name":"EQUILIBRA Omega 3-6 con funcionalidad cardiaca y cerebral sin gluten envase 32 perlas","name":"Omega 3-6 con funcionalidad cardiaca y cerebral sin gluten envase 32 ","brand":"EQUILIBRA ","img":"https://sgfm.elcorteingles.es/SGFM/dctm/MEDIA03/201708/29/00120748704465____1__600x600.jpg","price":"13,50 €","categories":["Supermercado","Dietéticos","Complementos nutricionales","Cardiovascular y circulatorio","EQUILIBRA Omega 3-6 con funcionalidad cardiaca y cerebral sin gluten envase 32 perlas"],"general_information":["Denominación del alimento: EQUILIBRA:OMEGA 3-6 32 PRL 38,4g","País de origen: Italia","Nombre del operador: Ofistrade S.A.","Dirección del operador: C/Buenos Aires 38-40, entlo. C - 08036 Barcelona","Lugar de procedencia del alimento: Italia","Cantidad Neta: 38.4 g"],"ingredients":[" Aceite de PESCADO rico en EPA y DHA, Gelatina, Aceite de borraja (Borago officinalis L.) de semillas, Endurecedor: glicerina (E422); DL-alfa-tocoferol (Vitamina E)."],"conservation":" Consérvese en lugar fresco y seco.","ean":"8000137700509"},{"full_name":"NATURGREEN semillas de cáñamo ecológicas envase 200 g","name":"semillas de cáñamo ecológicas envase 200 g","brand":"NATURGREEN ","img":"https://sgfm.elcorteingles.es/SGFM/dctm/MEDIA03/201710/20/00120778400471____2__600x600.jpg","price":"5,69 €","price_unit":"(28,45 € / Kilo)","categories":["Supermercado","Dietéticos","Alimentación básica dietética","Cereales y semillas","NATURGREEN semillas de cáñamo ecológicas envase 200 g"],"general_information":["Denominación del alimento: Semillas de Cañamo","Nombre del operador: Laboratorios Almond SL","Dirección del operador: Avda. Cabecicos Blancos, Parcela 18 2.B. Parque empresarial Cabecicos Blancos 30892 - Librilla, Murcia (Spain)","Cantidad Neta: 200 g","Peso neto escurrido: 200 g","Otras menciones obligatorias en la etiqueta: Ingredientes procedentes de agricultura ecológica"],"ingredients":[" Semillas peladas de cáñamo (100%). Este producto puede contener frutos secos, soja y sésamo."],"conservation":" Almacenar en lugar fresco y seco, preferentemente protegido del aire y de la luz.","ean":"8436542190732"},{"full_name":"LINWOODS semillas de lino, nueces, almendras, nueces de Brasil y coenzima Q10 envase 200 g molidas en frío","name":"semillas de lino, nueces, almendras, nueces de Brasil y coenzima Q10 envase 200 g","brand":"LINWOODS ","img":"https://sgfm.elcorteingles.es/SGFM/dctm/MEDIA03/201705/18/00120778400687____1__600x600.jpg","price":"6,95 €","price_unit":"(34,75 € / Kilo)","categories":["Supermercado","Dietéticos","Alimentación básica dietética","Cereales y semillas","LINWOODS semillas de lino, nueces, almendras, nueces de Brasil y coenzima Q10 envase 200 g molidas en frío"],"general_information":["Denominación del alimento: Semillas de Lino, Nueces, Almendras, Nueces de Brasil y Cq10","Nombre del operador: JOHN WOODS (LISGLYN) LTD","Dirección del operador: 190 MONAGHAN RD. ARMAGH (IRELAND) BT60 4EZ (REINO UNIDO)","Cantidad Neta: 200 g"],"ingredients":[" 69% semillas de lino, 10% almendras, 10 %nueces de brasil, 10% nueces, 1% almidón de maíz (antiapelmazante), coenzima Q10."],"conservation":" Una vez abierto, mantener refrigerado y consumir en 45 días.","ean":"5016887004036"},{"full_name":"LINWOODS semillas de lino con girasol, calabaza, sésamo y bayas de Goji ecológicas envase 425 g molidas en frío","name":"semillas de lino con girasol, calabaza, sésamo y bayas de Goji ecológicas envase 425 g","brand":"LINWOODS ","img":"https://sgfm.elcorteingles.es/SGFM/dctm/MEDIA03/201706/15/00120778400810____1__600x600.jpg","price":"9,29 €","price_unit":"(21,86 € / Kilo)","categories":["Supermercado","Dietéticos","Alimentación básica dietética","Cereales y semillas","LINWOODS semillas de lino con girasol, calabaza, sésamo y bayas de Goji ecológicas envase 425 g molidas en frío"],"general_information":["Denominación del alimento: Semillas de lino, Girasol, Calabaza, Sésamo y Bayas de Goji","Nombre del operador: JOHN WOODS (LISGLYN) LTD","Dirección del operador: 190 MONAGHAN RD. ARMAGH (IRELAND) BT60 4EZ (REINO UNIDO)","Cantidad Neta: 425 g"],"ingredients":[" 43,5% semillas de lino*, 15 % semillas de calabaza*, 15 % semillas de girasol*, 12,5 % semillas de sésamo*, 12,5 % bayas de goji, 1 % almidón de maíz (antipelmazante).(*)=De cultivo ecológico."],"conservation":" Una vez abierto, mantener refrigerado y consumir en 45 días.","ean":"5016887003060"},{"full_name":"LINWOODS semillas de lino, girasol, calabaza, sésamo y bayas de Goji molidas en frío envase 200 g","name":"semillas de lino, girasol, calabaza, sésamo y bayas de Goji molidas en frío envase 200 g","brand":"LINWOODS ","img":"https://sgfm.elcorteingles.es/SGFM/dctm/MEDIA03/201705/18/00120778400679____1__600x600.jpg","price":"5,66 €","price_unit":"(28,30 € / Kilo)","categories":["Supermercado","Dietéticos","Alimentación básica dietética","Cereales y semillas","LINWOODS semillas de lino, girasol, calabaza, sésamo y bayas de Goji molidas en frío envase 200 g"],"general_information":["Denominación del alimento: Semillas de Lino, Girasol, Calabaza, Sésamo y Bayas de Goji","Nombre del operador: JOHN WOODS (LISGLYN) LTD","Dirección del operador: 190 MONAGHAN RD. ARMAGH (IRELAND) BT60 4EZ (REINO UNIDO)","Cantidad Neta: 200 g"],"ingredients":[" 43,5% semillas de lino*, 15 % semillas de calabaza*, 15 % semillas de girasol*, 12,5 % semillas de sésamo*, 12,5 % bayas de goji, 1 % almidón de maíz (antipelmazante).86% de ingredientes provienen de agricultura ecologica.(*)=De cultivo ecológico."],"conservation":" Una vez abierto, mantener refrigerado y consumir en 45 días.","ean":"5016887004029"},{"full_name":"LINWOODS semillas de lino molidas fuente de Omega 3 ecológicas envase 425 g","name":"semillas de lino molidas fuente de Omega 3 ecológicas envase 425 g","brand":"LINWOODS ","img":"https://sgfm.elcorteingles.es/SGFM/dctm/MEDIA03/201706/15/00120778400232____1__600x600.jpg","price":"8,95 €","categories":["Supermercado","Dietéticos","Alimentación básica dietética","Cereales y semillas","LINWOODS semillas de lino molidas fuente de Omega 3 ecológicas envase 425 g"],"general_information":["Denominación del alimento: Semillas de lino","Nombre del operador: JOHN WOODS (LISGLYN) LTD","Dirección del operador: 190 MONAGHAN RD. ARMAGH (IRELAND) BT60 4EZ (REINO UNIDO)","Cantidad Neta: 425 g"],"ingredients":[" semillas de lino*. No contiene levadura. Apta para vegetarianos.(*)=De cultivo ecológico."],"conservation":" Una vez abierto, mantener refrigerado y consumir en 45 días.","ean":"5016887003503"},{"full_name":"LINWOODS semillas de lino molidas en frío fuente de Omega 3 ecológicas envase 200 g","name":"semillas de lino molidas en frío fuente de Omega 3 ecológicas envase 200 g","brand":"LINWOODS ","img":"https://sgfm.elcorteingles.es/SGFM/dctm/MEDIA03/201705/18/00120778400661____1__600x600.jpg","price":"5,00 €","price_unit":"(25 € / Kilo)","categories":["Supermercado","Dietéticos","Alimentación básica dietética","Cereales y semillas","LINWOODS semillas de lino molidas en frío fuente de Omega 3 ecológicas envase 200 g"],"general_information":["Denominación del alimento: Semillas de lino","Nombre del operador: JOHN WOODS (LISGLYN) LTD","Dirección del operador: 190 MONAGHAN RD. ARMAGH (IRELAND) BT60 4EZ (REINO UNIDO)","Cantidad Neta: 200 g"],"ingredients":[" semillas de lino*.(*)=De cultivo ecológico."],"conservation":" Una vez abierto, mantener refrigerado y consumir en 45 días.","ean":"5016887003893"},{"full_name":"LINWOODS semillas de lino y bayas de Goji molidas en frío envase 200 g","name":"semillas de lino y bayas de Goji molidas en frío envase 200 g","brand":"LINWOODS ","img":"https://sgfm.elcorteingles.es/SGFM/dctm/MEDIA03/201705/18/00120778400653____1__600x600.jpg","price":"5,25 €","price_unit":"(26,25 € / Kilo)","categories":["Supermercado","Dietéticos","Alimentación básica dietética","Cereales y semillas","LINWOODS semillas de lino y bayas de Goji molidas en frío envase 200 g"],"general_information":["Denominación del alimento: Semillas de lino y Bayas de Goji","Nombre del operador: JOHN WOODS (LISGLYN) LTD","Dirección del operador: 190 MONAGHAN RD. ARMAGH (IRELAND) BT60 4EZ (REINO UNIDO)","Cantidad Neta: 200 g"],"ingredients":[" 84 % semilla de lino*, 15% bayas de goji, 1% almidon de maíz (antapelmazante).(*)=De cultivo ecológico."],"conservation":" Una vez abierto, mantener refrigerado y consumir en 45 días.","ean":"5016887003640"},{"full_name":"LINWOODS semillas de lino y chía con manzana y canela molidas en frío envase 200 g","name":"semillas de lino y chía con manzana y canela molidas en frío envase 200 g","brand":"LINWOODS ","img":"https://sgfm.elcorteingles.es/SGFM/dctm/MEDIA02/CONTENIDOS/201511/11/00120778400943____1__600x600.jpg","price":"7,33 €","price_unit":"(36,65 € / Kilo)","categories":["Supermercado","Dietéticos","Alimentación básica dietética","Cereales y semillas","LINWOODS semillas de lino y chía con manzana y canela molidas en frío envase 200 g"],"general_information":["Denominación del alimento: semillas de lino","Nombre del operador: JOHN WOODS (LISGLYN) LTD","Dirección del operador: 190 MONAGHAN RD. ARMAGH (IRELAND) BT60 4EZ (REINO UNIDO)","Cantidad Neta: 200 g"],"ingredients":[" 78% semillas de lino*, 10% semillas de chía (Salvia hispanica), 6% canela, 6% manzana liofilizada y en polvo.(*)=De cultivo ecológico."],"conservation":" Almacenar en un lugar fresco y seco.","ean":"5016887003817"},{"full_name":"SPECIAL LINE equinacea refuerza las defensas 100 comprimidos envase 50 g","name":"equinacea refuerza las defensas 100 comprimidos envase 50 g","brand":"SPECIAL LINE ","img":"https://sgfm.elcorteingles.es/SGFM/dctm/MEDIA03/201607/13/00120748703731____2__600x600.jpg","price":"4,50 €","price_unit":"(9 € / 100 gr.)","categories":["Supermercado","Dietéticos","Complementos nutricionales","Defensas","SPECIAL LINE equinacea refuerza las defensas 100 comprimidos envase 50 g"],"general_information":["Denominación del alimento: Complemento alimenticio.","Nombre del operador: Elaborado para el Grupo El Corte Ingles \nHermosilla, 112 \n28009 Madrid - España \npor CIF: B78966942","Cantidad Neta: 50 g"],"ingredients":[" Ingredientes: 250mg de Echinacea (Echinacea purpurea (L.)), 50mg de extracto de echinacea (4% polifenoles) (Echinacea purpurea (L.)), estabilizantes (E341 y E551), inulina y antiglomerante (E470b)."],"conservation":" Mantener en lugar fresco y seco.","ean":"8433329030786"},{"full_name":"SPECIAL LINE reishi refuerza las defensas y propiedades antioxidantes 90 cápsulas envase 50 g","name":"reishi refuerza las defensas y propiedades antioxidantes 90 cápsulas envase 50 g","brand":"SPECIAL LINE ","img":"https://sgfm.elcorteingles.es/SGFM/dctm/MEDIA03/201609/08/00120748703996____2__600x600.jpg","price":"8,45 €","categories":["Supermercado","Dietéticos","Complementos nutricionales","Defensas","SPECIAL LINE reishi refuerza las defensas y propiedades antioxidantes 90 cápsulas envase 50 g"],"general_information":["Denominación del alimento: Complemento alimenticio.","Nombre del operador: Elaborado para el Grupo El Corte Ingles \nHermosilla, 112 \n28009 Madrid - España \npor CIF: B78966942","Cantidad Neta: 45 g"],"ingredients":[" Ingredientes: 100mg Reishi (Ganoderma lucidum) extracto 20% polifenoles (equivalente a 600mg de hongo), 25mg ácido L-ascórbico (vitamina C). Agentes de carga: celulosa microcristalina (E 460) y maltodextrina. Cápsula vegetal (celulosa)."],"conservation":" Mantener en lugar fresco y seco.","ean":"8433329074537"},{"full_name":"SANTIVERI Real Frial própolis y equinácea refuerza las defensas 20 viales envase 200 cc","name":"Real Frial própolis y equinácea refuerza las defensas 20 viales envase 200 cc","brand":"SANTIVERI ","img":"https://sgfm.elcorteingles.es/SGFM/dctm/MEDIA02/CONTENIDOS/201408/13/00120733100885____2__600x600.jpg","price":"23,50 €","price_unit":"(117,50 € / Litro)","categories":["Supermercado","Dietéticos","Complementos nutricionales","Defensas","SANTIVERI Real Frial própolis y equinácea refuerza las defensas 20 viales envase 200 cc"],"general_information":["Denominación del alimento: REALFRIAL - COMPLEMENTO ALIMENTICIO","Nombre del operador: CASA SANTIVERI S.L.","Dirección del operador: ENCUNY 8, 08038 BARCELONA","Cantidad Neta: 200 Centímetro cúbico"],"ingredients":[" agua, miel, glicerina (estabilizador), equinácea purp. (3%), aroma, jalea real liofilizada (1,7%), vitamina c (ácido l-ascórbico), extracto de própolis (1%), sorbato potásico (conservador), seleniometionina, glucósidos de esteviol (edulcorante)"],"ean":"8412170031722"},{"full_name":"SANTIVERI Micosan inmunflu favorece las defensas naturales del organismo 40 cápsulas 18 g","name":"Micosan inmunflu favorece las defensas naturales del organismo 40 cápsulas  18 g","brand":"SANTIVERI ","img":"https://sgfm.elcorteingles.es/SGFM/dctm/MEDIA03/201611/25/00120737407237____1__600x600.jpg","price":"20,39 €            ","price_unit":"(108,33 € / 100 gr.)","categories":["Supermercado","Dietéticos","Complementos nutricionales","Defensas","SANTIVERI Micosan inmunflu favorece las defensas naturales del organismo 40 cápsulas 18 g"],"general_information":[],"ingredients":[],"ean":"8412170034242"},{"full_name":"SANTIVERI Micosan Puravida favorece las defensas naturales del organismo 40 cápsulas estuche 18 g","name":"Micosan Puravida favorece las defensas naturales del organismo 40 cápsulas estuche 18 g","brand":"SANTIVERI ","img":"https://sgfm.elcorteingles.es/SGFM/dctm/MEDIA03/201611/25/00120737407245____1__600x600.jpg","price":"20,39 €","price_unit":"(113,28 € / 100 gr.)","categories":["Supermercado","Dietéticos","Complementos nutricionales","Defensas","SANTIVERI Micosan Puravida favorece las defensas naturales del organismo 40 cápsulas estuche 18 g"],"general_information":[],"ingredients":[],"ean":"8412170034204"},{"full_name":"SANTIVERI Bio erba defens extracto natural mistract D 29 envase 50 cc","name":"Bio erba defens extracto natural mistract D 29 envase 50 cc","brand":"SANTIVERI ","img":"https://sgfm.elcorteingles.es/SGFM/dctm/MEDIA02/CONTENIDOS/201411/06/00120739302048____1__600x600.jpg","price":"9,61 €","price_unit":"(19,22 € / 100 gr.)","categories":["Supermercado","Dietéticos","Complementos nutricionales","Defensas","SANTIVERI Bio erba defens extracto natural mistract D 29 envase 50 cc"],"general_information":["Denominación del alimento: Complemento alimenticio a base de e","Nombre del operador: CASA SANTIVERI S.L.","Dirección del operador: ENCUNY 8, 08038 BARCELONA","Cantidad Neta: 50 Centímetro cúbico"],"ingredients":[" equinácea ecológica (40%), própolis ecológico (30%), romero ecológico (28%), tomillo ecológico (2%)"],"ean":"8412170032712"},{"full_name":"SANTIVERI Florase Kand probiótico fortalece las defensas sin lactosa 40 cápsulas envase 18 g","name":"Florase Kand probiótico fortalece las defensas sin lactosa 40 cápsulas envase 18 g","brand":"SANTIVERI ","img":"https://sgfm.elcorteingles.es/SGFM/dctm/MEDIA02/CONTENIDOS/201504/20/00200337405534____1__600x600.jpg","price":"17,80 €","price_unit":"(98,89 € / 100 gr.)","categories":["Supermercado","Dietéticos","Complementos nutricionales","Defensas","SANTIVERI Florase Kand probiótico fortalece las defensas sin lactosa 40 cápsulas envase 18 g"],"general_information":["Denominación del alimento: FLORASE KAND. COMPLEMENTO ALIMENTIC","Nombre del operador: CASA SANTIVERI S.L.","Dirección del operador: ENCUNY 8, 08038 BARCELONA","Cantidad Neta: 18 g"],"ingredients":[" extracto de reishi (38,88%), maltodextrina, gelatina vegetal, acerola en polvo (15,33%), streptococcus thermophilus (7,77%), lactobacillus plantarum (7,77%), fructooligosacáridos (6,42%), dióxido de silicio (antiaglomerante)"],"ean":"8412170031968"},{"full_name":"SANTIVERI Florase Infantil Kids probiótico con vitaminas y jalea real envase 80 cc sin lactosa 8 viales","name":"Florase Infantil Kids probiótico con vitaminas y jalea real envase 80 cc","brand":"SANTIVERI ","img":"https://sgfm.elcorteingles.es/SGFM/dctm/MEDIA02/CONTENIDOS/201504/20/00120737406940____1__600x600.jpg","price":"13,95 €","price_unit":"(174,38 € / Litro)","categories":["Supermercado","Dietéticos","Complementos nutricionales","Defensas","SANTIVERI Florase Infantil Kids probiótico con vitaminas y jalea real envase 80 cc sin lactosa 8 viales"],"general_information":[" Complemento alimenticio a base de fermentos bioactivos, vitaminas y jalea real. Cuida la flora intestinal, combate el desgaste diario con un aporte completo de vitaminas y suma energía con la jalea real.","Preparación: Tomar el contenido de un vial por día, por la mañana. Se puede tomar directamente o mezclado con zumo o agua."],"ingredients":["Ingredientes: Estabilizante (celulosa microcristalina), Lactobacillus acidophilus (19,6%), Lactobacillus reuteri (14,8%), Lactobacillus reuteri (14,8%), Lactobacillus rhamosus (9,8%), Bifidobacterium longum (5,9%), maltodextrina de patata. Sin lactosa y sin proteínas lácteas."],"ean":"8412170031951"},{"full_name":"WEIDER UP Inmune gominolas con vitaminas y equinácea sabor mandarina sin gluten 84 unidades bote 180 g","name":"UP Inmune gominolas con vitaminas y equinácea sabor mandarina sin gluten 84 unidades bote 180 g","brand":"WEIDER ","img":"https://sgfm.elcorteingles.es/SGFM/dctm/MEDIA03/201606/01/00120737407096____1__600x600.jpg","price":"8,75 €","categories":["Supermercado","Dietéticos","Complementos nutricionales","Defensas","WEIDER UP Inmune gominolas con vitaminas y equinácea sabor mandarina sin gluten 84 unidades bote 180 g"],"general_information":["Denominación del alimento: Complemento alimenticio.","Nombre del operador: Weider Nutrition, S.L.","Dirección del operador: C/ Electrónica, 39/41 - 28923 Alcorcón (Madrid)","Cantidad Neta: 180 g"],"ingredients":[" Complemento alimenticio en forma de gominolas a base de vitaminas y extracto de equinacia, con azúcares,sabor mandarina-naranja, sacarosa, jarabe de glucosa,, agua, gelatina, dextrosa, aroma natural de naranja, extracto de eqinacia, , vitamonas C, E, B6, B12, A, ácido fólico, vitamina D, biotina, humectante:sorbitoles, acidulante:ácido cítrico,, aceite de coco, agentes de recubrimientos: cera de abeja, cera camauba,colorante:carmines, agente de carga:maltodextrina."],"conservation":" Conservar en lugar fresco, seco y oscuro.","ean":"8414192309803"},{"full_name":"YNSADIET Reishi con vitamina C fortalece las defensas caja 46 g","name":"Reishi con vitamina C fortalece las defensas caja 46 g","brand":"YNSADIET ","img":"https://sgfm.elcorteingles.es/SGFM/dctm/MEDIA02/CONTENIDOS/201507/06/00120748703665____1__600x600.jpg","price":"18,85 €            ","price_unit":"(34,80 € / 100 gr.)","categories":["Supermercado","Dietéticos","Complementos nutricionales","Defensas","YNSADIET Reishi con vitamina C fortalece las defensas caja 46 g"],"general_information":[],"ingredients":[],"ean":"8412016363918"},{"full_name":"NATURTIERRA spray bucal de propóleo equinácea tomillo y eucalipto ayuda a las defensas envase 40 ml","name":"spray bucal de propóleo equinácea tomillo y eucalipto ayuda a las defensas envase 40 ml","brand":"NATURTIERRA ","img":"https://sgfm.elcorteingles.es/SGFM/dctm/MEDIA03/201605/18/00120739302188____1__600x600.jpg","price":"3,99 €            ","categories":["Supermercado","Dietéticos","Complementos nutricionales","Defensas","NATURTIERRA spray bucal de propóleo equinácea tomillo y eucalipto ayuda a las defensas envase 40 ml"],"general_information":["Denominación del alimento: Complemento alimenticio elaborado a base de propóleo y especies vegetales. Spray bucal.","Nombre del operador: Ynsadiet S.A.","Dirección del operador: Isaac Peral, 3 ? Pol. Ind. Ntra. Sra. de Butarque. 28914 Leganés (Madrid).","Cantidad Neta: 40 Mililitros","Otras menciones obligatorias en la etiqueta: La Damiana ayuda al mantenimiento de las relaciones y el apetito sexual. El zinc contribuye a la fertilidad y reproducción normales y al mantenimiento de niveles normales de testos-terona, mientras que la Vitamina B6 nos ayuda a reducir el cansancio y la fatiga."],"ingredients":[" Agua, Espesante (glicerina), Propóleo extracto fluido (Apis mellifica L, resina) (3300 mg), Echinacea extracto fluido (Echinacea purpurea (L) Moench, raíz) (1320 mg), Grosellero negro concentrado vegetal (Ribes nigrum L, hojas) (990 mg), Yemas de Pino (Pinus silvestris L, yemas) (440 mg), Tomillo concentrado vegetal (Thymus vulgaris L, hojas y flores) (220 mg), Eucalipto aceite esencial (Eucaliptus globulus Labill, hojas) (66 mg), Conservador (sorbato potásico)."],"conservation":" Ambiente seco y fresco. Con el tiempo, por la naturaleza de algunos de sus ingredientes, pueden existir pequeñas variaciones de color, sabor y olor de un lote a otro, pudiendo incluso aparecer pequeñas partículas, propias de determinados extractos de plantas. Estas pequeñas variaciones no influyen en las características del producto.","ean":"8412016364267"},{"full_name":"DRASANVI Inmunol contribuye al funcionamiento normal del sistema inmunitario envase 20 unidades","name":"Inmunol contribuye al funcionamiento normal del sistema inmunitario envase 20 unidades","brand":"DRASANVI ","img":"https://sgfm.elcorteingles.es/SGFM//00/14/7/0120719200147/0120719200147000g01011.jpg","price":"19,29 €","price_unit":"(0,96 € / Unidad)","categories":["Supermercado","Dietéticos","Complementos nutricionales","Defensas","DRASANVI Inmunol contribuye al funcionamiento normal del sistema inmunitario envase 20 unidades"],"general_information":[],"ingredients":[],"ean":"8437006921374"},{"full_name":"PRISMA NATURAL Moringa + Açai con vitaminas B y D fortalece el sistema inmunitario envase 60 comprimidos","name":"Moringa + Açai con vitaminas B y D fortalece el sistema inmunitario envase 60 comprimidos","brand":"PRISMA NATURAL ","img":"https://sgfm.elcorteingles.es/SGFM/dctm/MEDIA03/201702/01/00120737407526____1__600x600.jpg","price":"12,95 €","price_unit":"(26,98 € / 100 gr.)","categories":["Supermercado","Dietéticos","Complementos nutricionales","Defensas","PRISMA NATURAL Moringa + Açai con vitaminas B y D fortalece el sistema inmunitario envase 60 comprimidos"],"general_information":["Denominación del alimento: Suplemento alimentario","Nombre del operador: Nueva Dietética S.L.","Dirección del operador: P.I. Espaldillas. C/Espaldillas Diez 26-28,  41500 Alcalá de Guadaira, Sevilla.","Cantidad Neta: 48 g"],"ingredients":[" Moringa Oleifera Extracto Seco, Semilla 1200 mg, Vitamina C (ácido ascorbico) 80 mg 100% V.R.N., Prosolv 60mg, Açai (Euterpe oleracea) extracto seco 4:1, fruto 50mg, Óxido de Zinc 10 mg 138% V.R.N., Vitamina B6 (Piridoxina) 1,4 mg 100% V.R.N., Vitamina B1 (Tiamina) 1,1mg 100% V.R.N., Vitamina B7 (Biotina) 0,05mg 100% V.R.N., Picolinato de cromo 0,04mg 12% V.R.N., Vitamina B12 (Cianocobalamina) 0,0016mg 32% V.R.N., Celulosa microcristalina (agente de carga), Estearato de Magnesio (Antiaglomerante)."],"conservation":" Conservar en lugar fresco, seco y alejado de la luz. Conservar a temperatura no superior a 30°C.","ean":"8436048048841"},{"full_name":"PRISMA NATURAL Planta Plus Forte para personas con estados carenciales 20 ampollas 250 g","name":"Planta Plus Forte para personas con estados carenciales 20 ampollas  250 g","brand":"PRISMA NATURAL ","img":"https://sgfm.elcorteingles.es/SGFM/dctm/MEDIA03/201702/01/00120737407633____1__600x600.jpg","price":"20,60 €","price_unit":"(82,40 € / Kilo)","categories":["Supermercado","Dietéticos","Complementos nutricionales","Defensas","PRISMA NATURAL Planta Plus Forte para personas con estados carenciales 20 ampollas 250 g"],"general_information":["Denominación del alimento: Suplemento alimentario","Nombre del operador: Nueva Dietética S.L.","Dirección del operador: P.I. Espaldillas. C/Espaldillas Diez 26-28,  41500 Alcalá de Guadaira, Sevilla.","Cantidad Neta: 200 Mililitros"],"ingredients":[" Agua, Fructosa, Sorbitol, Jalea Real 7 % (700 mg/ampolla), Própolis 2.5 % (250 mg/ampolla), Echinacea (Echinacea purpúrea) 2.5 % (250 mg/ampolla), Harpagofito (Harpagophymtum procumbens ) 2 % (200 mg/ampolla), Ginkgo biloba 1 % (100 mg/ampolla), Sauce (Salix alba) 1 % (100 mg/ampolla), Espino Blanco (Crataegus oxyacantha) 1% (100 mg/ampolla), Castaño de Indias (Aesculus hippocastanum) 1% (100 mg/ampolla), Omega-3 de Manzana en forma de Ala (Ac. Alfa linolénico) 1 % (100 mg/ampolla), Aroma de Naranja, Vitamina C (Ac. L-Ascórbico), Conservador (Sorbato potásico), Vitamina E (Acetato de Dl-alfa tocoferol), Vitamina A (Palmitato de retinilo), Cloruro de Cromo."],"conservation":" Conservar en lugar fresco, seco y alejado de la luz. Conservar a temperatura no superior a 30°C.","ean":"8437006168489"},{"full_name":"PRISMA NATURAL Planta BB Kids refuerza las defensas para niños 20 ampollas 250 g","name":"Planta BB Kids refuerza las defensas para niños 20 ampollas  250 g","brand":"PRISMA NATURAL ","img":"https://sgfm.elcorteingles.es/SGFM/dctm/MEDIA03/201702/01/00120737407609____1__600x600.jpg","price":"20,60 €","price_unit":"(82,40 € / Kilo)","categories":["Supermercado","Dietéticos","Complementos nutricionales","Defensas","PRISMA NATURAL Planta BB Kids refuerza las defensas para niños 20 ampollas 250 g"],"general_information":["Denominación del alimento: Suplemento alimentario","Nombre del operador: Nueva Dietética S.L.","Dirección del operador: P.I. Espaldillas. C/Espaldillas Diez 26-28,  41500 Alcalá de Guadaira, Sevilla.","Cantidad Neta: 200 Mililitros"],"ingredients":[" Agua, Fructosa, Jalea Real 5 % (500 mg/ampolla), Aroma de Fresa, Gluconato de Calcio ?Lactato cálcico 1 % (100 mg/ampolla), Tomillo (Thymus vulgaris L.) 1 % (100mg/ampolla), Própolis 1 % (100 mg/ampolla), Echinacea (Echinacea purpurea) 1 % (100 mg/ampolla), Colina citrato 0.5 % (50 mg/ampolla), Vitamina C (Ac. L scórbico), Omega-3 de Manzana en forma de Ala (Ac. Alfa linolénico) 0.25 % (25mg/ampolla), Calostros 0.25 % (25 mg/ampolla), Acidulante (Ac. Cítrico), Conservador (Sorbato potásico), Vitamina E (Acetato de Dl-alfa tocoferol), Vitamina B5 (D-Pantetonato de Calcio), Vitamina B2 (Riboflavina), Vitamina B1 (Tiamina Clorhidrato), Ácido Fólico (Ac Pteroilmonoglutamico), Biotina (D-Biotina), Vitamina D (Colecalciferol), Vitamina B12 (Cianocobalamina) ."],"conservation":" Conservar en lugar fresco, seco y alejado de la luz. Conservar a temperatura no superior a 30°C.","ean":"8437006168502"},{"full_name":"PRISMA NATURAL Planta Biotic Inmuno Defen reactiva el sistema inmunitario 20 ampollas 250 g","name":"Planta Biotic Inmuno Defen reactiva el sistema inmunitario 20 ampollas  250 g","brand":"PRISMA NATURAL ","img":"https://sgfm.elcorteingles.es/SGFM/dctm/MEDIA03/201702/01/00120737407617____1__600x600.jpg","price":"26,70 €","price_unit":"(10,68 € / 100 gr.)","categories":["Supermercado","Dietéticos","Complementos nutricionales","Defensas","PRISMA NATURAL Planta Biotic Inmuno Defen reactiva el sistema inmunitario 20 ampollas 250 g"],"general_information":["Denominación del alimento: Suplemento alimentario","Nombre del operador: Nueva Dietética S.L.","Dirección del operador: P.I. Espaldillas. C/Espaldillas Diez 26-28,  41500 Alcalá de Guadaira, Sevilla.","Cantidad Neta: 200 Mililitros"],"ingredients":[" Agua, Fructosa, Própolis 1000 mg, Jalea real 750 mg/amp, Echinacea purpúrea 500 mg, Tomillo 250 mg, Aroma de Naranja, Shiitake 100 mg, Helychrisium arenarium 100 mg, Acidulante (Ac. Cítrico), Vitamina C (Ac. L-Ascorbico) 0.6 % (60mg/ampo), Calostros 50 mg,  Jugo concentrado de mirtilo 50 mg, Maltodextrina, L-Leucina 20 mg,  L-Lisina 20 mg, L-Treonina 20 mg, L.-Valina 10 mg, Vitamina E (Acetato de Dl-alfa tocoferol), Conservador (Sorbato potásico), Vitamina B5 (D-Pantetonato de Calcio),Vitamina B2 (Riboflavina), Vitamina B1 (Tiamina Clorhidrato), Ácido Fólico (Ac Pteroilmonoglutamico), Biotina (D-Biotina), Gluconato de Cobre 0.05 mg, Vitamina D (Colecalciferol), Vitamina B12 (Cianocobalamina) ."],"conservation":" Conservar en lugar fresco, seco y alejado de la luz. Conservar a temperatura no superior a 30°C.","ean":"8437006168472"},{"full_name":"PRISMA NATURAL Propóleo + Reishi + Shiitake + Maitake mejora las defensas envase 30 cápsulas","name":"Propóleo + Reishi + Shiitake + Maitake mejora las defensas envase 30 cápsulas","brand":"PRISMA NATURAL ","img":"https://sgfm.elcorteingles.es/SGFM/dctm/MEDIA03/201702/01/00120737407427____1__600x600.jpg","price":"11,00 €","price_unit":"(785,71 € / Kilo)","categories":["Supermercado","Dietéticos","Complementos nutricionales","Defensas","PRISMA NATURAL Propóleo + Reishi + Shiitake + Maitake mejora las defensas envase 30 cápsulas"],"general_information":["Denominación del alimento: Suplemento alimentario","Nombre del operador: Nueva Dietética S.L.","Dirección del operador: P.I. Espaldillas. C/Espaldillas Diez 26-28,  41500 Alcalá de Guadaira, Sevilla.","Cantidad Neta: 14.28 g"],"ingredients":[" Propólis extracto seco, Maitake extracto seco, Reishi extracto seco, Shitake extracto seco, Xylitol/Mannitol, Povidone K30, Talco, Goma laca."],"conservation":" Conservar en lugar fresco, seco y alejado de la luz. Conservar a temperatura no superior a 30°C.","ean":"8436048047660"},{"full_name":"FLORASE UROL defensas y vías urinarias 40 cápsulas envase 18 g","name":"UROL defensas y vías urinarias 40 cápsulas envase 18 g","brand":"FLORASE ","img":"https://sgfm.elcorteingles.es/SGFM/dctm/MEDIA02/CONTENIDOS/201504/20/00120737406916____2__600x600.jpg","price":"17,80 €","price_unit":"(988,89 € / Kilo)","categories":["Supermercado","Dietéticos","Complementos nutricionales","Defensas","FLORASE UROL defensas y vías urinarias 40 cápsulas envase 18 g"],"general_information":["Denominación del alimento: FLORASE UROL CAPSULAS. COMPLEMENTO","Nombre del operador: CASA SANTIVERI S.L.","Dirección del operador: ENCUNY 8, 08038 BARCELONA","Cantidad Neta: 18 g"],"ingredients":[" equinácea purp. (33,4%), d-manosa (27,78%), gelatina vegetal, gayuba (12,78%), maltodextrina, lactobacillus rhamnosus (3,88%), lactobacillus plantarum (3,88%), dióxido de silicio (antiaglomerante), vitamina b6 (clorhidrato de piridoxina)"],"ean":"8412170031975"},{"full_name":"SANTIVERI aceite de germen de trigo perlas 500 mg envase 120 unidades","name":"aceite de germen de trigo perlas 500 mg envase 120 unidades","brand":"SANTIVERI ","img":"https://sgfm.elcorteingles.es/SGFM/dctm/MEDIA02/CONTENIDOS/201410/22/00120737401057____1__600x600.jpg","price":"15,15 €","price_unit":"(12,62 € / 100 gr.)","categories":["Supermercado","Dietéticos","Complementos nutricionales","Dérmicos (piel, uñas, pelo)","SANTIVERI aceite de germen de trigo perlas 500 mg envase 120 unidades"],"general_information":["Denominación del alimento: Complemento alimenticio a base de a","Nombre del operador: CASA SANTIVERI S.L.","Dirección del operador: ENCUNY 8, 08038 BARCELONA","Cantidad Neta: 84 g"],"ingredients":[" ACEITE DE GERMEN DE TRIGO, vitamina e (acetato de dl-alfatocoferilo), gelatina, glicerol (humectante)"],"ean":"8412170017122"},{"full_name":"SANTIVERI Salvia favorece la regularidad del proceso de sudoración envase 75 comprimidos","name":"Salvia favorece la regularidad del proceso de sudoración envase 75 comprimidos","brand":"SANTIVERI ","img":"https://sgfm.elcorteingles.es/SGFM/dctm/MEDIA03/201709/27/00120737402261____1__600x600.jpg","price":"5,22 €","price_unit":"(16,31 € / 100 gr.)","categories":["Supermercado","Dietéticos","Complementos nutricionales","Dérmicos (piel, uñas, pelo)","SANTIVERI Salvia favorece la regularidad del proceso de sudoración envase 75 comprimidos"],"general_information":[],"ingredients":[],"ean":"8412170004504"},{"full_name":"SANTIVERI Vigor Sol perlas frasco 40 unidades","name":"Vigor Sol perlas frasco 40 unidades","brand":"SANTIVERI ","img":"https://sgfm.elcorteingles.es/SGFM//06/27/0/0120737406270/0120737406270000g01011.jpg","price":"6,50 €","price_unit":"(162,50 € / Kilo)","categories":["Supermercado","Dietéticos","Complementos nutricionales","Dérmicos (piel, uñas, pelo)","SANTIVERI Vigor Sol perlas frasco 40 unidades"],"general_information":["Denominación del alimento: Complemento alimenticio con vitamin","Nombre del operador: CASA SANTIVERI S.L.","Dirección del operador: ENCUNY 8, 08038 BARCELONA","Cantidad Neta: 14 g"],"ingredients":[" aceite de girasol, gelatina, glicerol, LEVADURA DE CERVEZA, sulfato de cinc, vitamina e (acetato de dl-alfatocoferilo), cera de abejas amarilla, aceite de maíz, LECITINA DE SOJA (EMULGENTE), beta-caroteno"],"ean":"8412170010833"},{"full_name":"SANTIVERI Multivigor cabellos uñas y piel envase 48 comprimidos","name":"Multivigor cabellos uñas y piel envase 48 comprimidos","brand":"SANTIVERI ","img":"https://sgfm.elcorteingles.es/SGFM/01/23/0/0120740601230/0120740601230000g01011.jpg","price":"9,95 €","price_unit":"(30,15 € / 100 gr.)","categories":["Supermercado","Dietéticos","Complementos nutricionales","Dérmicos (piel, uñas, pelo)","SANTIVERI Multivigor cabellos uñas y piel envase 48 comprimidos"],"general_information":[],"ingredients":[],"ean":"8412170011533"},{"full_name":"SANTIVERI Florase Derma probiótico para el bienestar de la piel sin lactosa 40 cápsulas envase 16 g","name":"Florase Derma probiótico para el bienestar de la piel sin lactosa 40 cápsulas envase 16 g","brand":"SANTIVERI ","img":"https://sgfm.elcorteingles.es/SGFM/dctm/MEDIA02/CONTENIDOS/201504/20/00200337405567____1__600x600.jpg","price":"17,80 €","price_unit":"(111,25 € / 100 gr.)","categories":["Supermercado","Dietéticos","Complementos nutricionales","Dérmicos (piel, uñas, pelo)","SANTIVERI Florase Derma probiótico para el bienestar de la piel sin lactosa 40 cápsulas envase 16 g"],"general_information":["Denominación del alimento: FLORASE DERMA CAPSULAS. COMPLEMENTO","Nombre del operador: CASA SANTIVERI S.L.","Dirección del operador: ENCUNY 8, 08038 BARCELONA","Cantidad Neta: 16 g"],"ingredients":[" pasiflora en polvo (42,1%), gelatina vegetal, maltodextrina, extracto de bardana (17,61%), lactobacillus rhamnosus (8,33%), bifidobacterium lactis (8,33%), dextrosa, aceite de oliva, vitamina c (ácido l-ascórbico), lactato de zinc, almidón, aceite de onagra (2,17%), dióxido de silicio (antiaglomerante), vitamina a (acetato de retinilo), colorante de carotenos (,43%), vitamina d (colecalciferol), vitamina b6 (clorhidrato de piridoxina)"],"ean":"8412170031937"},{"full_name":"INTEGRALIA colágeno soluble plus con ácido hialurónico magnesio y vitamina C sabor frutos del bosque bote 360 g","name":"colágeno soluble plus con ácido hialurónico magnesio y vitamina C sabor frutos del bosque bote 360 g","brand":"INTEGRALIA ","img":"https://sgfm.elcorteingles.es/SGFM/dctm/MEDIA03/201603/21/00120748703855____1__600x600.jpg","price":"19,79 €","price_unit":"(5,50 € / 100 gr.)","categories":["Supermercado","Dietéticos","Complementos nutricionales","Dérmicos (piel, uñas, pelo)","INTEGRALIA colágeno soluble plus con ácido hialurónico magnesio y vitamina C sabor frutos del bosque bote 360 g"],"general_information":["Denominación del alimento: Complemento alimenticio","Nombre del operador: General Dietetica S.L.","Dirección del operador: C/ Encuny, 2 08038 Barcelona (España).","Cantidad Neta: 360 g","Otras menciones obligatorias en la etiqueta: No superar la dosis recomendada. Los complementos alimenticios no sustituyen una dieta variada, equilibrada y un estilo de vida saludable. Mantener fuera del alcance de los niños más pequeños."],"ingredients":[" Colágeno hidrolizado, magnesio carbonato, aroma de frutos del bosque, antiaglomerante (dióxido de silicio), vitamina C (L-ácido ascórbico), edulcorante (Stevia) y ácido hialurónico."],"conservation":" Conservar en lugar fresco, seco y al amparo de la luz.","ean":"8436000544558"},{"full_name":"INTEGRALIA colágeno soluble plus con ácido hialurónico y vitamina C sabor neutro bote 360 g","name":"colágeno soluble plus con ácido hialurónico y vitamina C sabor neutro bote 360 g","brand":"INTEGRALIA ","img":"https://sgfm.elcorteingles.es/SGFM/dctm/MEDIA03/201603/21/00120748703848____1__600x600.jpg","price":"19,79 €","price_unit":"(5,50 € / 100 gr.)","categories":["Supermercado","Dietéticos","Complementos nutricionales","Dérmicos (piel, uñas, pelo)","INTEGRALIA colágeno soluble plus con ácido hialurónico y vitamina C sabor neutro bote 360 g"],"general_information":["Denominación del alimento: Complemento alimenticio","Nombre del operador: General Dietetica S.L.","Dirección del operador: C/ Encuny, 2 08038 Barcelona (España).","Cantidad Neta: 360 g","Otras menciones obligatorias en la etiqueta: No superar la dosis recomendada. Los complementos alimenticios no sustituyen una dieta variada, equilibrada y un estilo de vida saludable. Mantener fuera del alcance de los niños más pequeños."],"ingredients":[" Colágeno hidrolizado, magnesio carbonato, antiaglomerante (dióxido de silicio), vitamina C (L-ácido  ascórbico), edulcorante (Stevia) y ácido hialurónico."],"conservation":" Conservar en lugar fresco, seco y al amparo de la luz.","ean":"8436000544534"},{"full_name":"INTEGRALIA Skin Care colágeno soluble plus con ácido hialurónico, Q-10, resveratrol, zinc, bote 360 g con magnesio y vitamina C con sabor a vanilla","name":"Skin Care colágeno soluble plus con ácido hialurónico, Q-10, resveratrol, zinc, bote 360 g","brand":"INTEGRALIA ","img":"https://sgfm.elcorteingles.es/SGFM/dctm/MEDIA03/201707/17/00120719200345____1__600x600.jpg","price":"22,35 €","categories":["Supermercado","Dietéticos","Complementos nutricionales","Dérmicos (piel, uñas, pelo)","INTEGRALIA Skin Care colágeno soluble plus con ácido hialurónico, Q-10, resveratrol, zinc, bote 360 g con magnesio y vitamina C con sabor a vanilla"],"general_information":[],"ingredients":[],"ean":"8436000544992"},{"full_name":"DRASANVI Biotina nutrientes para cabello y uñas envase 45 comprimidos","name":"Biotina nutrientes para cabello y uñas envase 45 comprimidos","brand":"DRASANVI ","img":"https://sgfm.elcorteingles.es/SGFM/02/27/9/0120748702279/0120748702279000g01011.jpg","price":"7,46 €","price_unit":"(0,17 € / Unidad)","categories":["Supermercado","Dietéticos","Complementos nutricionales","Dérmicos (piel, uñas, pelo)","DRASANVI Biotina nutrientes para cabello y uñas envase 45 comprimidos"],"general_information":[],"ingredients":[],"ean":"8436044512032"},{"full_name":"FORTICOLL colágeno con péptidos activos y aloe vera fortalece cabello piel y uñas envase 270 g","name":"colágeno con péptidos activos y aloe vera fortalece cabello piel y uñas envase 270 g","brand":"FORTICOLL ","img":"https://sgfm.elcorteingles.es/SGFM/dctm/MEDIA03/201602/18/00120748703889____1__600x600.jpg","price":"18,70 €","price_unit":"(6,93 € / 100 gr.)","categories":["Supermercado","Dietéticos","Complementos nutricionales","Dérmicos (piel, uñas, pelo)","FORTICOLL colágeno con péptidos activos y aloe vera fortalece cabello piel y uñas envase 270 g"],"general_information":["Denominación del alimento: Colágeno BioActivo Piel y Cabello","Nombre del operador: Laboratorios Almond SL","Dirección del operador: Avda. Cabecicos Blancos, Parcela 18 2.B. Parque empresarial Cabecicos Blancos 30892 - Librilla, Murcia (Spain)","Cantidad Neta: 270 g"],"ingredients":[" Péptidos de colágeno bioactivos ® (Verisol®) (4,5 g), Excipiente (maltodextrina de maíz), Extracto de aloe vera: Aloe Barbadensis (50 mg, eq. a 10.000 mg de jugo de aloe), L-Cistina (50 mg), Coenzima Q10 (25 mg), Ácido hialurónico (20 mg), Extracto se semilla de uva (30 mg), Ácido ascórbico (24,1 mg, eq. a 24 mg de Vitamina C), Acetato de alfa-tocoferol (7,2 mg, eq. a 3,6 mg de vitamina E), Óxido de zinc (3.7 mg, eq. a 3 mg de zinc) y Biotina (101 mcg, eq. a 100 mcg de D-Biotina)"],"conservation":" Almacenar en lugar fresco y seco, preferentemente protegido de la luz.","ean":"8436542192538"},{"full_name":"PRISMA NATURAL Colágeno + Silicio Orgánico con Magnesio, Calcio y vitamina C y D envase 360 comprimidos mejora la firmeza de la piel y fortalece el cabello","name":"Colágeno + Silicio Orgánico con Magnesio, Calcio y vitamina C y D envase 360 comprimidos","brand":"PRISMA NATURAL ","img":"https://sgfm.elcorteingles.es/SGFM/dctm/MEDIA03/201702/01/00120737407336____1__600x600.jpg","price":"17,29 €","price_unit":"(5,90 € / 100 gr.)","categories":["Supermercado","Dietéticos","Complementos nutricionales","Dérmicos (piel, uñas, pelo)","PRISMA NATURAL Colágeno + Silicio Orgánico con Magnesio, Calcio y vitamina C y D envase 360 comprimidos mejora la firmeza de la piel y fortalece el cabello"],"general_information":["Denominación del alimento: Suplemento alimentario","Nombre del operador: Nueva Dietética S.L.","Dirección del operador: P.I. Espaldillas. C/Espaldillas Diez 26-28,  41500 Alcalá de Guadaira, Sevilla.","Cantidad Neta: 293 g"],"ingredients":[" Colágeno Marino Hidrolizado 600 mg (contiene pescado), Carbonato de Magnesio (25,63% ión magnesio) 77 mg (19,73 mg ión magnesio), Carbonato cálcico (40% ión calcio) 58 mg (23,2 mg ión calcio), Hidróxido de Magnesio (60% ión magnesio) 20 mg (12 mg ión magnesio), Estearato de Magnesio (antiaglomerante), Vitamina C (ácido ascórbico) 10  mg (12,5 %VRN), Celulosa microcristalina (agente de carga), Dióxido de silicio (antiaglomerante), Aroma de vainilla, Bambú extracto seco, 70% sílica ácido (Bambusa arundinácea L.) Tallo 5 mg, Vitamina D3 (colecalciferol) 40.000 UI 0,00083 mg (16,6 %VRN)."],"conservation":" Conservar en lugar fresco, seco y alejado de la luz. Conservar a temperatura no superior a 30°C.","ean":"8436048049312"},{"full_name":"PRISMA NATURAL Colágeno + Silicio Orgánico con Magnesio, Calcio y vitamina C y D envase 180 comprimidos mejora la firmeza de la piel y fortalece el cabello","name":"Colágeno + Silicio Orgánico con Magnesio, Calcio y vitamina C y D envase 180 comprimidos","brand":"PRISMA NATURAL ","img":"https://sgfm.elcorteingles.es/SGFM/dctm/MEDIA03/201702/01/00120737407328____1__600x600.jpg","price":"9,82 €","price_unit":"(6,73 € / 100 gr.)","categories":["Supermercado","Dietéticos","Complementos nutricionales","Dérmicos (piel, uñas, pelo)","PRISMA NATURAL Colágeno + Silicio Orgánico con Magnesio, Calcio y vitamina C y D envase 180 comprimidos mejora la firmeza de la piel y fortalece el cabello"],"general_information":["Denominación del alimento: Suplemento alimentario","Nombre del operador: Nueva Dietética S.L.","Dirección del operador: P.I. Espaldillas. C/Espaldillas Diez 26-28,  41500 Alcalá de Guadaira, Sevilla.","Cantidad Neta: 146.5 g"],"ingredients":[" Colágeno Marino Hidrolizado 600 mg (contiene pescado), Carbonato de Magnesio (25,63% ión magnesio) 77 mg (19,73 mg ión magnesio), Carbonato cálcico (40% ión calcio) 58 mg (23,2 mg ión calcio), Hidróxido de Magnesio (60% ión magnesio) 20 mg (12 mg ión magnesio), Estearato de Magnesio (antiaglomerante), Vitamina C (ácido ascórbico) 10 mg (12,5 %VRN), Celulosa microcristalina (agente de carga), Dióxido de silicio (antiaglomerante), Aroma de vainilla, Bambú extracto seco, 70% sílica ácido (Bambusa arundinácea L.) Tallo 5 mg, Vitamina D3 (colecalciferol) 40.000 UI 0,00083 mg (16,6 %VRN)."],"conservation":" Conservar en lugar fresco, seco y alejado de la luz. Conservar a temperatura no superior a 30°C.","ean":"8436048048353"},{"full_name":"PRISMA NATURAL Colagen Plus Rejuven-age retrasan efectos del envejecimiento envase 00300 g","name":"Colagen Plus Rejuven-age retrasan efectos del envejecimiento envase 00300 g","brand":"PRISMA NATURAL ","img":"https://sgfm.elcorteingles.es/SGFM/dctm/MEDIA03/201703/28/00120737407286____2__600x600.jpg","price":"29,35 €","price_unit":"(9,78 € / 100 gr.)","categories":["Supermercado","Dietéticos","Complementos nutricionales","Dérmicos (piel, uñas, pelo)","PRISMA NATURAL Colagen Plus Rejuven-age retrasan efectos del envejecimiento envase 00300 g"],"general_information":["Denominación del alimento: Suplemento alimentario","Nombre del operador: Nueva Dietética S.L.","Dirección del operador: P.I. Espaldillas. C/Espaldillas Diez 26-28,  41500 Alcalá de Guadaira, Sevilla.","Cantidad Neta: 300 g","Otras menciones obligatorias en la etiqueta: Contiene edulcorante"],"ingredients":[" Colágeno Hidrolizado Marino 10 g por dosis (contiene pescado), Maltodextrina (agente de carga), Aroma de frutos rojos, Ácido cítrico monohidrato (regulador de la acidez) (E-330), Açai (Euterpe oleacea) 4:1 bayas extracto seco, Colorante rojo remolacha (E-162), Ácido alfa lipoico, Granada (Punica granatumextracto seco 40% ácido egálico) extracto seco seco fruto, Hialuronato sódico (3,5% ión sodio) 20 mg por dosis, Bambú extracto seco (Bambusa arundinacea70% silicio) tallo 15 mg por dosis, Vitamina C (ácido l-ascórbico) (E-300) 15 mg por dosis (18,75% V.R.N), Sucralosa (edulcorante ) (E-955), Poligomium cuspidatumextracto seco (25% resveratrol) raíz, Coenzima Q10, Uva (Vitis vinifera) extracto seco (95% polifenoles) semilla, Astaxantina (Haematococcus pluvialis) extracta seco (2% astaxantina) alga, Selenito sódico (45% selenio) 0,043 mg por dosis (0,019 selenio (34,54% V.R.N.*))."],"conservation":" Conservar en lugar fresco, seco y alejado de la luz. Conservar a temperatura no superior a 30°C.","ean":"8436048048605"},{"full_name":"YNSADIET Levasol levadura de cerveza frasco 500 comprimidos","name":"Levasol levadura de cerveza frasco 500 comprimidos","brand":"YNSADIET ","img":"https://sgfm.elcorteingles.es/SGFM//00/03/8/0120719300038/0120719300038000g01011.jpg","price":"6,97 €","price_unit":"(0,01 € / Dosis)","categories":["Supermercado","Dietéticos","Complementos nutricionales","Dérmicos (piel, uñas, pelo)","YNSADIET Levasol levadura de cerveza frasco 500 comprimidos"],"general_information":[],"ingredients":[],"ean":"8412016634247"},{"full_name":"SPECIAL LINE alcachofa depurativo y control de peso 100 comprimidos envase 50 g","name":"alcachofa depurativo y control de peso 100 comprimidos envase 50 g","brand":"SPECIAL LINE ","img":"https://sgfm.elcorteingles.es/SGFM/dctm/MEDIA03/201607/13/00120744501444____2__600x600.jpg","price":"2,42 €","price_unit":"(4,84 € / 100 gr.)","categories":["Supermercado","Dietéticos","Complementos nutricionales","Digestivo","SPECIAL LINE alcachofa depurativo y control de peso 100 comprimidos envase 50 g"],"general_information":["Denominación del alimento: Complemento alimenticio.","Nombre del operador: Elaborado para el Grupo El Corte Ingles \nHermosilla, 112 \n28009 Madrid - España \npor CIF: B78966942","Cantidad Neta: 50 g"],"ingredients":[" Ingredientes: 190 mg alcachofa micronizada (Cynara scolymus (L.)), 100 mg extracto de alcachofa (Cynara scolymus (L.) ; Soporte: maltodextrina), 83 mg fibra de achicoria (Cichorium intybus L. raíz), 37 mg maltodextrina, endurecedor: E341. Antiaglomerantes: (E551 y E470b)."],"conservation":" Mantener en lugar fresco y seco.","ean":"8433329030694"},{"full_name":"SPECIAL LINE cúrcuma 60 cápsulas envase 33 g","name":"cúrcuma 60 cápsulas envase 33 g","brand":"SPECIAL LINE ","img":"https://sgfm.elcorteingles.es/SGFM/dctm/MEDIA03/201609/08/00120737407021____2__600x600.jpg","price":"9,25 €","price_unit":"(28,03 € / 100 gr.)","categories":["Supermercado","Dietéticos","Complementos nutricionales","Digestivo","SPECIAL LINE cúrcuma 60 cápsulas envase 33 g"],"general_information":["Denominación del alimento: Complemento alimenticio.","Nombre del operador: Elaborado para el Grupo El Corte Ingles \nHermosilla, 112 \n28009 Madrid - España \npor CIF: B78966942","Cantidad Neta: 33 g"],"ingredients":[" Ingredientes: Mezcla estandarizada de extracto de cúrcuma y raíz de cúrcuma en polvo (400mg), antiaglomerante (E 551), agente de carga (E 460). Cápsula vegetal"],"conservation":" Mantener en lugar fresco y seco.","ean":"8433329066273"},{"full_name":"SANTIVERI Curcu Hepa Forte con cúrcuma, cardo mariano y fumaria estuche 00036 g contribuye a la protección del hígado","name":"Curcu Hepa Forte con cúrcuma, cardo mariano y fumaria estuche 00036 g","brand":"SANTIVERI ","img":"https://sgfm.elcorteingles.es/SGFM/dctm/MEDIA03/201703/01/00120748704382____5__600x600.jpg","price":"26,05 €","price_unit":"(72,36 € / 100 gr.)","categories":["Supermercado","Dietéticos","Complementos nutricionales","Digestivo","SANTIVERI Curcu Hepa Forte con cúrcuma, cardo mariano y fumaria estuche 00036 g contribuye a la protección del hígado"],"general_information":[],"ingredients":[],"ean":"8412170037397"},{"full_name":"SANTIVERI Bio Erba Hepat extracto natural mixtract H7 ayuda a la normal función de hígado y vesícula envase 50 cc","name":"Bio Erba Hepat extracto natural mixtract H7 ayuda a la normal función de hígado y vesícula envase 50 cc","brand":"SANTIVERI ","img":"https://sgfm.elcorteingles.es/SGFM/dctm/MEDIA02/CONTENIDOS/201411/06/00120739302097____1__600x600.jpg","price":"9,61 €","price_unit":"(19,22 € / 100 gr.)","categories":["Supermercado","Dietéticos","Complementos nutricionales","Digestivo","SANTIVERI Bio Erba Hepat extracto natural mixtract H7 ayuda a la normal función de hígado y vesícula envase 50 cc"],"general_information":["Denominación del alimento: Complemento alimenticio a base de e","Nombre del operador: CASA SANTIVERI S.L.","Dirección del operador: ENCUNY 8, 08038 BARCELONA","Cantidad Neta: 50 Centímetro cúbico"],"ingredients":[" cardo mariano ecológico (30%), ecológico diente león (20%), alcachofera ecológica (20%), fumaria ecológica (15%), romero ecológico (15%)"],"ean":"8412170032675"},{"full_name":"SANTIVERI Dietabelt Drena Exprés depuración en 8 días sabor fruta de la pasión estuche 240 g","name":"Dietabelt Drena Exprés depuración en 8 días sabor fruta de la pasión estuche 240 g","brand":"SANTIVERI ","img":"https://sgfm.elcorteingles.es/SGFM/dctm/MEDIA02/CONTENIDOS/201504/20/00120748703533____1__600x600.jpg","price":"15,70 €","price_unit":"(6,54 € / 100 gr.)","categories":["Supermercado","Dietéticos","Complementos nutricionales","Digestivo","SANTIVERI Dietabelt Drena Exprés depuración en 8 días sabor fruta de la pasión estuche 240 g"],"general_information":[],"ingredients":[],"ean":"8412170033825"},{"full_name":"SANTIVERI Antacid gastro complemento nutricional envase 48 comprimidos","name":"Antacid gastro complemento nutricional envase 48 comprimidos","brand":"SANTIVERI ","img":"https://sgfm.elcorteingles.es/SGFM//03/08/7/0120748703087/0120748703087000g01011.jpg","price":"11,29 €","price_unit":"(313,61 € / Kilo)","categories":["Supermercado","Dietéticos","Complementos nutricionales","Digestivo","SANTIVERI Antacid gastro complemento nutricional envase 48 comprimidos"],"general_information":[],"ingredients":[],"ean":"8412170030077"},{"full_name":"SANTIVERI Kavagas para la movilidad intestinal y los gases envase 40 cápsulas","name":"Kavagas para la movilidad intestinal y los gases envase 40 cápsulas","brand":"SANTIVERI ","img":"https://sgfm.elcorteingles.es/SGFM/dctm/MEDIA02/CONTENIDOS/201408/13/00120748702402____2__600x600.jpg","price":"10,85 €","price_unit":"(67,81 € / 100 gr.)","categories":["Supermercado","Dietéticos","Complementos nutricionales","Digestivo","SANTIVERI Kavagas para la movilidad intestinal y los gases envase 40 cápsulas"],"general_information":["Denominación del alimento: KAVAGAS cápsulas. COMPLEMENTO ALIME","Nombre del operador: CASA SANTIVERI S.L.","Dirección del operador: ENCUNY 8, 08038 BARCELONA","Cantidad Neta: 16 g"],"ingredients":[" hinojo en polvo, celulosa microcristalina (agente de carga), gelatina vegetal, extracto de hinojo, comino, coriandro, angélica, anís verde, óxido de silicio (antiaglomerante), bifidobacterium lactis, lactobacillus rhamnosus, lactobacillus plantarum, streptococcus thermophilus, estearato de magnesio (antiaglomerante)"],"ean":"8412170030985"},{"full_name":"SANTIVERI Micosan Detox depurativo 40 cápsulas estuche 18 g","name":"Micosan Detox depurativo 40 cápsulas estuche 18 g","brand":"SANTIVERI ","img":"https://sgfm.elcorteingles.es/SGFM/dctm/MEDIA03/201611/25/00120737407203____1__600x600.jpg","price":"19,50 €","price_unit":"(108,33 € / 100 gr.)","categories":["Supermercado","Dietéticos","Complementos nutricionales","Digestivo","SANTIVERI Micosan Detox depurativo 40 cápsulas estuche 18 g"],"general_information":[],"ingredients":[],"ean":"8412170034235"},{"full_name":"SANTIVERI salvado comprimidos envase 160 unidades","name":"salvado comprimidos envase 160 unidades","brand":"SANTIVERI ","img":"https://sgfm.elcorteingles.es/SGFM/dctm/MEDIA02/CONTENIDOS/201410/22/00200337400360____1__600x600.jpg","price":"5,62 €","price_unit":"(3,51 € / 100 gr.)","categories":["Supermercado","Dietéticos","Complementos nutricionales","Digestivo","SANTIVERI salvado comprimidos envase 160 unidades"],"general_information":["Denominación del alimento: COMPLEMENTO ALIMENTICIO A BASE DE S","Nombre del operador: CASA SANTIVERI S.L.","Dirección del operador: ENCUNY 8, 08038 BARCELONA","Cantidad Neta: 160 g"],"ingredients":[" SALVADO DE TRIGO (63,6%), dextrosa, GERMEN DE TRIGO, óxido de silicio (antiaglomerante), fosfato de calcio"],"ean":"8412170000568"},{"full_name":"SANTIVERI aloe vera concentrado cápsulas envase 40 unidades","name":"aloe vera concentrado cápsulas envase 40 unidades","brand":"SANTIVERI ","img":"https://sgfm.elcorteingles.es/SGFM/dctm/MEDIA02/CONTENIDOS/201502/16/00120739301578____1__600x600.jpg","price":"19,95 €","price_unit":"(498,75 € / Kilo)","categories":["Supermercado","Dietéticos","Complementos nutricionales","Digestivo","SANTIVERI aloe vera concentrado cápsulas envase 40 unidades"],"general_information":["Denominación del alimento: ALOE VERA CONCENTRADO cápsulas. COM","Nombre del operador: CASA SANTIVERI S.L.","Dirección del operador: ENCUNY 8, 08038 BARCELONA","Cantidad Neta: 18 g"],"ingredients":[" maltodextrina, aloe vera (28,5%), gelatina vegetal, estearato de magnesio (antiaglomerante)"],"ean":"8412170016552"},{"full_name":"SANTIVERI extracto de alcachofa envase 160 g","name":"extracto de alcachofa envase 160 g","brand":"SANTIVERI ","img":"https://sgfm.elcorteingles.es/SGFM/05/92/6/0120737405926/0120737405926000g01011.jpg","price":"11,99 €","price_unit":"(74,94 € / Kilo)","categories":["Supermercado","Dietéticos","Complementos nutricionales","Digestivo","SANTIVERI extracto de alcachofa envase 160 g"],"general_information":["Denominación del alimento: EXTRACTO DE ALCACHOFA","Nombre del operador: CASA SANTIVERI S.L.","Dirección del operador: ENCUNY 8, 08038 BARCELONA","Cantidad Neta: 160 g"],"ingredients":[" extracto de alcachofa (50%), EXTRACTO DE MALTA"],"ean":"8412170001053"},{"full_name":"SANTIVERI extracto natural de alcachofa sin alcohol envase 50 cc","name":"extracto natural de alcachofa sin alcohol envase 50 cc","brand":"SANTIVERI ","img":"https://sgfm.elcorteingles.es/SGFM/dctm/MEDIA02/CONTENIDOS/201411/14/00120748702451____2__600x600.jpg","price":"8,53 €","price_unit":"(17,06 € / 100 gr.)","categories":["Supermercado","Dietéticos","Complementos nutricionales","Digestivo","SANTIVERI extracto natural de alcachofa sin alcohol envase 50 cc"],"general_information":["Denominación del alimento: Complemento alimenticio a base de e","Nombre del operador: CASA SANTIVERI S.L.","Dirección del operador: ENCUNY 8, 08038 BARCELONA","Cantidad Neta: 50 Centímetro cúbico"],"ingredients":[" glicerina, agua, alcachofera (100%)"],"ean":"8412170021389"},{"full_name":"SANTIVERI Bio extracto natural de anis verde envase 50 cc","name":"Bio extracto natural de anis verde envase 50 cc","brand":"SANTIVERI ","img":"https://sgfm.elcorteingles.es/SGFM/dctm/MEDIA02/CONTENIDOS/201411/06/00120739301867____1__600x600.jpg","price":"8,53 €","price_unit":"(17,06 € / 100 gr.)","categories":["Supermercado","Dietéticos","Complementos nutricionales","Digestivo","SANTIVERI Bio extracto natural de anis verde envase 50 cc"],"general_information":["Denominación del alimento: Complemento alimenticio a base de e","Nombre del operador: CASA SANTIVERI S.L.","Dirección del operador: ENCUNY 8, 08038 BARCELONA","Cantidad Neta: 50 Centímetro cúbico"],"ingredients":[" anís verde ecológico (100%)"],"ean":"8412170032552"},{"full_name":"SANTIVERI Bio extracto natural diente de león envase 50 cc","name":"Bio extracto natural diente de león envase 50 cc","brand":"SANTIVERI ","img":"https://sgfm.elcorteingles.es/SGFM/dctm/MEDIA02/CONTENIDOS/201411/06/00120739301891____1__600x600.jpg","price":"8,53 €","price_unit":"(17,06 € / 100 gr.)","categories":["Supermercado","Dietéticos","Complementos nutricionales","Digestivo","SANTIVERI Bio extracto natural diente de león envase 50 cc"],"general_information":["Denominación del alimento: Complemento alimenticio a base de e","Nombre del operador: CASA SANTIVERI S.L.","Dirección del operador: ENCUNY 8, 08038 BARCELONA","Cantidad Neta: 50 Centímetro cúbico"],"ingredients":[" ecológico diente león (100%)"],"ean":"8412170032576"},{"full_name":"SANTIVERI Florase Intest probiótico para el bienestar intestinal sin lactosa 40 cápsulas envase 18 g","name":"Florase Intest probiótico para el bienestar intestinal sin lactosa 40 cápsulas envase 18 g","brand":"SANTIVERI ","img":"https://sgfm.elcorteingles.es/SGFM/dctm/MEDIA02/CONTENIDOS/201504/20/00200337405526____1__600x600.jpg","price":"17,80 €","price_unit":"(98,89 € / 100 gr.)","categories":["Supermercado","Dietéticos","Complementos nutricionales","Digestivo","SANTIVERI Florase Intest probiótico para el bienestar intestinal sin lactosa 40 cápsulas envase 18 g"],"general_information":[],"ingredients":[],"ean":"8412170032132"},{"full_name":"SANTIVERI Sanaflor Mast.Lax mezcla de plantas para regular el tránsito intestinal envase 60 comprimidos","name":"Sanaflor Mast.Lax mezcla de plantas para regular el tránsito intestinal envase 60 comprimidos","brand":"SANTIVERI ","img":"https://sgfm.elcorteingles.es/SGFM/dctm/MEDIA03/201710/20/00120737403657____6__600x600.jpg","price":"4,73 €","price_unit":"(175,19 € / Kilo)","categories":["Supermercado","Dietéticos","Complementos nutricionales","Digestivo","SANTIVERI Sanaflor Mast.Lax mezcla de plantas para regular el tránsito intestinal envase 60 comprimidos"],"general_information":[],"ingredients":[],"ean":"8412170023925"},{"full_name":"SANTIVERI Sanaflor Cardo Mariano favorece la función hepática envase 40 cápsulas","name":"Sanaflor Cardo Mariano favorece la función hepática envase 40 cápsulas","brand":"SANTIVERI ","img":"https://sgfm.elcorteingles.es/SGFM/dctm/MEDIA03/201710/20/00120748702915____6__600x600.jpg","price":"5,68 €","price_unit":"(35,50 € / 100 gr.)","categories":["Supermercado","Dietéticos","Complementos nutricionales","Digestivo","SANTIVERI Sanaflor Cardo Mariano favorece la función hepática envase 40 cápsulas"],"general_information":["Denominación del alimento: Complemento alimenticio a base de p","Nombre del operador: CASA SANTIVERI S.L.","Dirección del operador: ENCUNY 8, 08038 BARCELONA","Cantidad Neta: 19 g"],"ingredients":[" cardo mariano (83,15%), gelatina vegetal, dióxido de silicio (antiaglomerante)"],"ean":"8412170026254"},{"full_name":"CORPORE DIET jarabe drenante y depurativo envase 250 ml","name":"jarabe drenante y depurativo envase 250 ml","brand":"CORPORE DIET ","img":"https://sgfm.elcorteingles.es/SGFM/dctm/MEDIA02/CONTENIDOS/201409/03/00120744200450____1__600x600.jpg","price":"16,75 €","price_unit":"(67 € / Litro)","categories":["Supermercado","Dietéticos","Complementos nutricionales","Digestivo","CORPORE DIET jarabe drenante y depurativo envase 250 ml"],"general_information":["Denominación del alimento: Complemento alimenticio","Nombre del operador: WorldNut Nutricosmética Natural S.L.U.","Dirección del operador: C/ Grècia nº 3 (Pol. Ind. Recinte Firal) 17600 - Figueres (Girona)","Lugar de procedencia del alimento: Producido en la UE.","Cantidad Neta: 250 Mililitros","Otras menciones obligatorias en la etiqueta: Los complementos alimenticios no deben utilizarse como sustitutos de una dieta variada y equilibrada ni de un modo de vida sano. No superar la dosis diaria expresamente recomendada. Mantener fuera del alcance de los niños. En caso de embarazo consulte con su médico antes de iniciar la toma del producto."],"ingredients":[" Por botella de 250 ml: Extracto fluido procedente de cultivos biológicos (10.61 g de Cola de caballo, 1.025 g de hojas de Boldo, 5.58 g de Grama Rizoma, 1.86g de Gayuba, 1.86 g de Té verde, 0.186 g de Bardana, 0.186 g de Alcachofa, 1.86 g de Ortosifón, 0.093 g de Caléndula). Stevia (0.175 g), Ácido cítrico (0.4 g), Sorbato potásico (0.25 g), Benzoato sódico (0.25 g), Goma Xantana (0.375 g), Planta infusión de Boldo (2.1 g) y Agua purificada (0.25l)."],"conservation":" Conservar en un lugar fresco y seco, protegido de la luz solar directa.","ean":"8437012193222"},{"full_name":"NATURGREEN Chorella en polvo Bio sin gluten y sin lactosa ayuda a liminar toxinas 180 comprimidos envase 90 g","name":"Chorella en polvo Bio sin gluten y sin lactosa ayuda a liminar toxinas 180 comprimidos envase 90 g","brand":"NATURGREEN ","img":"https://sgfm.elcorteingles.es/SGFM/dctm/MEDIA02/CONTENIDOS/201504/09/00200348703323____1__600x600.jpg","price":"12,75 €","price_unit":"(14,17 € / 100 gr.)","categories":["Supermercado","Dietéticos","Complementos nutricionales","Digestivo","NATURGREEN Chorella en polvo Bio sin gluten y sin lactosa ayuda a liminar toxinas 180 comprimidos envase 90 g"],"general_information":["Denominación del alimento: Vita Superlife Chlorella Comprimidos Bio","Nombre del operador: Laboratorios Almond SL","Dirección del operador: Avda. Cabecicos Blancos, Parcela 18 2.B. Parque empresarial Cabecicos Blancos 30892 - Librilla, Murcia (Spain)","Cantidad Neta: 90 g","Peso neto escurrido: 90 g","Otras menciones obligatorias en la etiqueta: Ingredientes procedentes de la Agricultura Ecológica"],"ingredients":[" Chlorella en polvo (100%)."],"conservation":" Conservar en lugar fresco, oscuro y seco, preservado de la luz solar. No congelar.","ean":"8436542191937"},{"full_name":"BIOTONA Supergreens jugo de plantas frescas en polvo depurativo ecológico envase 200 g","name":"Supergreens jugo de plantas frescas en polvo depurativo ecológico envase 200 g","brand":"BIOTONA ","img":"https://sgfm.elcorteingles.es/SGFM/dctm/MEDIA02/CONTENIDOS/201503/24/00200348703422____1__600x600.jpg","price":"30,25 €","price_unit":"(15,12 € / 100 gr.)","categories":["Supermercado","Dietéticos","Complementos nutricionales","Digestivo","BIOTONA Supergreens jugo de plantas frescas en polvo depurativo ecológico envase 200 g"],"general_information":["Denominación del alimento: Biotona Bio Supergreens Raw","País de origen: Bélgica","Nombre del operador: Keypharm n.v.","Dirección del operador: Siemenslaan, 11. B-8020. Oostkamp.","Cantidad Neta: 200 g","Otras menciones obligatorias en la etiqueta: No contiene gluten. No contiene colesterol. Sin aditivos, ni colorantes, ni conservantes, ni aromas, ni agentes de carga, ni OMG. Exentos de ingredientes de origen animal"],"ingredients":[" Polvo de jugo de hierba de cebada, jugo de hierba de trigo, jugo de hierba de avena, moringa, jugo de hierba de khorasan kamut, té matcha, jugo de hierba de alfalfa, col rizada, espinacas, brócoli, chlorella, spirulina, seagreens (alga goemon, alga fucus), berro."],"conservation":" Conservar en lugar fresco y seco. No sacar el producto del envase.","ean":"5412360007516"},{"full_name":"BIOTONA Phyto-Detox mezcla de plantas en polvo depurativo y destoxicante 100% ecológico envase 200 g","name":"Phyto-Detox mezcla de plantas en polvo depurativo y destoxicante 100% ecológico envase 200 g","brand":"BIOTONA ","img":"https://sgfm.elcorteingles.es/SGFM/dctm/MEDIA02/CONTENIDOS/201507/06/00120748703558____1__600x600.jpg","price":"21,59 €","price_unit":"(10,80 € / 100 gr.)","categories":["Supermercado","Dietéticos","Complementos nutricionales","Digestivo","BIOTONA Phyto-Detox mezcla de plantas en polvo depurativo y destoxicante 100% ecológico envase 200 g"],"general_information":["Denominación del alimento: Biotona Bio Phyto-Detox","País de origen: Bélgica","Nombre del operador: Keypharm n.v.","Dirección del operador: Siemenslaan, 11. B-8020. Oostkamp.","Cantidad Neta: 200 g","Otras menciones obligatorias en la etiqueta: No contiene gluten. No contiene colesterol. Sin aditivos, ni colorantes, ni conservantes, ni aromas, ni agentes de carga, ni OMG. Exentos de ingredientes de origen animal"],"ingredients":[" Polvo de cardo mariano, cúrcuma, diente de león, jugo de hierba de trigo, hinojo, yacón, ortiga, alcachofa, chorella."],"conservation":" Conservar en lugar fresco y seco. No sacar el producto del envase.","ean":"5412360009701"},{"full_name":"A.VOGEL Linoforce granulado vegetal de semillas de lino ecológico envase 300 g","name":"Linoforce granulado vegetal de semillas de lino ecológico envase 300 g","brand":"A.VOGEL ","img":"https://sgfm.elcorteingles.es/SGFM//00/73/7/0120778400737/0120778400737000g01011.jpg","price":"11,49 €","price_unit":"(38,30 € / Kilo)","categories":["Supermercado","Dietéticos","Complementos nutricionales","Digestivo","A.VOGEL Linoforce granulado vegetal de semillas de lino ecológico envase 300 g"],"general_information":[],"ingredients":[],"ean":"7610313431243"},{"full_name":"PRISMA NATURAL Gummy Lax favorece el tránsito intestinal 30 unidades envase 150 g","name":"Gummy Lax favorece el tránsito intestinal 30 unidades envase 150 g","brand":"PRISMA NATURAL ","img":"https://sgfm.elcorteingles.es/SGFM/dctm/MEDIA03/201702/01/00120737407591____1__600x600.jpg","price":"9,45 €","price_unit":"(63 € / Kilo)","categories":["Supermercado","Dietéticos","Complementos nutricionales","Digestivo","PRISMA NATURAL Gummy Lax favorece el tránsito intestinal 30 unidades envase 150 g"],"general_information":["Denominación del alimento: Suplemento alimentario","Nombre del operador: Nueva Dietética S.L.","Dirección del operador: P.I. Espaldillas. C/Espaldillas Diez 26-28,  41500 Alcalá de Guadaira, Sevilla.","Cantidad Neta: 150 g"],"ingredients":[" Composición por 2 gominolas: Sirope de glucosa, Azúcar, Agua, Gelatina, Almidón, Extracto Seco de Ruibarbo 324mg, Humectante (sorbitol), Acidulante (Ácido cítrico), Aroma (Aroma de frutas), Extracto Seco de Regaliz 80 mg, Extracto seco de Rosa 54 mg, Extracto Seco de Malvavisco 54 mg, Extracto seco de Alcachofa 27 mg, y Agente de recubrimiento (CAPOL)."],"conservation":" Conservar en lugar fresco, seco y alejado de la luz. Conservar a temperatura no superior a 30°C.","ean":"8436048049206"},{"full_name":"PRISMA NATURAL Primalax inulina y aloe vera facilita el tránsito intestinal 60 comprimidos bote 30 g","name":"Primalax inulina y aloe vera facilita el tránsito intestinal 60 comprimidos bote 30 g","brand":"PRISMA NATURAL ","img":"https://sgfm.elcorteingles.es/SGFM/dctm/MEDIA03/201703/28/00120748704234____2__600x600.jpg","price":"6,01 €","price_unit":"(20,03 € / 100 gr.)","categories":["Supermercado","Dietéticos","Complementos nutricionales","Digestivo","PRISMA NATURAL Primalax inulina y aloe vera facilita el tránsito intestinal 60 comprimidos bote 30 g"],"general_information":["Denominación del alimento: Suplemento alimentario","Nombre del operador: Nueva Dietética S.L.","Dirección del operador: P.I. Espaldillas. C/Espaldillas Diez 26-28,  41500 Alcalá de Guadaira, Sevilla.","Cantidad Neta: 30 g"],"ingredients":[" Ingredientes por 2 comprimidos: Agente de carga (Celulosa microcristalina), Inulina 200 mg, Jugo desecado en polvo de Acíbar (Aloe Ferox Mill.) 200mg, Extacto seco de Aloe (Aloe Ferox Mill. hojas, 10% Barbaloína) 200 mg y Antiaglomerantes (Estearatode Magnesio y Dióxido de Silicio)."],"conservation":" Conservar en lugar fresco, seco y alejado de la luz. Conservar a temperatura no superior a 30°C.","ean":"8436048049022"},{"full_name":"PRISMA NATURAL Acidnatur con Jengibre contra la acidez de estómago envase 14 sobres","name":"Acidnatur con Jengibre contra la acidez de estómago envase 14 sobres","brand":"PRISMA NATURAL ","img":"https://sgfm.elcorteingles.es/SGFM/dctm/MEDIA03/201702/01/00120737407583____1__600x600.jpg","price":"6,95 €","price_unit":"(115,83 € / Kilo)","categories":["Supermercado","Dietéticos","Complementos nutricionales","Digestivo","PRISMA NATURAL Acidnatur con Jengibre contra la acidez de estómago envase 14 sobres"],"general_information":["Denominación del alimento: Suplemento alimentario","Nombre del operador: Nueva Dietética S.L.","Dirección del operador: P.I. Espaldillas. C/Espaldillas Diez 26-28,  41500 Alcalá de Guadaira, Sevilla.","Cantidad Neta: 63 g"],"ingredients":[" Glicerina, Carbonato cálcico (40% ión calcio), Agua, Hinojo Extracto Glicerinado (Foeniculum vulgare 1:5) fruto, Carbonato de Magnesio (25,63% ión magnesio ), Óxido de zinc (72% ión zinc), Cloruro de sodio 39.34 NA, Aroma de Nata, Jengibre Extracto Seco (Zinziber officinalis 5% aceites esenciales ) raíz, Aroma de menta."],"conservation":" Conservar en lugar fresco, seco y alejado de la luz. Conservar a temperatura no superior a 30°C.","ean":"8436048048957"},{"full_name":"PRISMA NATURAL solución Digest con stevia favorece la digestión, reflujos y eliminación de gases envase 250 ml con stevia","name":"solución Digest con stevia favorece la digestión, reflujos y eliminación de gases envase 250 ml","brand":"PRISMA NATURAL ","img":"https://sgfm.elcorteingles.es/SGFM/dctm/MEDIA03/201702/03/00120737407708____1__600x600.jpg","price":"10,85 €","price_unit":"(43,40 € / Litro)","categories":["Supermercado","Dietéticos","Complementos nutricionales","Digestivo","PRISMA NATURAL solución Digest con stevia favorece la digestión, reflujos y eliminación de gases envase 250 ml con stevia"],"general_information":["Denominación del alimento: Suplemento alimentario","Nombre del operador: Nueva Dietética S.L.","Dirección del operador: P.I. Espaldillas. C/Espaldillas Diez 26-28,  41500 Alcalá de Guadaira, Sevilla.","Cantidad Neta: 250 Mililitros","Otras menciones obligatorias en la etiqueta: Contiene regaliz y edulcorante"],"ingredients":[" Ingredientes por 20 ml: Fructosa 7g, Col (Brassica Oleracea L.) 1.85 g, Aloe (Aloe Vera (L.) Burm. F.) 184 mg, Vitamina C Ácido L-Ascórbico) 56 mg, Rutina 55.8 mg, Hinojo (Foeniculum Vulgare Mill.) 20 mg, Alholva (Trigonella Foenum-Graecum L.) 18.54 mg, Alfalfa (Medicago Sativa L.) 16.54 mg, Menta (Mentha X Piperita L.) 13 mg, Jenjibre (Zingiber Officinale Roscoe) 11,66 mg, Regaliz, (Glycyrrhiza Glabra L.) 11.66 mg, Diente de León (Taraxacum Officinale F.H. Wigg.) 11.66 mg, Vitamina B3 (Nicotinamida) 6.9 mg, Canela (Cinnamomum Zeylanicum Blume) 6.1 mg, Vitamina B6 (Clorhidrato De Piridoxina) 1.86 mg, Vitamina B1 (Clorhidrato De Tiamina), 1.46 mg, Vitamina B2 (Riboflavine), 1.46 mg, Vitamina A (Acetato De Retinol), 1.46Mg (Equiv. 224Mcg de Retinol), Vitamina B12 (Cianocobalamina) 2Mcg, Diluyente (Agua), Regulador de Acidez (Ácido Cítrico), Conservantes (Sorbato De Potasio y Benzoato De Sodio) y Edulcorante (Glucósidos De Steviol)."],"conservation":" Conservar en lugar fresco, seco y alejado de la luz. Conservar a temperatura no superior a 30°C.","ean":"8436048043693"},{"full_name":"ORIGINALIA Dren bienestar intestinal y depurativo con cardo mariano alcachofa y diente de león envase 500 ml","name":"Dren bienestar intestinal y depurativo con cardo mariano alcachofa y diente de león envase 500 ml","brand":"ORIGINALIA ","img":"https://sgfm.elcorteingles.es/SGFM/dctm/MEDIA03/201603/21/00120744200674____1__600x600.jpg","price":"18,50 €","categories":["Supermercado","Dietéticos","Complementos nutricionales","Digestivo","ORIGINALIA Dren bienestar intestinal y depurativo con cardo mariano alcachofa y diente de león envase 500 ml"],"general_information":["Denominación del alimento: Complemento alimenticio","Nombre del operador: General Dietetica S.L.","Dirección del operador: C/ Encuny, 2 08038 Barcelona (España).","Cantidad Neta: 500 Mililitros","Otras menciones obligatorias en la etiqueta: No superar la dosis recomendada. Los complementos alimenticios no sustituyen una dieta variada, equilibrada y un estilo de vida saludable. Mantener fuera del alcance de los niños más pequeños."],"ingredients":[" Agua, fructosa, extracto de alcachofa (Cynara scolymus L., hoja), extracto de diente de león (Taraxacum officinale Weber, Parte aérea), extracto de cola de caballo (Equisetum aNense L., parte aérea), extracto de cardo mariano (silybum marianum L., semilla), extracto de arenaria (Spergularia rubra L., Flor), extracto de abedul (Betula alba L., hoja), extracto de zarzaparrilla (Smilax aspera L., Raíz),  extracto de Gayuba,(Camellia sinenis L., Hoja), extracto de Té verde  (Arctostaphylos uva-ursi Sprengel, Hoja), extracto de bardana (Arctium lappa L., Raíz), ácido cítrico (corrector de la acidez), conservadores (benzoato potásico y sorbato sódico), aroma, celulosa"],"conservation":" Conservar en lugar fresco, seco y al amparo de la luz.","ean":"8436000544060"},{"full_name":"NATURTIERRA alcachofa 80 comprimidos envase 141 g","name":"alcachofa 80 comprimidos envase 141 g","brand":"NATURTIERRA ","img":"https://sgfm.elcorteingles.es/SGFM/00/38/8/0120744500388/0120744500388000g01011.jpg","price":"3,69 €","price_unit":"(26,17 € / Kilo)","categories":["Supermercado","Dietéticos","Complementos nutricionales","Digestivo","NATURTIERRA alcachofa 80 comprimidos envase 141 g"],"general_information":["Denominación del alimento: Complemento alimenticio elaborado a base de especies vegetales.","Nombre del operador: Ynsadiet S.A.","Dirección del operador: Isaac Peral, 3 ? Pol. Ind. Ntra. Sra. de Butarque. 28914 Leganés (Madrid).","Cantidad Neta: 32 g"],"ingredients":[" Antiaglomerantes (Celulosa, Fosfato cálcico, Estearato magnésico), Almidón de maíz, Alcachofa extracto seco (Cynara scolymus L, hojas) (60 mg)."],"conservation":" Ambiente seco y fresco.","ean":"8412016357757"},{"full_name":"NATURTIERRA alcachofa con hinojo 10 ampollas envase 120 g","name":"alcachofa con hinojo 10 ampollas envase 120 g","brand":"NATURTIERRA ","img":"https://sgfm.elcorteingles.es/SGFM/dctm/MEDIA02/CONTENIDOS/201408/13/00120744501311____1__600x600.jpg","price":"5,04 €","price_unit":"(4,20 € / 100 gr.)","categories":["Supermercado","Dietéticos","Complementos nutricionales","Digestivo","NATURTIERRA alcachofa con hinojo 10 ampollas envase 120 g"],"general_information":["Denominación del alimento: Complemento alimenticio elaborado a base de especies vegetales.","Nombre del operador: Ynsadiet S.A.","Dirección del operador: Isaac Peral, 3 ? Pol. Ind. Ntra. Sra. de Butarque. 28914 Leganés (Madrid).","Cantidad Neta: 100 Mililitros"],"ingredients":[" Agua, Jarabe de fructosa (85% fructosa y 15% glucosa), Alcachofa concentrado vegetal (Cynara scolymus L, hojas) (1260 mg), Hinojo concentrado vegetal (Foeniculum vulgare L, semillas frutos) (470 mg), Conservantes (sorbato potásico), Menta extracto seco (Mentha x piperita L, hojas) (10 mg), Aroma a limón."],"conservation":" Ambiente seco y fresco. ?Agitar bien antes de consumir?.","ean":"8412016362959"},{"full_name":"NATURTIERRA Drenanat jarabe con alcachofa y diente de león envase 250 ml","name":"Drenanat jarabe con alcachofa y diente de león envase 250 ml","brand":"NATURTIERRA ","img":"https://sgfm.elcorteingles.es/SGFM/dctm/MEDIA02/CONTENIDOS/201407/21/00120744501287____1__600x600.jpg","price":"6,00 €","price_unit":"(2,40 € / 100 ml.)","categories":["Supermercado","Dietéticos","Complementos nutricionales","Digestivo","NATURTIERRA Drenanat jarabe con alcachofa y diente de león envase 250 ml"],"general_information":["Denominación del alimento: Complemento alimenticio elaborado a base de vitaminas, especies vegetales y fibras.","Nombre del operador: Ynsadiet S.A.","Dirección del operador: Isaac Peral, 3 ? Pol. Ind. Ntra. Sra. de Butarque. 28914 Leganés (Madrid).","Cantidad Neta: 250 Mililitros"],"ingredients":[" Jarabe de Fructosa (85% fructosa y 15% glucosa), Agua, Espesante (Glicerina), Alcachofera Concentrado vegetal (Cynara scolymus L, hojas) (300 mg), Diente de león Concentrado vegetal (Taraxacum officinale Weber, planta entera) (300 mg), Cola de caballo Concentrado vegetal (Equisetum arvense L, tallos) (200 mg), Zarzaparrilla Concentrado vegetal (Smilax aspera L, raíz) (200 mg), Inulina (150 mg), Oligofructosa (100 mg), Estabilizador (Carboximetilcelulosa y celulosa microcristalina), Acido L-Ascórbico (Vitamina C) (20 mg), Conservante (Sorbato potásico), Aroma a limón, DL-alfa Tocoferol (Vitamina E) (9,95 mg, eq. 3,34 mg de Tocoferol), Menta Extracto seco (Mentha piperita L, hojas) (10 mg), Palmitato de Retinilo (Vitamina A) (3,56 Mg, eq. 266,7 mcg Retinol)."],"conservation":" Ambiente seco y fresco. Una vez abierto el envase, manténgase bien cerrado.","ean":"8412016361976"},{"full_name":"EL GRANERO INTEGRAL Bio cúrcuma con pimienta ecológica depurativo antiinflamatorio y antioxidante envase 60 cápsulas","name":"Bio cúrcuma con pimienta ecológica depurativo antiinflamatorio y antioxidante envase 60 cápsulas","brand":"EL GRANERO INTEGRAL ","img":"https://sgfm.elcorteingles.es/SGFM/dctm/MEDIA03/201710/03/00120737406239____7__600x600.jpg","price":"15,29 €","price_unit":"(34,75 € / 100 gr.)","categories":["Supermercado","Dietéticos","Complementos nutricionales","Digestivo","EL GRANERO INTEGRAL Bio cúrcuma con pimienta ecológica depurativo antiinflamatorio y antioxidante envase 60 cápsulas"],"general_information":["Denominación del alimento: complemento alimenticio a base de plantas","Nombre del operador: BIOGRAN  S L","Dirección del operador: AVDA. DOÑA MARIA GARCINI, 16 - POL. IND. 28860 PARACUELLOS DE JARAMA","Cantidad Neta: 26.4 g"],"ingredients":[" polvo de rizoma de cúrcuma* (Cúrcuma longa L), polvo de fruto de pimienta negra* (Piper nigrum L). Cubierta de la cápsula: hidroxipropilmetilcelulosa.(*)=De cultivo ecológico."],"conservation":" Mantener en lugar fresco y seco.","ean":"8422584034004"},{"full_name":"EQUILIBRA carbón vegetal + arcilla verde 50 comprimidos envase 40 g","name":"carbón vegetal + arcilla verde 50 comprimidos envase 40 g","brand":"EQUILIBRA ","img":"https://sgfm.elcorteingles.es/SGFM//03/14/5/0120748703145/0120748703145000g01011.jpg","price":"7,13 €","price_unit":"(17,82 € / 100 gr.)","categories":["Supermercado","Dietéticos","Complementos nutricionales","Digestivo","EQUILIBRA carbón vegetal + arcilla verde 50 comprimidos envase 40 g"],"general_information":["Denominación del alimento: Carbón vegetal y arcilla verde","País de origen: Italia","Nombre del operador: Ofistrade S.A.","Dirección del operador: C/Buenos Aires 38-40, entlo. C - 08036 Barcelona","Lugar de procedencia del alimento: Italia","Cantidad Neta: 40,0 g"],"ingredients":[" Carbón vegetal en polvo; estabilizantes: goma arábiga, PVP, carboximetilcelulosa sódica reticulada, carboximetilcelulosa sódica; arcilla verde en polvo (solum follonum); maltodextrinas de maíz; azúcar y antiaglomerante: estereato de magnesio."],"conservation":" Consérvese en lugar fresco y seco.","ean":"8000137700035"},{"full_name":"SPECIAL LINE ginseng sabor naranja 20 comprimidos efervescentes tubo 84 g","name":"ginseng sabor naranja 20 comprimidos efervescentes tubo 84 g","brand":"SPECIAL LINE ","img":"https://sgfm.elcorteingles.es/SGFM/00/11/7/0120719000117/0120719000117000g01011.jpg","price":"4,65 €","price_unit":"(5,54 € / 100 gr.)","categories":["Supermercado","Dietéticos","Complementos nutricionales","Energía","SPECIAL LINE ginseng sabor naranja 20 comprimidos efervescentes tubo 84 g"],"general_information":["Denominación del alimento: Complemento alimenticio con 6 vitaminas y extracto de ginseng, con edulcorantes.","Nombre del operador: Elaborado para el Grupo El Corte Inglés\nHermosilla, 112 ? 28009 Madrid\nEspaña por NIF: N0013670E","Cantidad Neta: 80 g"],"ingredients":[" Ingredientes: Acidulante (ácido cítrico), corrector de acidez (carbonato ácido de sodio), almidón, vitamina C, zumo de remolacha en polvo (maltodextrina, zumo concentrado de remolacha, acidulante: ácido cítrico), extracto de ginseng (Panax ginseng C.A. Mey.),  antiespumante (polivinilpirrolidona), aroma,edulcorantes (acesulfamo K, aspartamo), niacina, ácido pantoténico, riboflavina, vitamina B6, tiamina."],"conservation":" Conservar en lugar fresco y seco.  Cerrar el tubo después de usar.","ean":"8433329030595"},{"full_name":"SPECIAL LINE complemento energético con jalea real y ginseng sabor mandarina estuche 10 unidades","name":"complemento energético con jalea real y ginseng sabor mandarina estuche 10 unidades","brand":"SPECIAL LINE ","img":"https://sgfm.elcorteingles.es/SGFM/00/69/5/0120747300695/0120747300695000g01011.jpg","price":"7,75 €","price_unit":"(775 € / Kilo)","categories":["Supermercado","Dietéticos","Complementos nutricionales","Energía","SPECIAL LINE complemento energético con jalea real y ginseng sabor mandarina estuche 10 unidades"],"general_information":["Denominación del alimento: Complemento alimenticio con ginseng","Nombre del operador: Elaborado para el Grupo El Corte Inglés\nHermosilla, 112 ? 28009 Madrid\nEspaña por NIF: A42015198"],"ingredients":[" Ingredientes:\nCápsula: Acetil DL-metionina, fosfato bicálcico, pantotenato cálcico, antiaglomerantes (dióxido de silicio, croscarmelosa sódica)\nVial: Agua, glucosa, glicerina, fructosa, aroma natural de mandarina, fosfato monopotásico, estbilizador (celulosa microcristalina, goma guar), gluconato de calcio, propilenglicol, propóleo (mínimo 160 µg de galangina/vial), arginina, ácido ascórbico, corrector de acidez (ácido cítrico), jalea real (mínimo 2.100 µg de ác. 10-hidroxidecenoico/vial), conservante (sorbato potásico), glicina, vitamina E, ginseng (mínimo 2.100 µg de ginsenósidos/vial), carbonato de magnesio, vitamina D3, tricloruro de cromo, vitamina B12."],"conservation":" Mantener en lugar fresco y seco.","ean":"8433329033121"},{"full_name":"SPECIAL LINE complemento energético con jalea real minerales y vitaminas estuche 10 unidades","name":"complemento energético con jalea real minerales y vitaminas estuche 10 unidades","brand":"SPECIAL LINE ","img":"https://sgfm.elcorteingles.es/SGFM/00/71/7/0200347300717/0200347300717000g01011.jpg","price":"7,75 €","price_unit":"(775 € / Kilo)","categories":["Supermercado","Dietéticos","Complementos nutricionales","Energía","SPECIAL LINE complemento energético con jalea real minerales y vitaminas estuche 10 unidades"],"general_information":["Denominación del alimento: Complemento alimenticio.","Nombre del operador: Elaborado para el Grupo El Corte Inglés\nHermosilla, 112 ? 28009 Madrid\nEspaña por NIF: A42015198"],"ingredients":[" Ingredientes: \nCápsula: Arginina, acetil DL-metionina, vitamina E, pantotenato cálcico, antiaglomerantes (dióxido de silicio, croscarmelosa sódica).\nVial: Agua, glucosa, glicerina, miel, fructosa, aroma natural de frutos del bosque, fosfato monopotásico, gluconato de cálcio, estabilizantes (celulosa microcristalina, goma guar), propóleo (mínimo 160 µg de galangina/vial), regulador de acidez (ácido cítrico), vitamina C, jalea real (mínimo 2.100 µg de ác. 10-hidroxidecenoico/vial), conservante (sorbato potásico), glicina, carbonato de magnesio, vitamina D3, tricloruro de cromo."],"conservation":" Mantener en lugar fresco y seco.","ean":"8433329033138"},{"full_name":"SPECIAL LINE espirulina 100 comprimidos envase 40 g","name":"espirulina 100 comprimidos envase 40 g","brand":"SPECIAL LINE ","img":"https://sgfm.elcorteingles.es/SGFM/dctm/MEDIA03/201607/13/00120748703764____1__600x600.jpg","price":"4,15 €","price_unit":"(10,38 € / 100 gr.)","categories":["Supermercado","Dietéticos","Complementos nutricionales","Energía","SPECIAL LINE espirulina 100 comprimidos envase 40 g"],"general_information":["Denominación del alimento: Complemento alimenticio.","Nombre del operador: Elaborado para el Grupo El Corte Ingles \nHermosilla, 112 \n28009 Madrid - España \npor CIF: B78966942","Cantidad Neta: 40 g"],"ingredients":[" Ingredientes: espirulina liofilizada (300 mg), levadura de cerveza  y estabilizantes (E551 y E470b). Puede contener trazas de gluten"],"conservation":" Mantener en lugar fresco y seco.","ean":"8433329030748"},{"full_name":"SPECIAL LINE Energy y Aminoácidos sabor plátano con jalea real y ginseng viales 15 ml estuche 10 unidades","name":"Energy y Aminoácidos sabor plátano con jalea real y ginseng viales 15 ml estuche 10 unidades","brand":"SPECIAL LINE ","img":"https://sgfm.elcorteingles.es/SGFM/00/68/7/0120747300687/0120747300687000g01011.jpg","price":"7,75 €","price_unit":"(775 € / Kilo)","categories":["Supermercado","Dietéticos","Complementos nutricionales","Energía","SPECIAL LINE Energy y Aminoácidos sabor plátano con jalea real y ginseng viales 15 ml estuche 10 unidades"],"general_information":["Denominación del alimento: Complemento alimenticio con aminoácidos","Nombre del operador: Elaborado para el Grupo El Corte Inglés\nHermosilla, 112 ? 28009 Madrid\nEspaña por NIF: A42015198"],"ingredients":[" Ingredientes: \nCápsula: L-glutamina, L-ornitina, acetil DL-metionina, inosina, antiaglomerantes (dióxido de silicio, croscarmelosa sódica).\nVial: Agua, glucosa, glicerina, fructosa, clorhidrato de arginina, fosfato monopotásico, estabilizadores (celulosa microcristalina, goma guar), gluconato de cálcio, corrector de acidez (ácido cítrico), propóleo (mínimo 160 µg de galangina/vial), glicina, dimetilglicina, jalea real (mínimo 2.100 µg de ác. 10-hidroxidecenoico/vial), conservante (sorbato potásico), vitamina C, aroma natural de plátano, ginseng (mínimo 2.100 µg de ginsenósidos/vial), carbonato de magnesio, vitamina D3, vitamina E, tricloruro de cromo."],"conservation":" Mantener en lugar fresco y seco.","ean":"8433329033114"},{"full_name":"SPECIAL LINE maca 100 comprimidos envase 50 g","name":"maca 100 comprimidos envase 50 g","brand":"SPECIAL LINE ","img":"https://sgfm.elcorteingles.es/SGFM/dctm/MEDIA03/201609/08/00120747300844____2__600x600.jpg","price":"8,95 €","price_unit":"(17,90 € / 100 gr.)","categories":["Supermercado","Dietéticos","Complementos nutricionales","Energía","SPECIAL LINE maca 100 comprimidos envase 50 g"],"general_information":["Denominación del alimento: Complemento alimenticio.","Nombre del operador: Elaborado para el Grupo El Corte Ingles \nHermosilla, 112 \n28009 Madrid - España \npor CIF: B78966942","Cantidad Neta: 50 g"],"ingredients":[" Ingredientes: 200 mg extracto maca andina  (lepidium meyenii). Estabilizantes: E341, inulina y fibra de bambú (Bambusa bambos (L) tallo). Antiaglomerantes (E 551 y E 470b)"],"conservation":" Mantener en lugar fresco y seco.","ean":"8433329066266"},{"full_name":"SANTIVERI Real Vit jalea real vitaminada aumenta tu vitalidad 30 viales envase 300 cc","name":"Real Vit jalea real vitaminada aumenta tu vitalidad 30 viales envase 300 cc","brand":"SANTIVERI ","img":"https://sgfm.elcorteingles.es/SGFM/dctm/MEDIA02/CONTENIDOS/201408/13/00120733100893____1__600x600.jpg","price":"29,35 €","price_unit":"(97,83 € / Litro)","categories":["Supermercado","Dietéticos","Complementos nutricionales","Energía","SANTIVERI Real Vit jalea real vitaminada aumenta tu vitalidad 30 viales envase 300 cc"],"general_information":["Denominación del alimento: REALVIT VITAMINADA. COMPLEMENTO ALI","Nombre del operador: CASA SANTIVERI S.L.","Dirección del operador: ENCUNY 8, 08038 BARCELONA","Cantidad Neta: 300 Centímetro cúbico"],"ingredients":[" agua, fructosa, jalea real liofilizada (3,7%), vitamina c (ácido l-ascórbico), lactato de zinc, sorbato potásico (conservador), vitamina b3 (nicotinamida), vitamina e (acetato de dl-alfatocoferilo), vitamina b5 (d-pantotenato cálcico), vitamina b6 (clorhidrato de piridoxina), vitamina b1 (clorhidrato de tiamina), vitamina b2 (riboflavina), vitamina a (retinol), vitamina k (filoquinona), vitamina h (d-biotina), seleniometionina, vitamina b9 (ácido pteroilmonoglutámico), vitamina d (colecalciferol), vitamina b12 (cianocobalamina)"],"ean":"8412170031661"},{"full_name":"SANTIVERI Micosan Energy con vitamina C natural 40 cápsulas estuche 19 g","name":"Micosan Energy con vitamina C natural 40 cápsulas estuche 19 g","brand":"SANTIVERI ","img":"https://sgfm.elcorteingles.es/SGFM/dctm/MEDIA03/201611/25/00120737407211____1__600x600.jpg","price":"20,39 €","price_unit":"(107,32 € / 100 gr.)","categories":["Supermercado","Dietéticos","Complementos nutricionales","Energía","SANTIVERI Micosan Energy con vitamina C natural 40 cápsulas estuche 19 g"],"general_information":[],"ingredients":[],"ean":"8412170034211"},{"full_name":"SANTIVERI Gingseng coreano energía y vitalidad reduce el cansancio y la fatiga física y mental envase 40 cápsulas","name":"Gingseng coreano energía y vitalidad reduce el cansancio y la fatiga física y mental envase 40 cápsulas","brand":"SANTIVERI ","img":"https://sgfm.elcorteingles.es/SGFM/dctm/MEDIA03/201710/20/00120719000034____6__600x600.jpg","price":"15,75 €","price_unit":"(78,75 € / 100 gr.)","categories":["Supermercado","Dietéticos","Complementos nutricionales","Energía","SANTIVERI Gingseng coreano energía y vitalidad reduce el cansancio y la fatiga física y mental envase 40 cápsulas"],"general_information":["Denominación del alimento: Complemento alimenticio a base de g","Nombre del operador: CASA SANTIVERI S.L.","Dirección del operador: ENCUNY 8, 08038 BARCELONA","Cantidad Neta: 20 g"],"ingredients":[" fécula de patata, gelatina vegetal, extracto de ginseng (15%), estearato de magnesio (antiaglomerante)"],"ean":"8412170011168"},{"full_name":"SANTIVERI Bio Maca vigor y vitalidad envase 60 cápsulas","name":"Bio Maca vigor y vitalidad envase 60 cápsulas","brand":"SANTIVERI ","img":"https://sgfm.elcorteingles.es/SGFM/dctm/MEDIA03/201710/20/00120737402196____6__600x600.jpg","price":"15,00 €","price_unit":"(576,92 € / Kilo)","categories":["Supermercado","Dietéticos","Complementos nutricionales","Energía","SANTIVERI Bio Maca vigor y vitalidad envase 60 cápsulas"],"general_information":["Denominación del alimento: PLANTAS CAPSULAS MACA","Nombre del operador: CASA SANTIVERI S.L.","Dirección del operador: ENCUNY 8, 08038 BARCELONA","Cantidad Neta: 26 g"],"ingredients":[" maca, gelatina vegetal"],"ean":"8412170012547"},{"full_name":"SANTIVERI Anemivita Complex combate el cansacio y la fatiga envase 40 cápsulas","name":"Anemivita Complex combate el cansacio y la fatiga envase 40 cápsulas","brand":"SANTIVERI ","img":"https://sgfm.elcorteingles.es/SGFM/dctm/MEDIA03/201710/20/00120737407864____6__600x600.jpg","price":"7,95 €","price_unit":"(418,42 € / Kilo)","categories":["Supermercado","Dietéticos","Complementos nutricionales","Energía","SANTIVERI Anemivita Complex combate el cansacio y la fatiga envase 40 cápsulas"],"general_information":[],"ingredients":[],"ean":"8412170034914"},{"full_name":"SANTIVERI alga espirulina frasco 100 comprimidos","name":"alga espirulina frasco 100 comprimidos","brand":"SANTIVERI ","img":"https://sgfm.elcorteingles.es/SGFM//00/04/8/0120719200048/0120719200048000g01011.jpg","price":"9,90 €","price_unit":"(0,10 € / Dosis)","categories":["Supermercado","Dietéticos","Complementos nutricionales","Energía","SANTIVERI alga espirulina frasco 100 comprimidos"],"general_information":["Denominación del alimento: QUANTICUM ALGA ESPIRULINA COMP","Nombre del operador: CASA SANTIVERI S.L.","Dirección del operador: ENCUNY 8, 08038 BARCELONA","Cantidad Neta: 45 g"],"ingredients":[" alga espirulina (100%), óxido de silicio (antiaglomerante), vitamina b12 (cianocobalamina)"],"ean":"8412170000438"},{"full_name":"SANTIVERI guaraná + ginseng perlas frasco 40 unidades","name":"guaraná + ginseng perlas frasco 40 unidades","brand":"SANTIVERI ","img":"https://sgfm.elcorteingles.es/SGFM/00/14/1/0120719000141/0120719000141000g01011.jpg","price":"11,75 €","price_unit":"(0,29 € / Dosis)","categories":["Supermercado","Dietéticos","Complementos nutricionales","Energía","SANTIVERI guaraná + ginseng perlas frasco 40 unidades"],"general_information":["Denominación del alimento: Complemento alimenticio con guaraná","Nombre del operador: CASA SANTIVERI S.L.","Dirección del operador: ENCUNY 8, 08038 BARCELONA","Cantidad Neta: 37 g"],"ingredients":[" aceite de girasol, gelatina, eleuterococo (21,38%), extracto de guaraná (18,31%), glicerina, LECITINA DE SOJA (EMULGENTE), monoestearato de glicerilo (emulgente), vitamina b5 (d-pantotenato cálcico)"],"ean":"8412170018945"},{"full_name":"SANTIVERI Vigor EPA concentrado en lípidos marinos Omega 3 frasco 82 g","name":"Vigor EPA concentrado en lípidos marinos Omega 3 frasco 82 g","brand":"SANTIVERI ","img":"https://sgfm.elcorteingles.es/SGFM/dctm/MEDIA02/CONTENIDOS/201411/25/00120737400810____1__600x600.jpg","price":"11,20 €","price_unit":"(13,66 € / 100 gr.)","categories":["Supermercado","Dietéticos","Complementos nutricionales","Energía","SANTIVERI Vigor EPA concentrado en lípidos marinos Omega 3 frasco 82 g"],"general_information":["Denominación del alimento: VIGOR EPA perlas. COMPLEMENTO ALIME","Nombre del operador: CASA SANTIVERI S.L.","Dirección del operador: ENCUNY 8, 08038 BARCELONA","Cantidad Neta: 82 g"],"ingredients":[" ACEITES DE/DHA/EPA DE PESCADO, gelatina, glicerina, vitamina e (acetato de dl-alfatocoferilo)"],"ean":"8412170010161"},{"full_name":"SANTIVERI Vigor Total con levadura de cerveza, polen, germen de trigo, maca y algas kelp envase 20 viales","name":"Vigor Total con levadura de cerveza, polen, germen de trigo, maca y algas kelp envase 20 ","brand":"SANTIVERI ","img":"https://sgfm.elcorteingles.es/SGFM/dctm/MEDIA03/201709/27/00120747300588____1__600x600.jpg","price":"24,79 €","price_unit":"(12,40 € / 100 gr.)","categories":["Supermercado","Dietéticos","Complementos nutricionales","Energía","SANTIVERI Vigor Total con levadura de cerveza, polen, germen de trigo, maca y algas kelp envase 20 viales"],"general_information":["Denominación del alimento: VIGOR TOTAL VIALES. COMPLEMENTO ALI","Nombre del operador: CASA SANTIVERI S.L.","Dirección del operador: ENCUNY 8, 08038 BARCELONA","Cantidad Neta: 200 Centímetro cúbico"],"ingredients":[" agua, sirope de savia de arce, fructosa, extracto seco de maca (5%), GERMEN DE TRIGO (5%), LEVADURA DE CERVEZA (2,1%), polen (2,1%), ALGAS KELP (,8%), aroma, sorbato potásico (conservador), ácido málico (corrector de acidez)"],"ean":"8412170028531"},{"full_name":"SANTIVERI Prostaplant serenpro favorece la funcionalidad de la próstata 40 capsulas envase 18 g","name":"Prostaplant serenpro favorece la funcionalidad de la próstata 40 capsulas envase 18 g","brand":"SANTIVERI ","img":"https://sgfm.elcorteingles.es/SGFM/dctm/MEDIA02/CONTENIDOS/201411/06/00120748703376____1__600x600.jpg","price":"13,39 €","price_unit":"(743,89 € / Kilo)","categories":["Supermercado","Dietéticos","Complementos nutricionales","Energía","SANTIVERI Prostaplant serenpro favorece la funcionalidad de la próstata 40 capsulas envase 18 g"],"general_information":["Denominación del alimento: PROSTAPLANT SERENPRO cápsulas. COMP","Nombre del operador: CASA SANTIVERI S.L.","Dirección del operador: ENCUNY 8, 08038 BARCELONA","Cantidad Neta: 18 g"],"ingredients":[" extracto de sabal (35,6%), extracto de ortiga (6,9%), extracto de epilobio (6,9%), extracto de calabaza (6,9%), lactato de zinc, levadura de arroz rojo, licopeno (2,7%), vitamina e (acetato de dl-alfatocoferilo), estearato de magnesio (antiaglomerante), óxido de silicio (antiaglomerante), seleniometionina"],"ean":"8412170032439"},{"full_name":"NATURGREEN espirulina Bio sin gluten y sin lactosa con alto contenido en proteínas y hierro envase 90 g 180 comprimidos","name":"espirulina Bio sin gluten y sin lactosa con alto contenido en proteínas y hierro envase 90 g","brand":"NATURGREEN ","img":"https://sgfm.elcorteingles.es/SGFM/dctm/MEDIA03/201711/17/00120748703350____2__600x600.jpg","price":"11,85 €            ","price_unit":"(11,94 € / 100 gr.)","categories":["Supermercado","Dietéticos","Complementos nutricionales","Energía","NATURGREEN espirulina Bio sin gluten y sin lactosa con alto contenido en proteínas y hierro envase 90 g 180 comprimidos"],"general_information":["Denominación del alimento: Vita Superlife Espirulina Comprimidos Bio","Nombre del operador: Laboratorios Almond SL","Dirección del operador: Avda. Cabecicos Blancos, Parcela 18 2.B. Parque empresarial Cabecicos Blancos 30892 - Librilla, Murcia (Spain)","Cantidad Neta: 90 g","Peso neto escurrido: 90 g","Otras menciones obligatorias en la etiqueta: Ingredientes procedentes de la Agricultura Ecológica"],"ingredients":[" Espirulina en polvo (100%)"],"conservation":" Conservar en lugar fresco, oscuro y seco, preservado de la luz solar. No congelar.","ean":"8436542191920"},{"full_name":"INTEGRALIA hierro plus con ácido fólico espirulina vitaminas V12 y levadura de cerveza estuche 30 cápsulas","name":"hierro plus con ácido fólico espirulina vitaminas V12 y levadura de cerveza estuche 30 cápsulas","brand":"INTEGRALIA ","img":"https://sgfm.elcorteingles.es/SGFM/dctm/MEDIA03/201603/21/00120748703988____1__600x600.jpg","price":"7,05 €","categories":["Supermercado","Dietéticos","Complementos nutricionales","Energía","INTEGRALIA hierro plus con ácido fólico espirulina vitaminas V12 y levadura de cerveza estuche 30 cápsulas"],"general_information":["Denominación del alimento: Complemento alimenticio","Nombre del operador: General Dietetica S.L.","Dirección del operador: C/ Encuny, 2 08038 Barcelona (España).","Cantidad Neta: 15 g","Otras menciones obligatorias en la etiqueta: No superar la dosis recomendada. Los complementos alimenticios no sustituyen una dieta variada, equilibrada y un estilo de vida saludable. Mantener fuera del alcance de los niños más pequeños."],"ingredients":[" Spirulina (spirulina turpin ex gomont sp, alga), levadura de cerveza (saccharomyces cerevisiae) (derivado de cereales con gluten), cubierta (gelatina), vitamina C (Acido L-ascórbico), agente de carga fumarato de hierro, antiaglomerantes (magnesio (celulosa), estearato, dióxido de silicio), ácido fólico (ácido pteroilmonoglutámico) y vitamina 812 (cianocobalamina)."],"conservation":" Conservar en lugar fresco, seco y al amparo de la luz.","ean":"8436000543551"},{"full_name":"YNSADIET Sense Vigor estimula el apetito sexual 60 cápsulas caja 43 g","name":"Sense Vigor estimula el apetito sexual 60 cápsulas caja 43 g","brand":"YNSADIET ","img":"https://sgfm.elcorteingles.es/SGFM/dctm/MEDIA02/CONTENIDOS/201507/06/00120747300836____1__600x600.jpg","price":"16,69 €","price_unit":"(38,81 € / 100 gr.)","categories":["Supermercado","Dietéticos","Complementos nutricionales","Energía","YNSADIET Sense Vigor estimula el apetito sexual 60 cápsulas caja 43 g"],"general_information":[],"ingredients":[],"ean":"8412016364007"},{"full_name":"YNSADIET Zentrum triptófano con magnesio vitaminas y melatonina 60 comprimidos bote 50 g","name":"Zentrum triptófano con magnesio vitaminas y melatonina 60 comprimidos bote 50 g","brand":"YNSADIET ","img":"https://sgfm.elcorteingles.es/SGFM/dctm/MEDIA03/201612/27/00120748704242____1__600x600.jpg","price":"11,65 €","price_unit":"(23,30 € / 100 gr.)","categories":["Supermercado","Dietéticos","Complementos nutricionales","Energía","YNSADIET Zentrum triptófano con magnesio vitaminas y melatonina 60 comprimidos bote 50 g"],"general_information":[],"ingredients":[],"ean":"8412016365950"},{"full_name":"BIOTONA Superboost maca ginseng y goji en polvo vitalidad física y mental 100% ecológico envase 200 g","name":"Superboost maca ginseng y goji en polvo vitalidad física y mental 100% ecológico envase 200 g","brand":"BIOTONA ","img":"https://sgfm.elcorteingles.es/SGFM/dctm/MEDIA02/CONTENIDOS/201507/06/00120748703566____1__600x600.jpg","price":"30,25 €","price_unit":"(15,12 € / 100 gr.)","categories":["Supermercado","Dietéticos","Complementos nutricionales","Energía","BIOTONA Superboost maca ginseng y goji en polvo vitalidad física y mental 100% ecológico envase 200 g"],"general_information":["Denominación del alimento: Biotona Bio Superboost","País de origen: Bélgica","Nombre del operador: Keypharm n.v.","Dirección del operador: Siemenslaan, 11. B-8020. Oostkamp.","Cantidad Neta: 200 g","Otras menciones obligatorias en la etiqueta: No contiene gluten. No contiene colesterol. Sin aditivos, ni colorantes, ni conservantes, ni aromas, ni agentes de carga, ni OMG. Exentos de ingredientes de origen animal.  // Otras prop. Saludables: Ayuda a controlar la tasa de colesterol ? Juega un papel en la prevencio´n del ca´ncer y de las enfermedades inflamatorias (propiedades antioxidantes) ? Accio´n antienvejecimiento"],"ingredients":[" Polvo de maca, ginseng siberiano, guaraná, goji, camu camu, té matcha, canela, ginseng coreano, rodiola, cacao, mate verde, jengibre."],"conservation":" Conservar en lugar fresco y seco. No sacar el producto del envase.","ean":"5412360009718"},{"full_name":"BIOTONA maca en polvo aporta energía y vitalidad 100% ecológica envase 200 g","name":"maca en polvo aporta energía y vitalidad 100% ecológica envase 200 g","brand":"BIOTONA ","img":"https://sgfm.elcorteingles.es/SGFM/dctm/MEDIA02/CONTENIDOS/201503/24/00200348703414____1__600x600.jpg","price":"13,40 €","price_unit":"(6,70 € / 100 gr.)","categories":["Supermercado","Dietéticos","Complementos nutricionales","Energía","BIOTONA maca en polvo aporta energía y vitalidad 100% ecológica envase 200 g"],"general_information":["Denominación del alimento: Biotona Bio Maca Raw","País de origen: Bélgica","Nombre del operador: Keypharm n.v.","Dirección del operador: Siemenslaan, 11. B-8020. Oostkamp.","Cantidad Neta: 200 g","Otras menciones obligatorias en la etiqueta: No contiene gluten. No contiene colesterol. Sin aditivos, ni colorantes, ni conservantes, ni aromas, ni agentes de carga, ni OMG. Exentos de ingredientes de origen animal. // Otras prop. Saludables: Disminuye los si´ntomas ligados a la menopausia ? Juega un papel en la prevencio´n del ca´ncer y de las enfermeda- des inflamatorias (propiedades antioxidantes)."],"ingredients":[" Polvo de maca (Lepidium meyenii)"],"conservation":" Conservar en lugar fresco y seco. No sacar el producto del envase.","ean":"5412360007493"},{"full_name":"EL GRANERO INTEGRAL Bio maca ecológica 60 cápsulas envase 56 g","name":"Bio maca ecológica 60 cápsulas envase 56 g","brand":"EL GRANERO INTEGRAL ","img":"https://sgfm.elcorteingles.es/SGFM/dctm/MEDIA03/201710/03/00120737406247____2__600x600.jpg","price":"14,45 €","price_unit":"(25,80 € / 100 gr.)","categories":["Supermercado","Dietéticos","Complementos nutricionales","Energía","EL GRANERO INTEGRAL Bio maca ecológica 60 cápsulas envase 56 g"],"general_information":["Denominación del alimento: COMPLEMENTO ALIMENTICIO A BASE DE MACA","Nombre del operador: BIOGRAN  S L","Dirección del operador: AVDA. DOÑA MARIA GARCINI, 16 - POL. IND. 28860 PARACUELLOS DE JARAMA","Cantidad Neta: 33.6 g"],"ingredients":[" polvo de raíz de maca* (Lepidium Meyenii walp). Cubierta de la cápsula: hidroxipropilmetilcelulosa.(*)=De cultivo ecológico."],"conservation":" Mantener en lugar fresco y seco.","ean":"8422584033960"},{"full_name":"NATURTIERRA ginseng rojo energético y tonificante 45 cápsulas envase 225 g","name":"ginseng rojo energético y tonificante 45 cápsulas envase 225 g","brand":"NATURTIERRA ","img":"https://sgfm.elcorteingles.es/SGFM/dctm/MEDIA02/CONTENIDOS/201408/13/00120719000174____1__600x600.jpg","price":"4,49 €","price_unit":"(2 € / 100 gr.)","categories":["Supermercado","Dietéticos","Complementos nutricionales","Energía","NATURTIERRA ginseng rojo energético y tonificante 45 cápsulas envase 225 g"],"general_information":["Denominación del alimento: Complemento alimenticio elaborado a base de especies vegetales.","Nombre del operador: Ynsadiet S.A.","Dirección del operador: Isaac Peral, 3 ? Pol. Ind. Ntra. Sra. de Butarque. 28914 Leganés (Madrid).","Cantidad Neta: 24.5 g"],"ingredients":[" Antiaglomerantes (Almidón de maíz, Estearato magnésico, Talco), Ginseng rojo extracto seco (Panax ginseng C. A. Meyer, raíz) (100 mg, eq. a 500 mg de polvo de raíz). Componentes de la cubierta de la cápsula: Gelatina y agua."],"conservation":" Ambiente seco y fresco.","ean":"8412016361945"},{"full_name":"PRISMA NATURAL Triptófano + Magnesio + Melatonina + Vitaminas disminuye el cansancio y la fatiga envase 60 comprimidos","name":"Triptófano + Magnesio + Melatonina + Vitaminas disminuye el cansancio y la fatiga envase 60 comprimidos","brand":"PRISMA NATURAL ","img":"https://sgfm.elcorteingles.es/SGFM/dctm/MEDIA03/201702/01/00120737407575____1__600x600.jpg","price":"11,25 €","price_unit":"(22,50 € / 100 gr.)","categories":["Supermercado","Dietéticos","Complementos nutricionales","Energía","PRISMA NATURAL Triptófano + Magnesio + Melatonina + Vitaminas disminuye el cansancio y la fatiga envase 60 comprimidos"],"general_information":["Denominación del alimento: Suplemento alimentario","Nombre del operador: Nueva Dietética S.L.","Dirección del operador: P.I. Espaldillas. C/Espaldillas Diez 26-28,  41500 Alcalá de Guadaira, Sevilla.","Cantidad Neta: 49.9 g"],"ingredients":[" L-Triptofano, Hidróxido Magnesio(47% ión Mg), Vitamina B3 (Nicotinamida), Vitamina B5 (Pantotenato calcico), Vitamina B6(Piridoxina clorhidrato), Melatonina, Celulosa microcristalina, Estearato de magnesio."],"conservation":" Conservar en lugar fresco, seco y alejado de la luz. Conservar a temperatura no superior a 30°C.","ean":"8436048049237"},{"full_name":"PRISMA NATURAL Maca complemento revitalizante y energizante envase 100 comprimidos","name":"Maca complemento revitalizante y energizante envase 100 comprimidos","brand":"PRISMA NATURAL ","img":"https://sgfm.elcorteingles.es/SGFM/dctm/MEDIA03/201702/01/00120737407567____1__600x600.jpg","price":"17,75 €","price_unit":"(35,50 € / 100 gr.)","categories":["Supermercado","Dietéticos","Complementos nutricionales","Energía","PRISMA NATURAL Maca complemento revitalizante y energizante envase 100 comprimidos"],"general_information":["Denominación del alimento: Suplemento alimentario","Nombre del operador: Nueva Dietética S.L.","Dirección del operador: P.I. Espaldillas. C/Espaldillas Diez 26-28,  41500 Alcalá de Guadaira, Sevilla.","Cantidad Neta: 50 g"],"ingredients":[" Maca 400 mg, Fosfato Dicálcico 100 mg, Excipientes."],"conservation":" Conservar en lugar fresco, seco y alejado de la luz. Conservar a temperatura no superior a 30°C.","ean":"8436048041088"},{"full_name":"PRISMA NATURAL Planta Vital Energy recomendado para fatiga, astenia y deportistas 20 ampollas 250 g","name":"Planta Vital Energy recomendado para fatiga, astenia y deportistas 20 ampollas  250 g","brand":"PRISMA NATURAL ","img":"https://sgfm.elcorteingles.es/SGFM/dctm/MEDIA03/201702/01/00120737407625____1__600x600.jpg","price":"20,60 €","price_unit":"(82,40 € / Kilo)","categories":["Supermercado","Dietéticos","Complementos nutricionales","Energía","PRISMA NATURAL Planta Vital Energy recomendado para fatiga, astenia y deportistas 20 ampollas 250 g"],"general_information":["Denominación del alimento: Suplemento alimentario","Nombre del operador: Nueva Dietética S.L.","Dirección del operador: P.I. Espaldillas. C/Espaldillas Diez 26-28,  41500 Alcalá de Guadaira, Sevilla.","Cantidad Neta: 200 Mililitros"],"ingredients":[" Agua, Fructosa, Jalea Real 15 % (1500 mg/ampolla), Eleuterococo (Eleuterococcus senticosus) 5 % (500 mg/ampolla), L-Canitina tartrato 2 % (200 mg/ampolla), LProlina 2 % (200 mg/ampolla), L-Arginina 2 % (200 mg/ampolla), Aroma de naranja, Vitamina C (Ac. L-Ascorbico,  Acidulante (Ac. Cítrico), Conservador (Sorbato potásico), Vitamina E (Acetato de Dl-alfa tocoferol), Vitamina B5 (D-Pantetonato de Calcio), Vitamina B6 (Piridoxina clorhidrato), B2 (Riboflavina), Vitamina B1 (Tiamina Mononitrato), Ácido Fólico (Ac Pteroilmonoglutámico), Biotina (D-Biotina), Vitamina D (Colecalciferol), Vitamina B12 (Cianocobalamina)."],"conservation":" Conservar en lugar fresco, seco y alejado de la luz. Conservar a temperatura no superior a 30°C.","ean":"8437006168496"},{"full_name":"SANTIVERI Prostaplant extracto de sabal favorece la funcionalidad de la próstata envase 50 g","name":"Prostaplant extracto de sabal favorece la funcionalidad de la próstata envase 50 g","brand":"SANTIVERI ","img":"https://sgfm.elcorteingles.es/SGFM/dctm/MEDIA02/CONTENIDOS/201411/06/00200348703349____1__600x600.jpg","price":"12,95 €","price_unit":"(259 € / Kilo)","categories":["Supermercado","Dietéticos","Complementos nutricionales","Energía","SANTIVERI Prostaplant extracto de sabal favorece la funcionalidad de la próstata envase 50 g"],"general_information":["Denominación del alimento: Complemento alimenticio a base de s","Nombre del operador: CASA SANTIVERI S.L.","Dirección del operador: ENCUNY 8, 08038 BARCELONA","Cantidad Neta: 50 Centímetro cúbico"],"ingredients":[" sabal (30%), ortiga verde (20%), cola de caballo (20%), abedul (20%), epilobio (10%)"],"ean":"8412170032446"},{"full_name":"OPTIFORM taurina con cafeína super energía envase 20 comprimidos","name":"taurina con cafeína super energía envase 20 comprimidos","brand":"OPTIFORM ","img":"https://sgfm.elcorteingles.es/SGFM//00/18/2/0120719000182/0120719000182000g01011.jpg","price":"3,39 €","price_unit":"(0,17 € / Unidad)","categories":["Supermercado","Dietéticos","Complementos nutricionales","Energía","OPTIFORM taurina con cafeína super energía envase 20 comprimidos"],"general_information":[],"ingredients":[],"ean":"3700255220174"},{"full_name":"VIGOR perlas con ginseng tarro 40 unidades","name":"perlas con ginseng tarro 40 unidades","brand":"VIGOR ","img":"https://sgfm.elcorteingles.es/SGFM/00/06/7/0120719000067/0120719000067000g01011.jpg","price":"9,55 €","price_unit":"(238,75 € / Kilo)","categories":["Supermercado","Dietéticos","Complementos nutricionales","Energía","VIGOR perlas con ginseng tarro 40 unidades"],"general_information":["Denominación del alimento: Complemento alimenticio a base de e","Nombre del operador: CASA SANTIVERI S.L.","Dirección del operador: ENCUNY 8, 08038 BARCELONA","Cantidad Neta: 28 g"],"ingredients":[" aceite de girasol, eleuterococo (13,8%), gelatina, glicerol, vitamina c (ácido l-ascórbico), cera de abejas amarilla, vitamina e (acetato de d-alfatocoferilo), LECITINA DE SOJA (EMULGENTE)"],"ean":"8412170007062"},{"full_name":"LINWOODS bayas de Goji desecadas al sol envase 250 g","name":"bayas de Goji desecadas al sol envase 250 g","brand":"LINWOODS ","img":"https://sgfm.elcorteingles.es/SGFM/dctm/MEDIA02/CONTENIDOS/201511/11/00120778400950____1__600x600.jpg","price":"12,95 €","price_unit":"(51,80 € / Kilo)","categories":["Supermercado","Dietéticos","Alimentación básica dietética","Frutas deshidratadas","LINWOODS bayas de Goji desecadas al sol envase 250 g"],"general_information":["Denominación del alimento: Bayas de Goji","Nombre del operador: JOHN WOODS (LISGLYN) LTD","Dirección del operador: 190 MONAGHAN RD. ARMAGH (IRELAND) BT60 4EZ (REINO UNIDO)","Cantidad Neta: 250 g"],"ingredients":[" bayas de goji desecadas al sol."],"conservation":" Una vez abierto, mantener refrigerado y consumir en 45 días.","ean":"5016887003015"},{"full_name":"SPECIAL LINE jalea real fresca frasco 20 g","name":"jalea real fresca frasco 20 g","brand":"SPECIAL LINE ","img":"https://sgfm.elcorteingles.es/SGFM/dctm/MEDIA03/201701/16/00120733100984____1__600x600.jpg","price":"6,70 €","price_unit":"(33,50 € / 100 gr.)","categories":["Supermercado","Dietéticos","Complementos nutricionales","Jaleas y polen","SPECIAL LINE jalea real fresca frasco 20 g"],"general_information":["Denominación del alimento: Complemento alimenticio elaborado a base de jalea real fresca","Nombre del operador: Elaborado para el Grupo El Corte Inglés\nHermosilla, 112 ? 28009 Madrid\nEspaña por NIF: A-28648053","Cantidad Neta: 20 g"],"ingredients":[" Ingredientes: Jalea Real Fresca"],"conservation":" Conservar en el frigorífico.","ean":"8433329031691"},{"full_name":"SPECIAL LINE polen multifloral tarro 220 g","name":"polen multifloral tarro 220 g","brand":"SPECIAL LINE ","img":"https://sgfm.elcorteingles.es/SGFM/dctm/MEDIA02/CONTENIDOS/201507/08/00120736900182____1__600x600.jpg","price":"7,95 €","price_unit":"(3,61 € / 100 gr.)","categories":["Supermercado","Dietéticos","Complementos nutricionales","Jaleas y polen","SPECIAL LINE polen multifloral tarro 220 g"],"general_information":["Denominación del alimento: Polen multifloral","Nombre del operador: Envasado para el Grupo El Corte Inglés\nHermosilla, 112 ? 28009 Madrid\nEspaña por CIF: B15351620","Lugar de procedencia del alimento: Producto de España","Cantidad Neta: 220 g"],"ingredients":[" Ingredientes: Polen multifloral 100%"],"ean":"8433329064378"},{"full_name":"SPECIAL LINE polen de castaño tarro 220 g","name":"polen de castaño tarro 220 g","brand":"SPECIAL LINE ","img":"https://sgfm.elcorteingles.es/SGFM/dctm/MEDIA02/CONTENIDOS/201507/08/00120736900190____1__600x600.jpg","price":"7,59 €","price_unit":"(3,45 € / 100 gr.)","categories":["Supermercado","Dietéticos","Complementos nutricionales","Jaleas y polen","SPECIAL LINE polen de castaño tarro 220 g"],"general_information":[" Los beneficios del polen derivan de sus propiedades depurativas, energizantes y revitalizantes.Debido a su extraordinaria composición, es considerado el complemento alimenticio de más rápido efecto sobre el organismo.Sus propiedades vigorizantes se deben a su intensa acción estimulante. Básicamente podemos decir que el polen reequilibra, estimula, tonifica y desintoxica. Resulta efectivo cuando es necesario mejorar el aporte nutricional (niños, adolescentes, tercera edad, anemia, convalecencias, anorexia, embarazos, desnutrición, alcohólicos, artrósicos, reumáticos, asténicos, enfermos terminales, etc.). Para los diabéticos es un sustituto ideal por su bajo contenido en azúcares y su gran riqueza nutritiva. También es aconsejado como suplemento regular para vegetarianos."],"ingredients":["Ingredientes: Polen de castaño 100%."],"ean":"8433329064385"},{"full_name":"SPECIAL LINE jalea real 2000 mg 10 ampollas envase 100 ml","name":"jalea real 2000 mg 10 ampollas envase 100 ml","brand":"SPECIAL LINE ","img":"https://sgfm.elcorteingles.es/SGFM/dctm/MEDIA03/201609/02/00120733101024____1__600x600.jpg","price":"8,25 €","price_unit":"(8,25 € / 100 ml.)","categories":["Supermercado","Dietéticos","Complementos nutricionales","Jaleas y polen","SPECIAL LINE jalea real 2000 mg 10 ampollas envase 100 ml"],"general_information":["Denominación del alimento: Complemento alimenticio elaborado a base de jalea real.","Nombre del operador: Elaborado para el Grupo El Corte Ingles \nHermosilla, 112 \n28009 Madrid - España \npor CIF: A28648053"],"ingredients":[" Ingredientes (por ampolla):Agua, jalea real fresca (2000mg), fructosa, conservador (sorbato potásico)."],"conservation":" Mantener en lugar fresco y seco protegido de la luz.","ean":"8433329031677"},{"full_name":"SPECIAL LINE jalea real con ginseng 10 ampollas estuche 100 ml","name":"jalea real con ginseng 10 ampollas estuche 100 ml","brand":"SPECIAL LINE ","img":"https://sgfm.elcorteingles.es/SGFM/dctm/MEDIA03/201604/22/00200333100956____2__600x600.jpg","price":"8,55 €","price_unit":"(8,55 € / 100 ml.)","categories":["Supermercado","Dietéticos","Complementos nutricionales","Jaleas y polen","SPECIAL LINE jalea real con ginseng 10 ampollas estuche 100 ml"],"general_information":["Denominación del alimento: Complemento alimenticio elaborado a base de jalea real y ginseng.","Nombre del operador: Elaborado para el Grupo El Corte Ingles \nHermosilla, 112 \n28009 Madrid - España \npor CIF: A28648053"],"ingredients":[" Ingredientes (por ampolla): Agua, jarabe de fructosa (85 % fructosa y 15 % glucosa), jalea real fresca (500 mg), ginseng rojo extracto seco (Panax ginseng Meyer, raíz) (100 mg, eq. a 500 mg de polvo de raíz de Ginseng), aroma a fresa, conservador (sorbato potásico)."],"conservation":" Mantener en lugar fresco y seco protegido de la luz.","ean":"8433329031684"},{"full_name":"SPECIAL LINE jalea real con propóleo y vitamina C 10 ampollas estuche 100 ml","name":"jalea real con propóleo y vitamina C 10 ampollas estuche 100 ml","brand":"SPECIAL LINE ","img":"https://sgfm.elcorteingles.es/SGFM/dctm/MEDIA03/201709/08/00120733101008____2__600x600.jpg","price":"8,55 €","price_unit":"(8,55 € / 100 ml.)","categories":["Supermercado","Dietéticos","Complementos nutricionales","Jaleas y polen","SPECIAL LINE jalea real con propóleo y vitamina C 10 ampollas estuche 100 ml"],"general_information":["Denominación del alimento: Complemento alimenticio elaborado a base de jalea real, propoleo y vitamina C.","Nombre del operador: Elaborado para el Grupo El Corte Ingles \nHermosilla, 112 \n28009 Madrid - España \npor CIF: A28648053"],"ingredients":[" Ingredientes (por vial): agua c.s.p. 10 ml, fructosa, jalea real fresca (1500 mg), propóleo extracto seco (100 mg), vitamina C (ácido L-ascórbico) (60 mg), conservadores (benzoato sódico y sorbato potásico) y  aroma a limón."],"conservation":" Mantener en lugar fresco y seco protegido de la luz.","ean":"8433329031707"},{"full_name":"SPECIAL LINE jalea real para adultos con vitaminas y minerales 10 ampollas estuche 100 ml","name":"jalea real para adultos con vitaminas y minerales 10 ampollas estuche 100 ml","brand":"SPECIAL LINE ","img":"https://sgfm.elcorteingles.es/SGFM/dctm/MEDIA03/201701/16/00120733101016____1__600x600.jpg","price":"8,55 €","price_unit":"(8,55 € / 100 ml.)","categories":["Supermercado","Dietéticos","Complementos nutricionales","Jaleas y polen","SPECIAL LINE jalea real para adultos con vitaminas y minerales 10 ampollas estuche 100 ml"],"general_information":["Denominación del alimento: Complemento alimenticio elaborado a base de jalea real, propoleo, vitaminas, minerales y extractos vegetales","Nombre del operador: Elaborado para el Grupo El Corte Ingles \nHermosilla, 112 \n28009 Madrid - España \npor CIF: A28648053"],"ingredients":[" Ingredientes (por ampolla):Agua, jarabe de fructosa (85% fructosa y 15% glucosa), jalea real fresca (500 mg), colorante (caramelo), vitamina C (60 mg), propóleo extracto fluido (50 mg), gluconato de zinc (37 mg, eq. a 5 mg de Zinc), Vitamina E (30 mg, eq. a 10,07 mg de Vitamina E), extracto seco de uva, rico en OPCs* (40 %), (Vitis vinifera L, fruto) (25 mg), aroma a fresa, conservador (sorbato potásico), palmitato de retinilo (vitamina A) (10,66 mg, eq. a 800 mcg de Retinol o Vitamina A), arándano o mirtilo concentrado vegetal (Vaccinium myrtillus L, frutos) (10 mg).OPCs*: Oligómeros procianolídicos."],"conservation":" Mantener en lugar fresco y seco protegido de la luz.","ean":"8433329031660"},{"full_name":"SPECIAL LINE jalea real infantil con vitaminas y minerales 10 viales x 10 ml caja 100 ml","name":"jalea real infantil con vitaminas y minerales 10 viales x 10 ml caja 100 ml","brand":"SPECIAL LINE ","img":"https://sgfm.elcorteingles.es/SGFM/dctm/MEDIA03/201608/17/00120733101040____1__600x600.jpg","price":"7,95 €","categories":["Supermercado","Dietéticos","Complementos nutricionales","Jaleas y polen","SPECIAL LINE jalea real infantil con vitaminas y minerales 10 viales x 10 ml caja 100 ml"],"general_information":["Denominación del alimento: Complemento alimenticio elaborado a base de jalea real, vitaminas y minerales.","Nombre del operador: Elaborado para el Grupo El Corte Ingles \nHermosilla, 112 \n28009 Madrid - España \npor CIF: A28648053"],"ingredients":[" Ingredientes (por vial ):Agua, Jarabe de Fructosa (85% de Fructosa y 15% de Glucosa), Jalea Real Fresca (700 mg), Ácido L-Ascórbico (Vitamina C ) (50 mg), Gluconato de Zinc (37 mg, eq. 5 mg de Zinc), Conservadores (Benzoato sódico y Sorbato potásico), DL-Alfa Tocoferol (Vitamina E) (15 mg, eq. a 5 mg de Tocoferol o Vitamina E), Aroma a Naranja, Palmitato de retinilo (Vitamina A) (4 mg, eq. 300 mcg de Retinol), Piridoxina clorhidrato (Vitamina B6) (1,71 mg, eq. a 1,4 mg de Piridoxina o Vitamina B6), Clorhidrato de Tiamina (Vitamina B1) (1 mg, eq. a 0,8 mg de Tiamina),Colecalciferol (Vitamina D ) (1 mg, eq. a 2,5 mcg de Vitamina D3), Cianocobalamina (Vitamina B12) (0,7 mcg)."],"conservation":" Mantener en lugar fresco y seco protegido de la luz. Una vez abierto mantener en frigorifico.","ean":"8433329042161"},{"full_name":"SANTIVERI complemento de jalea real polen y ginseng envase 37 unidades","name":"complemento de jalea real polen y ginseng envase 37 unidades","brand":"SANTIVERI ","img":"https://sgfm.elcorteingles.es/SGFM/dctm/MEDIA02/CONTENIDOS/201411/14/00120736900133____1__600x600.jpg","price":"15,19 €","price_unit":"(410,54 € / Kilo)","categories":["Supermercado","Dietéticos","Complementos nutricionales","Jaleas y polen","SANTIVERI complemento de jalea real polen y ginseng envase 37 unidades"],"general_information":["Denominación del alimento: Complemento alimenticio a base de p","Nombre del operador: CASA SANTIVERI S.L.","Dirección del operador: ENCUNY 8, 08038 BARCELONA","Cantidad Neta: 28 g"],"ingredients":[" ACEITE DE SOJA, gelatina, eleuterococo (13,6%), glicerol, extracto de polen (4%), maltodextrina de maíz, celulosa microcristalina (agente de carga), goma arábiga (estabilizador), óxido de silicio (antiaglomerante), cera de abejas amarilla, jalea real liofilizada (2,7%), vitamina e (acetato de d-alfatocoferilo), LECITINA DE SOJA (EMULGENTE)"],"ean":"8412170007079"},{"full_name":"SANTIVERI Realvit jalea real liofilizada y vitaminada envase 20 unidades","name":"Realvit jalea real liofilizada y vitaminada envase 20 unidades","brand":"SANTIVERI ","img":"https://sgfm.elcorteingles.es/SGFM/dctm/MEDIA03/201709/27/00120733100687____1__600x600.jpg","price":"23,50 €","price_unit":"(117,50 € / Litro)","categories":["Supermercado","Dietéticos","Complementos nutricionales","Jaleas y polen","SANTIVERI Realvit jalea real liofilizada y vitaminada envase 20 unidades"],"general_information":["Denominación del alimento: REALVIT VITAMINADA. COMPLEMENTO ALI","Nombre del operador: CASA SANTIVERI S.L.","Dirección del operador: ENCUNY 8, 08038 BARCELONA","Cantidad Neta: 200 Centímetro cúbico"],"ingredients":[" agua, fructosa, jalea real liofilizada (3,7%), vitamina c (ácido l-ascórbico), lactato de zinc, sorbato potásico (conservador), vitamina b3 (nicotinamida), vitamina e (acetato de dl-alfatocoferilo), vitamina b5 (d-pantotenato cálcico), vitamina b6 (clorhidrato de piridoxina), vitamina b1 (clorhidrato de tiamina), vitamina b2 (riboflavina), vitamina a (retinol), vitamina k (filoquinona), vitamina h (d-biotina), seleniometionina, vitamina b9 (ácido pteroilmonoglutámico), vitamina d (colecalciferol), vitamina b12 (cianocobalamina)"],"ean":"8412170022386"},{"full_name":"SANTIVERI Real Kids Infantil jalea real liofilizada con equinácea y vitaminas envase 200 unidades","name":"Real Kids Infantil jalea real liofilizada con equinácea y vitaminas envase 200 unidades","brand":"SANTIVERI ","img":"https://sgfm.elcorteingles.es/SGFM/dctm/MEDIA03/201709/27/00120733100547____1__600x600.jpg","price":"20,95 €","price_unit":"(10,48 € / 100 gr.)","categories":["Supermercado","Dietéticos","Complementos nutricionales","Jaleas y polen","SANTIVERI Real Kids Infantil jalea real liofilizada con equinácea y vitaminas envase 200 unidades"],"general_information":["Denominación del alimento: REALKIDS - COMPLEMENTO ALIMENTICO A","Nombre del operador: CASA SANTIVERI S.L.","Dirección del operador: ENCUNY 8, 08038 BARCELONA","Cantidad Neta: 200 Centímetro cúbico"],"ingredients":[" agua, fructosa, miel, extracto de equinácea purp. (2%), jalea real liofilizada (,8%), vitamina c (ácido l-ascórbico), lecitina de girasol (emulgente), aroma, sorbato potásico (conservador), goma de guar (estabilizador), vitamina a (retinol), vitamina b6 (clorhidrato de piridoxina), vitamina b2 (riboflavina), ácido cítrico (antioxidante), vitamina b1 (clorhidrato de tiamina), vitamina d (colecalciferol), vitamina b12 (cianocobalamina)"],"ean":"8412170022409"},{"full_name":"SANTIVERI polen en grano envase 290 g","name":"polen en grano envase 290 g","brand":"SANTIVERI ","img":"https://sgfm.elcorteingles.es/SGFM/dctm/MEDIA02/CONTENIDOS/201410/22/00120736900075____1__600x600.jpg","price":"14,25 €","price_unit":"(4,91 € / 100 gr.)","categories":["Supermercado","Dietéticos","Complementos nutricionales","Jaleas y polen","SANTIVERI polen en grano envase 290 g"],"general_information":["Denominación del alimento: Polen Granulado","Nombre del operador: CASA SANTIVERI S.L.","Dirección del operador: ENCUNY 8, 08038 BARCELONA","Cantidad Neta: 290 g"],"ingredients":[" polen"],"ean":"8412170002470"},{"full_name":"SANTIVERI polen en polvo envase 140 g","name":"polen en polvo envase 140 g","brand":"SANTIVERI ","img":"https://sgfm.elcorteingles.es/SGFM/dctm/MEDIA02/CONTENIDOS/201410/22/00120736900067____1__600x600.jpg","price":"9,98 €","price_unit":"(7,13 € / 100 gr.)","categories":["Supermercado","Dietéticos","Complementos nutricionales","Jaleas y polen","SANTIVERI polen en polvo envase 140 g"],"general_information":["Denominación del alimento: POLEN EN POLVO","Nombre del operador: CASA SANTIVERI S.L.","Dirección del operador: ENCUNY 8, 08038 BARCELONA","Cantidad Neta: 140 g"],"ingredients":[" polen"],"ean":"8412170002487"},{"full_name":"SANTIVERI jalea real ginseng estuche 20 unidades","name":"jalea real ginseng estuche 20 unidades","brand":"SANTIVERI ","img":"https://sgfm.elcorteingles.es/SGFM/00/15/8/0120733100158/0120733100158000g01011.jpg","price":"25,50 €","price_unit":"(1.275 € / Kilo)","categories":["Supermercado","Dietéticos","Complementos nutricionales","Jaleas y polen","SANTIVERI jalea real ginseng estuche 20 unidades"],"general_information":["Denominación del alimento: REALGINSENG x 2 - COMPLEMENTO ALIME","Nombre del operador: CASA SANTIVERI S.L.","Dirección del operador: ENCUNY 8, 08038 BARCELONA","Cantidad Neta: 200 Centímetro cúbico"],"ingredients":[" agua, fructosa, jalea real liofilizada (3%), eleuterococo (1,5%), extracto de ginseng (1,2%), extracto de té verde (,25%), maltodextrina, sorbato potásico (conservador), ácido cítrico (acidulante), goma de guar (estabilizador), vitamina b3 (nicotinamida), vitamina b5 (d-pantotenato cálcico), vitamina b6 (clorhidrato de piridoxina), vitamina b2 (riboflavina), vitamina b1 (clorhidrato de tiamina), vitamina b9 (ácido pteroilmonoglutámico), vitamina b12 (cianocobalamina)"],"ean":"8412170022416"},{"full_name":"SANTIVERI Realmil jalea real líquida estuche 20 unidades","name":"Realmil jalea real líquida estuche 20 unidades","brand":"SANTIVERI ","img":"https://sgfm.elcorteingles.es/SGFM/00/16/6/0120733100166/0120733100166000g01011.jpg","price":"23,49 €","price_unit":"(117,45 € / 100 gr.)","categories":["Supermercado","Dietéticos","Complementos nutricionales","Jaleas y polen","SANTIVERI Realmil jalea real líquida estuche 20 unidades"],"general_information":["Denominación del alimento: REALMIL. COMPLEMENTO ALIMENTICIO A","Nombre del operador: CASA SANTIVERI S.L.","Dirección del operador: ENCUNY 8, 08038 BARCELONA","Cantidad Neta: 200 Centímetro cúbico"],"ingredients":[" agua, glicerina (estabilizador), fructosa, jalea real liofilizada (3,33%), sorbato potásico (conservador), ácido cítrico (corrector de acidez)"],"ean":"8412170019478"},{"full_name":"TOCA polen de castaño ecológico tarro 125 g","name":"polen de castaño ecológico tarro 125 g","brand":"TOCA ","img":"https://sgfm.elcorteingles.es/SGFM/dctm/MEDIA03/201605/18/00120736900174____2__600x600.jpg","price":"6,97 €","price_unit":"(5,58 € / 100 gr.)","categories":["Supermercado","Dietéticos","Complementos nutricionales","Jaleas y polen","TOCA polen de castaño ecológico tarro 125 g"],"general_information":["Denominación del alimento: Miel de castaño ecológico","Nombre del operador: Mieles Anta S.L.","Dirección del operador: Camino de Santiago. Lg de Toca, nave -27620- Samos (Lugo)","Cantidad Neta: 125 g"],"ingredients":[" Polen ecológico de castaño"],"conservation":" Conservar en lugar fresco y seco","ean":"8414260178515"},{"full_name":"YNSADIET Jelly Edad jalea real estuche 20 unidades","name":"Jelly Edad jalea real estuche 20 unidades","brand":"YNSADIET ","img":"https://sgfm.elcorteingles.es/SGFM/00/26/5/0120733100265/0120733100265000g01011.jpg","price":"11,35 €","price_unit":"(0,57 € / Dosis)","categories":["Supermercado","Dietéticos","Complementos nutricionales","Jaleas y polen","YNSADIET Jelly Edad jalea real estuche 20 unidades"],"general_information":[],"ingredients":[],"ean":"8412016860578"},{"full_name":"YNSADIET Jellyvital Plus 2 gramos estuche 20 unidades","name":"Jellyvital Plus 2 gramos estuche 20 unidades","brand":"YNSADIET ","img":"https://sgfm.elcorteingles.es/SGFM/00/27/3/0120733100273/0120733100273000g01011.jpg","price":"18,95 €","price_unit":"(94,75 € / 100 gr.)","categories":["Supermercado","Dietéticos","Complementos nutricionales","Jaleas y polen","YNSADIET Jellyvital Plus 2 gramos estuche 20 unidades"],"general_information":[],"ingredients":[],"ean":"8412016240509"},{"full_name":"POLEN FRESCO polen fresco puro de abeja en sticks 20 monodosis caja 200 g","name":"polen fresco puro de abeja en sticks 20 monodosis caja 200 g","brand":"POLEN FRESCO ","img":"https://sgfm.elcorteingles.es/SGFM/dctm/MEDIA03/201702/10/00120723000087____1__600x600.jpg","price":"9,50 €","categories":["Supermercado","Dietéticos","Complementos nutricionales","Jaleas y polen","POLEN FRESCO polen fresco puro de abeja en sticks 20 monodosis caja 200 g"],"general_information":[],"ingredients":[],"ean":"8437015443010"},{"full_name":"LA OBRERA polen de flores fuente de proteínas 100% España tarro 225 g","name":"polen de flores fuente de proteínas 100% España tarro 225 g","brand":"LA OBRERA ","img":"https://sgfm.elcorteingles.es/SGFM/dctm/MEDIA03/201604/01/00120640202170____1__600x600.jpg","price":"7,20 €","price_unit":"(32 € / Kilo)","categories":["Supermercado","Dietéticos","Complementos nutricionales","Jaleas y polen","LA OBRERA polen de flores fuente de proteínas 100% España tarro 225 g"],"general_information":[],"ingredients":[],"ean":"8411882000415"},{"full_name":"MELLARIUS polen frasco 225 g","name":"polen frasco 225 g","brand":"MELLARIUS ","img":"https://sgfm.elcorteingles.es/SGFM/dctm/MEDIA03/201603/11/00120640202188____1__600x600.jpg","price":"7,49 €","price_unit":"(33,29 € / Kilo)","categories":["Supermercado","Dietéticos","Complementos nutricionales","Jaleas y polen","MELLARIUS polen frasco 225 g"],"general_information":["Denominación del alimento: Polen","Nombre del operador: Buleo Miel, S.L.","Dirección del operador: Polígono Fuente de los Arrieros, Parcela 4B, 16260 Minglanilla, Cuenca.","Cantidad Neta: 500 g"],"ingredients":[],"conservation":" Conservar herméticamente cerrado en un lugar fresco, seco y sin luz.","ean":"8424763021737"},{"full_name":"NATURTIERRA jalea real con vitamina C y propóleo envase 225 g","name":"jalea real con vitamina C y propóleo envase 225 g","brand":"NATURTIERRA ","img":"https://sgfm.elcorteingles.es/SGFM//00/94/3/0120733100943/0120733100943000g01011.jpg","price":"4,45 €            ","price_unit":"(1,48 € / 100 gr.)","categories":["Supermercado","Dietéticos","Complementos nutricionales","Jaleas y polen","NATURTIERRA jalea real con vitamina C y propóleo envase 225 g"],"general_information":[],"ingredients":[],"ean":"8412016357443"},{"full_name":"NATURTIERRA Senior jalea real con propóleo vitaminas y zinc 10 viales x 100 ml","name":"Senior jalea real con propóleo vitaminas y zinc 10 viales x  100 ml","brand":"NATURTIERRA ","img":"https://sgfm.elcorteingles.es/SGFM/dctm/MEDIA03/201605/18/00120733101032____1__600x600.jpg","price":"5,96 €","categories":["Supermercado","Dietéticos","Complementos nutricionales","Jaleas y polen","NATURTIERRA Senior jalea real con propóleo vitaminas y zinc 10 viales x 100 ml"],"general_information":[],"ingredients":[],"ean":"8412016364106"},{"full_name":"SPECIAL LINE lecitina de soja granulada bote 450 g","name":"lecitina de soja granulada bote 450 g","brand":"SPECIAL LINE ","img":"https://sgfm.elcorteingles.es/SGFM/dctm/MEDIA02/CONTENIDOS/201409/22/00120743000638____1__600x600.jpg","price":"10,95 €","price_unit":"(2,43 € / 100 gr.)","categories":["Supermercado","Dietéticos","Complementos nutricionales","Levaduras y lecitinas","SPECIAL LINE lecitina de soja granulada bote 450 g"],"general_information":["Denominación del alimento: Lecitina de soja granulada.","Nombre del operador: Elaborado para el Grupo El Corte Inglés\nHermosilla, 112 ? 28009 Madrid\nEspaña por NIF: A-28648053","Cantidad Neta: 450 g","Número de raciones por envase: ~32"],"ingredients":[" Ingredientes: Lecitina de soja granulada (Glycine max (L.) Merr.)"],"conservation":" Una vez abierto mantenga el envase bien cerrado en lugar fresco y seco.","ean":"8433329031776"},{"full_name":"SPECIAL LINE lecitina de soja 250 perlas bote 185,4 g","name":"lecitina de soja 250 perlas bote 185,4 g","brand":"SPECIAL LINE ","img":"https://sgfm.elcorteingles.es/SGFM/dctm/MEDIA03/201706/14/00120743000653____2__600x600.jpg","price":"9,69 €","categories":["Supermercado","Dietéticos","Complementos nutricionales","Levaduras y lecitinas","SPECIAL LINE lecitina de soja 250 perlas bote 185,4 g"],"general_information":["Denominación del alimento: Complemento alimenticio elaborado a base de lecitina y aceite de soja.","Nombre del operador: Elaborado para el Grupo El Corte Inglés\nHermosilla, 112 ? 28009 Madrid\nEspaña por NIF: A-28648053","Cantidad Neta: 185,4 g"],"ingredients":[" Ingredientes (por cápsula): Lecitina de soja (500mg), aceite de soja (40mg). Componentes de la cubierta de la cápsula: gelatina, glicerina y agua."],"conservation":" Conservar en ambiente fresco y seco. \nUna vez abierto mantenga el envase bien cerrado.","ean":"8433329031752"},{"full_name":"SPECIAL LINE levadura de cerveza bolsa 150 g","name":"levadura de cerveza bolsa 150 g","brand":"SPECIAL LINE ","img":"https://sgfm.elcorteingles.es/SGFM/00/49/7/0120743000497/0120743000497000g01011.jpg","price":"2,19 €","price_unit":"(1,46 € / 100 gr.)","categories":["Supermercado","Dietéticos","Complementos nutricionales","Levaduras y lecitinas","SPECIAL LINE levadura de cerveza bolsa 150 g"],"general_information":[" Complemento alimenticio rico en vitaminas sobre todo del grupo B, además aportan una importante cantidad de minerales como Fósforo, hierro, calcio, sílice, zinc y cobre lo que la convierte en un producto de gran calidad biológica.","Consejos: Tomar de 2 - 4 cucharadas soperas al día, disueltas en zumos, caldos, etc"],"ingredients":["Ingredientes: Levadura de cerveza en escamas."],"ean":"8433329031769"},{"full_name":"SPECIAL LINE levadura de cerveza y germen de trigo 125 comprimidos envase 75 g","name":"levadura de cerveza y germen de trigo 125 comprimidos envase 75 g","brand":"SPECIAL LINE ","img":"https://sgfm.elcorteingles.es/SGFM/dctm/MEDIA03/201706/09/00120748703756____1__600x600.jpg","price":"1,91 €","price_unit":"(2,55 € / 100 gr.)","categories":["Supermercado","Dietéticos","Complementos nutricionales","Levaduras y lecitinas","SPECIAL LINE levadura de cerveza y germen de trigo 125 comprimidos envase 75 g"],"general_information":["Denominación del alimento: Complemento alimenticio. Con edulcorante.","Nombre del operador: Elaborado para el Grupo El Corte Ingles \nHermosilla, 112 \n28009 Madrid - España \npor CIF: B78966942","Cantidad Neta: 75 g"],"ingredients":[" Ingredientes:Levadura de cerveza (320mg), germen de trigo (Triticim vulgare Vill) (153 mg), endurecedor (E341), edulcorante (E953), fibra de bambú (Bambusa bambos (L.) Voss, tallo), vitamina E (acetato de D-alfa-tocoferilo) (1.2mg) y estabilizantes (E551 y E470b)."],"conservation":" Mantener en lugar fresco y seco.","ean":"8433329030755"},{"full_name":"SANTIVERI levadura seca de cerveza comprimidos frasco 150 g","name":"levadura seca de cerveza comprimidos frasco 150 g","brand":"SANTIVERI ","img":"https://sgfm.elcorteingles.es/SGFM/00/53/9/0120737400539/0120737400539000g01011.jpg","price":"5,60 €","price_unit":"(3,73 € / 100 gr.)","categories":["Supermercado","Dietéticos","Complementos nutricionales","Levaduras y lecitinas","SANTIVERI levadura seca de cerveza comprimidos frasco 150 g"],"general_information":["Denominación del alimento: Complemento alimenticio a base de l","Nombre del operador: CASA SANTIVERI S.L.","Dirección del operador: ENCUNY 8, 08038 BARCELONA","Cantidad Neta: 150 g"],"ingredients":[" levadura seca de cerveza , dióxido de silicio (antiaglomerante)"],"ean":"8412170000469"},{"full_name":"SANTIVERI lecitina de soja perlas envase 125 pastillas","name":"lecitina de soja perlas envase 125 pastillas","brand":"SANTIVERI ","img":"https://sgfm.elcorteingles.es/SGFM/00/53/9/0120743000539/0120743000539000g01011.jpg","price":"7,65 €","price_unit":"(61,20 € / Kilo)","categories":["Supermercado","Dietéticos","Complementos nutricionales","Levaduras y lecitinas","SANTIVERI lecitina de soja perlas envase 125 pastillas"],"general_information":["Denominación del alimento: LECITINA DE SOJA perlas. COMPLEMENT","Nombre del operador: CASA SANTIVERI S.L.","Dirección del operador: ENCUNY 8, 08038 BARCELONA","Cantidad Neta: 100 g"],"ingredients":[" LECITINA DE SOJA (83%), gelatina, glicerol"],"ean":"8412170015234"},{"full_name":"SANTIVERI lecitina de soja granulada bolsa 400 g","name":"lecitina de soja granulada bolsa 400 g","brand":"SANTIVERI ","img":"https://sgfm.elcorteingles.es/SGFM/00/22/4/0120743000224/0120743000224000g01011.jpg","price":"9,00 €","price_unit":"(2,25 € / 100 gr.)","categories":["Supermercado","Dietéticos","Complementos nutricionales","Levaduras y lecitinas","SANTIVERI lecitina de soja granulada bolsa 400 g"],"general_information":["Denominación del alimento: LECITINA DE SOJA GRANULADA","Nombre del operador: CASA SANTIVERI S.L.","Dirección del operador: ENCUNY 8, 08038 BARCELONA","Cantidad Neta: 400 g"],"ingredients":[" LECITINA DE SOJA (100%)"],"ean":"8412170020467"},{"full_name":"SANTIVERI lecitina de soja granulada gigante bote 400 g","name":"lecitina de soja granulada gigante bote 400 g","brand":"SANTIVERI ","img":"https://sgfm.elcorteingles.es/SGFM/00/03/4/0120743000034/0120743000034000g01011.jpg","price":"9,95 €","price_unit":"(2,49 € / 100 gr.)","categories":["Supermercado","Dietéticos","Complementos nutricionales","Levaduras y lecitinas","SANTIVERI lecitina de soja granulada gigante bote 400 g"],"general_information":["Denominación del alimento: LECITINA DE SOJA GRANULADA","Nombre del operador: CASA SANTIVERI S.L.","Dirección del operador: ENCUNY 8, 08038 BARCELONA","Cantidad Neta: 400 g"],"ingredients":[" LECITINA DE SOJA"],"ean":"8412170020474"},{"full_name":"SANTIVERI lecitina de soja Forte bote 250 g","name":"lecitina de soja Forte bote 250 g","brand":"SANTIVERI ","img":"https://sgfm.elcorteingles.es/SGFM/00/05/9/0120743000059/0120743000059000g01011.jpg","price":"15,20 €","price_unit":"(60,80 € / Kilo)","categories":["Supermercado","Dietéticos","Complementos nutricionales","Levaduras y lecitinas","SANTIVERI lecitina de soja Forte bote 250 g"],"general_information":[],"ingredients":[],"ean":"8412170020498"},{"full_name":"SANTIVERI lecitina de soja granulada niveles normales de colesterol bote 275 g","name":"lecitina de soja granulada niveles normales de colesterol bote 275 g","brand":"SANTIVERI ","img":"https://sgfm.elcorteingles.es/SGFM/dctm/MEDIA03/201610/28/00120743000182____1__600x600.jpg","price":"8,14 €","price_unit":"(2,96 € / 100 gr.)","categories":["Supermercado","Dietéticos","Complementos nutricionales","Levaduras y lecitinas","SANTIVERI lecitina de soja granulada niveles normales de colesterol bote 275 g"],"general_information":["Denominación del alimento: LECITINA DE SOJA","Nombre del operador: CASA SANTIVERI S.L.","Dirección del operador: ENCUNY 8, 08038 BARCELONA","Cantidad Neta: 275 g"],"ingredients":[" LECITINA DE SOJA"],"ean":"8412170020481"},{"full_name":"SANTIVERI lecitina de soja granulada para el colesterol bote 100 g","name":"lecitina de soja granulada para el colesterol bote 100 g","brand":"SANTIVERI ","img":"https://sgfm.elcorteingles.es/SGFM/00/21/6/0120743000216/0120743000216000g01011.jpg","price":"3,50 €","price_unit":"(3,50 € / 100 gr.)","categories":["Supermercado","Dietéticos","Complementos nutricionales","Levaduras y lecitinas","SANTIVERI lecitina de soja granulada para el colesterol bote 100 g"],"general_information":["Denominación del alimento: LECITINA DE SOJA","Nombre del operador: CASA SANTIVERI S.L.","Dirección del operador: ENCUNY 8, 08038 BARCELONA","Cantidad Neta: 100 g"],"ingredients":[" LECITINA DE SOJA"],"ean":"8412170020450"},{"full_name":"SANTIVERI copos de levadura de cerveza secos bote 200 g","name":"copos de levadura de cerveza secos bote 200 g","brand":"SANTIVERI ","img":"https://sgfm.elcorteingles.es/SGFM/00/02/6/0120743000026/0120743000026000g01011.jpg","price":"6,53 €","price_unit":"(3,26 € / 100 gr.)","categories":["Supermercado","Dietéticos","Complementos nutricionales","Levaduras y lecitinas","SANTIVERI copos de levadura de cerveza secos bote 200 g"],"general_information":["Denominación del alimento: Preparado alimenticio a base de lev","Nombre del operador: CASA SANTIVERI S.L.","Dirección del operador: ENCUNY 8, 08038 BARCELONA","Cantidad Neta: 200 g"],"ingredients":[" levadura seca de cerveza"],"ean":"8412170007994"},{"full_name":"SANTIVERI levadura de cerveza seca en copos bolsa 200 g","name":"levadura de cerveza seca en copos bolsa 200 g","brand":"SANTIVERI ","img":"https://sgfm.elcorteingles.es/SGFM/dctm/MEDIA02/CONTENIDOS/201410/22/00120703400166____1__600x600.jpg","price":"5,45 €","price_unit":"(27,25 € / Kilo)","categories":["Supermercado","Dietéticos","Complementos nutricionales","Levaduras y lecitinas","SANTIVERI levadura de cerveza seca en copos bolsa 200 g"],"general_information":["Denominación del alimento: LEVADURA CERVEZA EN COPOS","Nombre del operador: CASA SANTIVERI S.L.","Dirección del operador: ENCUNY 8, 08038 BARCELONA","Cantidad Neta: 200 g"],"ingredients":[" levadura seca de cerveza"],"ean":"8412170014589"},{"full_name":"SANTIVERI Natura malta molida paquete 500 g","name":"Natura malta molida paquete 500 g","brand":"SANTIVERI ","img":"https://sgfm.elcorteingles.es/SGFM/00/03/4/0120716600034/0120716600034000g01011.jpg","price":"2,55 €","price_unit":"(5,10 € / Kilo)","categories":["Supermercado","Dietéticos","Complementos nutricionales","Levaduras y lecitinas","SANTIVERI Natura malta molida paquete 500 g"],"general_information":["Denominación del alimento: MALTA MOLIDA","Nombre del operador: CASA SANTIVERI S.L.","Dirección del operador: ENCUNY 8, 08038 BARCELONA","Cantidad Neta: 500 g"],"ingredients":[" granos de cebada tostada"],"ean":"8412170001787"},{"full_name":"SANTIVERI Vigor total levadura de cerveza con lecitina polen algas y germen de trigo bote 400 g","name":"Vigor total levadura de cerveza con lecitina polen algas y germen de trigo bote 400 g","brand":"SANTIVERI ","img":"https://sgfm.elcorteingles.es/SGFM/dctm/MEDIA02/CONTENIDOS/201502/16/00120737406858____1__600x600.jpg","price":"15,75 €","price_unit":"(3,94 € / 100 gr.)","categories":["Supermercado","Dietéticos","Complementos nutricionales","Levaduras y lecitinas","SANTIVERI Vigor total levadura de cerveza con lecitina polen algas y germen de trigo bote 400 g"],"general_information":["Denominación del alimento: VIGOR TOTAL. COMPLEMENTO ALIMENTICI","Nombre del operador: CASA SANTIVERI S.L.","Dirección del operador: ENCUNY 8, 08038 BARCELONA","Cantidad Neta: 400 g"],"ingredients":[" GERMEN DE TRIGO (28,5%), fructosa, LEVADURA DE CERVEZA (12,6%), polen en polvo (12,6%), LECITINA DE SOJA (EMULGENTE) (12,6%), maltodextrina, ALGAS MARINAS (4,2%), naranja en polvo, ácido cítrico (antioxidante), óxido de silicio (antiaglomerante), vitamina c (ácido l-ascórbico), aroma natural de naranja"],"ean":"8412170003439"},{"full_name":"GERBLE lecitina de soja granulada bote 250 g","name":"lecitina de soja granulada bote 250 g","brand":"GERBLE ","img":"https://sgfm.elcorteingles.es/SGFM/dctm/MEDIA03/201702/10/00200343000469____1__600x600.jpg","price":"8,39 €","price_unit":"(3,36 € / 100 gr.)","categories":["Supermercado","Dietéticos","Complementos nutricionales","Levaduras y lecitinas","GERBLE lecitina de soja granulada bote 250 g"],"general_information":["Denominación del alimento: Lecitina de soja","Nombre del operador: Nutrition & Santé Iberia, S.L.","Dirección del operador: c/ Jesús Serra i Santamans, nº 4 - 1ª planta. 08174 Sant Cugat del Vallés - Barcelona","Cantidad Neta: 250 g","Número de raciones por envase: 1"],"ingredients":[" Lecitina de soja procedente de agricultura tradicional, antiaglomerante: fosfatos de calcio. Elaborado en una fábrica que contiene gluten, huevos, altramuces, leche, frutos de cáscara, apio y sésamo."],"conservation":" Conservar en lugar freso y seco.","ean":"3175681035973"},{"full_name":"HIJAS DEL SOL lecitina de soja en polvo bolsa 600 g","name":"lecitina de soja en polvo bolsa 600 g","brand":"HIJAS DEL SOL ","img":"https://sgfm.elcorteingles.es/SGFM/00/43/0/0120743000430/0120743000430000g01011.jpg","price":"9,37 €","price_unit":"(1,56 € / 100 gr.)","categories":["Supermercado","Dietéticos","Complementos nutricionales","Levaduras y lecitinas","HIJAS DEL SOL lecitina de soja en polvo bolsa 600 g"],"general_information":[],"ingredients":[],"ean":"8412016350536"},{"full_name":"HIJAS DEL SOL lecitina de soja granulada envase 450 g","name":"lecitina de soja granulada envase 450 g","brand":"HIJAS DEL SOL ","img":"https://sgfm.elcorteingles.es/SGFM/00/31/5/0120743000315/0120743000315000g01011.jpg","price":"8,10 €","price_unit":"(1,80 € / 100 gr.)","categories":["Supermercado","Dietéticos","Complementos nutricionales","Levaduras y lecitinas","HIJAS DEL SOL lecitina de soja granulada envase 450 g"],"general_information":[],"ingredients":[],"ean":"8412016291211"},{"full_name":"HIJAS DEL SOL levadura de cerveza bolsa 150 g","name":"levadura de cerveza bolsa 150 g","brand":"HIJAS DEL SOL ","img":"https://sgfm.elcorteingles.es/SGFM//00/12/5/0120743000125/0120743000125000g01011.jpg","price":"2,45 €","price_unit":"(1,63 € / 100 gr.)","categories":["Supermercado","Dietéticos","Complementos nutricionales","Levaduras y lecitinas","HIJAS DEL SOL levadura de cerveza bolsa 150 g"],"general_information":[],"ingredients":[],"ean":"8412016357092"},{"full_name":"NATURTIERRA lecitina de soja con chía ayuda a mantener los niveles normales de colesterol lata 200 g","name":"lecitina de soja con chía ayuda a mantener los niveles normales de colesterol lata 200 g","brand":"NATURTIERRA ","img":"https://sgfm.elcorteingles.es/SGFM/dctm/MEDIA03/201605/18/00120743000661____1__600x600.jpg","price":"3,99 €","categories":["Supermercado","Dietéticos","Complementos nutricionales","Levaduras y lecitinas","NATURTIERRA lecitina de soja con chía ayuda a mantener los niveles normales de colesterol lata 200 g"],"general_information":[],"ingredients":[],"ean":"8412016364847"},{"full_name":"NATURTIERRA lecitina de soja bote 300 g","name":"lecitina de soja bote 300 g","brand":"NATURTIERRA ","img":"https://sgfm.elcorteingles.es/SGFM/00/49/3/0200343000493/0200343000493000g01011.jpg","price":"5,39 €","price_unit":"(17,97 € / Kilo)","categories":["Supermercado","Dietéticos","Complementos nutricionales","Levaduras y lecitinas","NATURTIERRA lecitina de soja bote 300 g"],"general_information":[],"ingredients":[],"ean":"8412016600303"},{"full_name":"ADPAN levadura en polvo especial repostería sin gluten 4 sobres envase 64 g","name":"levadura en polvo especial repostería sin gluten 4 sobres envase 64 g","brand":"ADPAN ","img":"https://sgfm.elcorteingles.es/SGFM/dctm/MEDIA02/CONTENIDOS/201407/21/00120745200772____1__600x600.jpg","price":"2,45 €","price_unit":"(38,28 € / Kilo)","categories":["Supermercado","Dietéticos","Complementos nutricionales","Levaduras y lecitinas","ADPAN levadura en polvo especial repostería sin gluten 4 sobres envase 64 g"],"general_information":["Denominación del alimento: Levadura en polvo especial repostería","Nombre del operador: Adpan Europa, S.L.","Dirección del operador: Avda. Langreo, 12 - 33510 Asturias","Cantidad Neta: 64,0 g","Otras menciones obligatorias en la etiqueta: Sin gluten. Sin leche. Sin huevo. Sin soja. Sin frutos secos. Sin semillas."],"ingredients":[" Almidón de maíz, gasificantes (E-500ii, E-450ai) y antiapelmazante (E-170)."],"conservation":" A temperatura ambiente y en lugar seco y fresco y preservado de la luz solar.","ean":"8436018832500"},{"full_name":"SOTYA lecitina de soja en perlas envase 90 unidades","name":"lecitina de soja en perlas envase 90 unidades","brand":"SOTYA ","img":"https://sgfm.elcorteingles.es/SGFM/00/62/0/0120743000620/0120743000620000g01011.jpg","price":"3,56 €","price_unit":"(3,96 € / 100 gr.)","categories":["Supermercado","Dietéticos","Complementos nutricionales","Levaduras y lecitinas","SOTYA lecitina de soja en perlas envase 90 unidades"],"general_information":[],"ingredients":[],"ean":"8427483009641"},{"full_name":"SANTIVERI Memoram Plus para reforzar la memoria envase 40 cápsulas","name":"Memoram Plus para reforzar la memoria envase 40 cápsulas","brand":"SANTIVERI ","img":"https://sgfm.elcorteingles.es/SGFM/dctm/MEDIA03/201710/20/00120737402147____6__600x600.jpg","price":"12,75 €","price_unit":"(55,43 € / 100 gr.)","categories":["Supermercado","Dietéticos","Complementos nutricionales","Memoria y concentración","SANTIVERI Memoram Plus para reforzar la memoria envase 40 cápsulas"],"general_information":["Denominación del alimento: Complemento alimenticio a base de l","Nombre del operador: CASA SANTIVERI S.L.","Dirección del operador: ENCUNY 8, 08038 BARCELONA","Cantidad Neta: 21 g"],"ingredients":[" LEVADURA DE CERVEZA (39,7%), fosfato tricálcico, LECITINA DE SOJA, vitamina c (ácido l-ascórbico), vitamina b3 (nicotinamida), vitamina e (dl-alfatocoferol), vitamina b5 (d-pantotenato cálcico), vitamina b6 (clorhidrato de piridoxina), vitamina b1 (clorhidrato de tiamina), vitamina b2 (riboflavina), vitamina a (retinol), vitamina b9 (l-metilfolato cálcico), vitamina h (d-biotina), vitamina k (filoquinona), vitamina d (colecalciferol), vitamina b12 (cianocobalamina), l-serina (3,33%), bisglicinato de magnesio, óxido de magnesio, harina de arroz, FOSFATIDILSERINA (2,17%), colina, l-taurina, dióxido de silicio (antiaglomerante)"],"ean":"8412170010017"},{"full_name":"SANTIVERI Real Mente cerebro activo jalea real liofilizada 10 viales envase 100 cc","name":"Real Mente cerebro activo jalea real liofilizada 10 viales envase 100 cc","brand":"SANTIVERI ","img":"https://sgfm.elcorteingles.es/SGFM/dctm/MEDIA02/CONTENIDOS/201408/13/00120748702477____1__600x600.jpg","price":"13,60 €","price_unit":"(136 € / Litro)","categories":["Supermercado","Dietéticos","Complementos nutricionales","Memoria y concentración","SANTIVERI Real Mente cerebro activo jalea real liofilizada 10 viales envase 100 cc"],"general_information":["Denominación del alimento: REALMENTE. COMPLEMENTO ALIMENTICIO","Nombre del operador: CASA SANTIVERI S.L.","Dirección del operador: ENCUNY 8, 08038 BARCELONA","Cantidad Neta: 100 Centímetro cúbico"],"ingredients":[" agua, fructosa, albaricoque en polvo, LECITINA DE SOJA (EMULGENTE) (20%), lecitina de girasol (emulgente) (60%), jalea real liofilizada (,85%), l-taurina (,52%), colina (,52%), vitamina b3 (nicotinamida), sorbato potásico (conservador), vitamina b5 (d-pantotenato cálcico), ácido cítrico (conservador), vitamina b6 (clorhidrato de piridoxina), vitamina b2 (riboflavina), vitamina b1 (clorhidrato de tiamina), extracto rico en tocoferoles (antioxidante), aroma, vitamina b9 (ácido pteroilmonoglutámico), vitamina b12 (cianocobalamina)"],"ean":"8412170031623"},{"full_name":"SANTIVERI Bio extracto natural eleuterococo envase 50 cc","name":"Bio extracto natural eleuterococo envase 50 cc","brand":"SANTIVERI ","img":"https://sgfm.elcorteingles.es/SGFM/dctm/MEDIA02/CONTENIDOS/201411/06/00120739301909____1__600x600.jpg","price":"10,79 €","price_unit":"(21,58 € / 100 gr.)","categories":["Supermercado","Dietéticos","Complementos nutricionales","Memoria y concentración","SANTIVERI Bio extracto natural eleuterococo envase 50 cc"],"general_information":[],"ingredients":[],"ean":"8412170032521"},{"full_name":"SANTIVERI Bio erbal cefal extracto natural mixtract C 17 envase 50 cc","name":"Bio erbal cefal extracto natural mixtract C 17 envase 50 cc","brand":"SANTIVERI ","img":"https://sgfm.elcorteingles.es/SGFM/dctm/MEDIA02/CONTENIDOS/201411/06/00120739302014____1__600x600.jpg","price":"9,61 €","price_unit":"(19,22 € / 100 gr.)","categories":["Supermercado","Dietéticos","Complementos nutricionales","Memoria y concentración","SANTIVERI Bio erbal cefal extracto natural mixtract C 17 envase 50 cc"],"general_information":[],"ingredients":[],"ean":"8412170032644"},{"full_name":"NATURTIERRA Acción Memory con cartílago de tiburón envase 240 g","name":"Acción Memory con cartílago de tiburón envase 240 g","brand":"NATURTIERRA ","img":"https://sgfm.elcorteingles.es/SGFM/dctm/MEDIA02/CONTENIDOS/201407/21/00120737406205____1__600x600.jpg","price":"4,49 €","price_unit":"(1,87 € / 100 gr.)","categories":["Supermercado","Dietéticos","Complementos nutricionales","Memoria y concentración","NATURTIERRA Acción Memory con cartílago de tiburón envase 240 g"],"general_information":["Denominación del alimento: Complemento alimenticio elaborado a base de especies vegetales, jalea real, vitaminas y aminoácidos.","Nombre del operador: Ynsadiet S.A.","Dirección del operador: Isaac Peral, 3 ? Pol. Ind. Ntra. Sra. de Butarque. 28914 Leganés (Madrid).","Cantidad Neta: 29.7 g"],"ingredients":[" Almidón de maíz (Zea mais), Maltodextrina, Antiaglomerantes (Silicato magnésico, Celulosa y Estearato magnésico), Romero extracto seco (Rosmarinus officinalis L, hoja) (40 mg), Soja extracto (Glycyne soja Siebold es Zucc) (38 mg), Jalea real liofilizada (36 mg), Arándano o Mirtilo (Vaccinium myrtillus L, frutos) (20 mg), L-Glutamina (10 mg), Nicotinamida (Vit. B3) (8 mg de Niacina), Clorhidrato de Piridoxina (Vit. B6) (0,86 mg, eq. a 0,70 mg de Piridoxina o Vit. B6), Riboflavina (Vit. B2) (0,7 mg), Clorhidrato de Tiamina (Vit B1) (0,7 mg, eq. a 0,55 mg de Tiamina o Vit. B1). Coenzima Q10 (0,5 mg), Cianocobalamina (Vit. B12) (1,25 mcg). Componentes de la cubierta de la cápsula: Gelatina y agua. Contiene soja."],"conservation":" Ambiente seco y fresco.","ean":"8412016362010"},{"full_name":"PRISMA NATURAL Memory Level + previene la pérdida de memoria y mejora la recuperación de la misma envase 30 cápsulas","name":"Memory Level + previene la pérdida de memoria y mejora la recuperación de la misma envase 30 cápsulas","brand":"PRISMA NATURAL ","img":"https://sgfm.elcorteingles.es/SGFM/dctm/MEDIA03/201702/01/00120737407492____1__600x600.jpg","price":"21,95 €","price_unit":"(878 € / Kilo)","categories":["Supermercado","Dietéticos","Complementos nutricionales","Memoria y concentración","PRISMA NATURAL Memory Level + previene la pérdida de memoria y mejora la recuperación de la misma envase 30 cápsulas"],"general_information":["Denominación del alimento: Suplemento alimentario","Nombre del operador: Nueva Dietética S.L.","Dirección del operador: P.I. Espaldillas. C/Espaldillas Diez 26-28,  41500 Alcalá de Guadaira, Sevilla.","Cantidad Neta: 25.83 g"],"ingredients":[" DHA (Ácido docosahexaenoico) 20% polvo, 400 mg, L-Carnitina 300 mg, Fosfatidilserina 20% 200 mg, Extracto seco de Ginkgo (Ginkgo biloba L., 24% Gingoflavonoides L.)120 mg, Extracto Seco de Bacopa (Bacopa monnieri) 100mg, Taurina 100 mg, L-Glutamina 100 mg, Antiaglomerantes (Estearato de magnesio y Dióxido de Silício), Extracto Seco de Vinca  (Vinca minor L.) 20 mg, Huperzina (Huperzia Serrata, 1% Huperzina) 20 mg, Óxido de Zinc 14 mg (10 mg de Zinc, 100% V.R.N.), Vitamina B5 (D-Pantotenato de calcio) 6 mg (100% V.R.N.) y y Vitamina B12 (Cianocobalamina) 2,µg (100% V.R.N.), Cápsula (Gelatina) %V.R.N.: Valores de Referencia de Nutrientes."],"conservation":" Conservar en lugar fresco, seco y alejado de la luz. Conservar a temperatura no superior a 30°C.","ean":"8436048049084"},{"full_name":"SPECIAL LINE perlas de aceite de onagra bote 450 unidades","name":"perlas de aceite de onagra bote 450 unidades","brand":"SPECIAL LINE ","img":"https://sgfm.elcorteingles.es/SGFM/dctm/MEDIA03/201709/11/00120719300137____3__600x600.jpg","price":"19,95 €","categories":["Supermercado","Dietéticos","Complementos nutricionales","Para la mujer","SPECIAL LINE perlas de aceite de onagra bote 450 unidades"],"general_information":["Denominación del alimento: Complemento alimenticio elaborado a base de áceite de onagra.","Nombre del operador: Envasado para el Grupo El Corte Inglés\nHermosilla, 112 ? 28009 Madrid\nEspaña por NIF: A-28648053","Cantidad Neta: 310,2 g"],"ingredients":[" Ingredientes por cápsula: Aceite de Onagra (Oenothera biennis L, aceite de semillas) (10 % G.L.A.*): 500 mg, antioxidante: Vitamina E (D-Alfa-Tocoferol). Componentes de la cubierta de la cápsula: almidón de maíz modificado, glicerol, carragenanos y carbonato sódico.\n*Ácido Gamma linolénico (ácido graso esencial de la serie omega-6)."],"conservation":" Conservar en ambiente fresco y seco. \nUna vez abierto mantener el envase bien cerrado.","ean":"8433329031721"},{"full_name":"SPECIAL LINE perlas de aceite de onagra bote 275 unidades","name":"perlas de aceite de onagra bote 275 unidades","brand":"SPECIAL LINE ","img":"https://sgfm.elcorteingles.es/SGFM/dctm/MEDIA03/201602/11/00120719300145____2__600x600.jpg","price":"14,55 €","categories":["Supermercado","Dietéticos","Complementos nutricionales","Para la mujer","SPECIAL LINE perlas de aceite de onagra bote 275 unidades"],"general_information":["Denominación del alimento: Complemento alimenticio elaborado a base de aceite de onagra.","Nombre del operador: Envasado para el Grupo El Corte Inglés\nHermosilla, 112 ? 28009 Madrid\nEspaña por NIF: A-28648053","Cantidad Neta: 189,6 g"],"ingredients":[" Ingredientes por cápsula: Aceite de Onagra (Oenothera biennis L, aceite de semillas) (10 % G.L.A.*): 500 mg, antioxidante: Vitamina E (D-Alfa-Tocoferol). Componentes de la cubierta de la cápsula: almidón de maíz modificado, glicerol, carragenanos y carbonato sódico.\n*Ácido Gamma linolénico (ácido graso esencial de la serie omega-6)."],"conservation":" Conservar en ambiente fresco y seco. \nUna vez abierto mantener el envase bien cerrado.","ean":"8433329031738"},{"full_name":"SPECIAL LINE Onagra Complex concentrado rico en isoflavonas 60 cápsulas x 670 mg bote 40,2 g","name":"Onagra Complex concentrado rico en isoflavonas 60 cápsulas x 670 mg bote 40,2 g","brand":"SPECIAL LINE ","img":"https://sgfm.elcorteingles.es/SGFM/dctm/MEDIA03/201604/22/00200319300158____2__600x600.jpg","price":"11,75 €","categories":["Supermercado","Dietéticos","Complementos nutricionales","Para la mujer","SPECIAL LINE Onagra Complex concentrado rico en isoflavonas 60 cápsulas x 670 mg bote 40,2 g"],"general_information":["Denominación del alimento: Complemento alimenticio.","Nombre del operador: Elaborado para el Grupo El Corte Inglés\nHermosilla, 112 ? 28009 Madrid\nEspaña por NIF: A-28648053","Cantidad Neta: 40,2 g"],"ingredients":[" Ingredientes:  Ingredientes (por cápsula): Aceite de Onagra (Oenothera Biennis L, semillas) (200 mg), Aceite de Borraja (Borago officinalis L, semillas) (100 mg), Aceite de Oliva virgen extra (Olea europea L, olivas) (100 mg), Concentrado de Soja (rico en Isoflavonas 40 %) 40 mg, Emulgente (Cera amarilla de abejas), Vitamina E - D-Alfa-Tocoferol (15 mg, eq. a 10 mg de Tocoferol o Vit. E). Composición de la cubierta de la cápsula: Gelatina, Glicerina y Colorantes (Oxido de hierro amarillo, Dióxido de titanio, Óxido de hierro rojo)"],"conservation":" Conservar en ambiente fresco y seco. \nUna vez abierto mantenga el envase bien cerrado.","ean":"8433329031745"},{"full_name":"SANTIVERI Primrose perlas de aceite de onagra envase 500 unidades","name":"Primrose perlas de aceite de onagra envase 500 unidades","brand":"SANTIVERI ","img":"https://sgfm.elcorteingles.es/SGFM/dctm/MEDIA02/CONTENIDOS/201408/13/00120719300020____1__600x600.jpg","price":"4,90 €","price_unit":"(175 € / Kilo)","categories":["Supermercado","Dietéticos","Complementos nutricionales","Para la mujer","SANTIVERI Primrose perlas de aceite de onagra envase 500 unidades"],"general_information":["Denominación del alimento: Complemento alimenticio con aceite","Nombre del operador: CASA SANTIVERI S.L.","Dirección del operador: ENCUNY 8, 08038 BARCELONA","Cantidad Neta: 28 g"],"ingredients":[" aceite de onagra (98%), gelatina, glicerina, vitamina e (acetato de dl-alfatocoferilo)"],"ean":"8412170010697"},{"full_name":"SANTIVERI Primrose 500 aceite de onagra 400 perlas envase 280 g","name":"Primrose 500 aceite de onagra 400 perlas envase 280 g","brand":"SANTIVERI ","img":"https://sgfm.elcorteingles.es/SGFM/dctm/MEDIA02/CONTENIDOS/201502/16/00120737401339____1__600x600.jpg","price":"41,95 €","price_unit":"(14,98 € / 100 gr.)","categories":["Supermercado","Dietéticos","Complementos nutricionales","Para la mujer","SANTIVERI Primrose 500 aceite de onagra 400 perlas envase 280 g"],"general_information":[],"ingredients":[],"ean":"8412170016088"},{"full_name":"SANTIVERI Primrose 500 aceite de onagra 220 perlas bote 160 g","name":"Primrose 500 aceite de onagra 220 perlas bote 160 g","brand":"SANTIVERI ","img":"https://sgfm.elcorteingles.es/SGFM/dctm/MEDIA02/CONTENIDOS/201502/16/00120737401206____1__600x600.jpg","price":"23,50 €","price_unit":"(14,69 € / 100 gr.)","categories":["Supermercado","Dietéticos","Complementos nutricionales","Para la mujer","SANTIVERI Primrose 500 aceite de onagra 220 perlas bote 160 g"],"general_information":["Denominación del alimento: Complemento alimenticio con aceite","Nombre del operador: CASA SANTIVERI S.L.","Dirección del operador: ENCUNY 8, 08038 BARCELONA","Cantidad Neta: 154 g"],"ingredients":[" aceite de onagra (98%), gelatina, glicerina, vitamina e (acetato de dl-alfatocoferilo)"],"ean":"8412170015241"},{"full_name":"SANTIVERI Ferroxir Forte jarabe con hierro y ácido fólico estuche 240 g","name":"Ferroxir Forte jarabe con hierro y ácido fólico estuche 240 g","brand":"SANTIVERI ","img":"https://sgfm.elcorteingles.es/SGFM/dctm/MEDIA03/201611/25/00120748704333____1__600x600.jpg","price":"15,70 €","price_unit":"(6,54 € / 100 gr.)","categories":["Supermercado","Dietéticos","Complementos nutricionales","Para la mujer","SANTIVERI Ferroxir Forte jarabe con hierro y ácido fólico estuche 240 g"],"general_information":[],"ingredients":[],"ean":"8412170035294"},{"full_name":"SANTIVERI quelato de hierro en comprimidos envase 6 g","name":"quelato de hierro en comprimidos envase 6 g","brand":"SANTIVERI ","img":"https://sgfm.elcorteingles.es/SGFM/dctm/MEDIA02/CONTENIDOS/201502/16/00120748703012____1__600x600.jpg","price":"7,67 €","price_unit":"(127,83 € / 100 gr.)","categories":["Supermercado","Dietéticos","Complementos nutricionales","Para la mujer","SANTIVERI quelato de hierro en comprimidos envase 6 g"],"general_information":["Denominación del alimento: COMPLEMENTO ALIMENTICIO A BASE DE H","Nombre del operador: CASA SANTIVERI S.L.","Dirección del operador: ENCUNY 8, 08038 BARCELONA","Cantidad Neta: 6 g"],"ingredients":[" bisglicinato ferroso, PROTEÍNA DE SOJA, estearato de magnesio (antiaglomerante), óxido de silicio (antiaglomerante), maltodextrina"],"ean":"8412170024106"},{"full_name":"SANTIVERI Anemivita Complex estuche 40 cápsulas","name":"Anemivita Complex estuche 40 cápsulas","brand":"SANTIVERI ","img":"https://sgfm.elcorteingles.es/SGFM/dctm/MEDIA02/CONTENIDOS/201502/16/00120740601248____1__600x600.jpg","price":"7,95 €","price_unit":"(34,57 € / 100 gr.)","categories":["Supermercado","Dietéticos","Complementos nutricionales","Para la mujer","SANTIVERI Anemivita Complex estuche 40 cápsulas"],"general_information":[],"ingredients":[],"ean":"8412170020405"},{"full_name":"SANTIVERI Ciclopausa en cápsulas estuche 16 g","name":"Ciclopausa en cápsulas estuche 16 g","brand":"SANTIVERI ","img":"https://sgfm.elcorteingles.es/SGFM/dctm/MEDIA02/CONTENIDOS/201502/16/00120739301586____1__600x600.jpg","price":"17,95 €","price_unit":"(112,19 € / 100 gr.)","categories":["Supermercado","Dietéticos","Complementos nutricionales","Para la mujer","SANTIVERI Ciclopausa en cápsulas estuche 16 g"],"general_information":["Denominación del alimento: Complemento alimenticio a base de i","Nombre del operador: CASA SANTIVERI S.L.","Dirección del operador: ENCUNY 8, 08038 BARCELONA","Cantidad Neta: 16 g"],"ingredients":[" ZUMO CONCENTRADO DE SOJA (40%), PROTEÍNA DE SOJA, licopeno (2%), extracto de tomate, gelatina vegetal, maltodextrina, estearato de magnesio (antiaglomerante)"],"ean":"8412170013698"},{"full_name":"INTEGRALIA maca andina ecológica reduce los sintomas de la menopausia envase 50 cápsulas","name":"maca andina ecológica reduce los sintomas de la menopausia envase 50 cápsulas","brand":"INTEGRALIA ","img":"https://sgfm.elcorteingles.es/SGFM/dctm/MEDIA03/201603/21/00120747300901____1__600x600.jpg","price":"13,19 €","price_unit":"(26,38 € / 100 gr.)","categories":["Supermercado","Dietéticos","Complementos nutricionales","Para la mujer","INTEGRALIA maca andina ecológica reduce los sintomas de la menopausia envase 50 cápsulas"],"general_information":[],"ingredients":[],"ean":"8436000544817"},{"full_name":"SOTYA perlas de aceite de onagra envase 110 unidades","name":"perlas de aceite de onagra envase 110 unidades","brand":"SOTYA ","img":"https://sgfm.elcorteingles.es/SGFM/00/01/2/0120719300012/0120719300012000g01011.jpg","price":"3,94 €","price_unit":"(3,58 € / 100 gr.)","categories":["Supermercado","Dietéticos","Complementos nutricionales","Para la mujer","SOTYA perlas de aceite de onagra envase 110 unidades"],"general_information":[],"ingredients":[],"ean":"8427483009115"},{"full_name":"PRISMA NATURAL perlas de onagra + vitamina E envase 146 g","name":"perlas de onagra + vitamina E envase 146 g","brand":"PRISMA NATURAL ","img":"https://sgfm.elcorteingles.es/SGFM/dctm/MEDIA03/201702/01/00120737407559____1__600x600.jpg","price":"23,65 €","price_unit":"(16,20 € / 100 gr.)","categories":["Supermercado","Dietéticos","Complementos nutricionales","Para la mujer","PRISMA NATURAL perlas de onagra + vitamina E envase 146 g"],"general_information":["Denominación del alimento: Suplemento alimentario","Nombre del operador: Nueva Dietética S.L.","Dirección del operador: P.I. Espaldillas. C/Espaldillas Diez 26-28,  41500 Alcalá de Guadaira, Sevilla.","Cantidad Neta: 146 g"],"ingredients":[" Aceite de Onagra de Primera Presión en frío (Oenotera biennis) 10% GLA 1000 mg, Vitamina E natural (acetato de di-alfa-tocoferol)10 mg, envoltura (gelatina y humectante(glicerina))."],"conservation":" Conservar en lugar fresco, seco y alejado de la luz. Conservar a temperatura no superior a 30°C.","ean":"8437006168618"},{"full_name":"BIOTONA Veggie proteinas vegetales en polvo 100% ecológico envase 300 g","name":"Veggie proteinas vegetales en polvo 100% ecológico envase 300 g","brand":"BIOTONA ","img":"https://sgfm.elcorteingles.es/SGFM/dctm/MEDIA02/CONTENIDOS/201507/06/00120748703582____1__600x600.jpg","price":"17,29 €","price_unit":"(5,76 € / 100 gr.)","categories":["Supermercado","Dietéticos","Nutrición deportiva","Proteínas y aminoácidos","BIOTONA Veggie proteinas vegetales en polvo 100% ecológico envase 300 g"],"general_information":["Denominación del alimento: Biotona Bio Veggie Protein Raw","País de origen: Bélgica","Nombre del operador: Keypharm n.v.","Dirección del operador: Siemenslaan, 11. B-8020. Oostkamp.","Cantidad Neta: 300 g","Otras menciones obligatorias en la etiqueta: No contiene gluten. No contiene colesterol. Sin aditivos, ni colorantes, ni conservantes, ni aromas, ni agentes de carga, ni OMG. Exentos de ingredientes de origen animal"],"ingredients":[" Polvo de proteínas  de guisantes, polvo de proteínas de arroz integral, polvo de proteínas de cáñamo."],"conservation":" Conservar en lugar fresco y seco. No sacar el producto del envase.","ean":"5412360009503"},{"full_name":"SANTIVERI Vigor Pectoral jarabe indicado para resfriados y aparato respiratorio frasco 240 cc","name":"Vigor Pectoral jarabe indicado para resfriados y aparato respiratorio frasco 240 cc","brand":"SANTIVERI ","img":"https://sgfm.elcorteingles.es/SGFM/00/38/0/0120735000380/0120735000380000g01011.jpg","price":"6,75 €","price_unit":"(2,81 € / 100 gr.)","categories":["Supermercado","Dietéticos","Complementos nutricionales","Sistema respiratorio","SANTIVERI Vigor Pectoral jarabe indicado para resfriados y aparato respiratorio frasco 240 cc"],"general_information":["Denominación del alimento: Complemeto alimenticio de agradable","Nombre del operador: CASA SANTIVERI S.L.","Dirección del operador: ENCUNY 8, 08038 BARCELONA","Cantidad Neta: 240 Centímetro cúbico"],"ingredients":[" azucar de caña integral, tomillo, líquen blanco, gordolobo, pino, eucalipto, llantén, higo seco, regaliz, miel, zumo de limón"],"ean":"8412170001497"},{"full_name":"SANTIVERI Propolflor própolis, regaliz, equinácea y anís envase 28 unidades parar proteger las vías respiratorias en perlas masticables","name":"Propolflor própolis, regaliz, equinácea y anís envase 28 unidades","brand":"SANTIVERI ","img":"https://sgfm.elcorteingles.es/SGFM/dctm/MEDIA02/CONTENIDOS/201511/10/00120748703798____1__600x600.jpg","price":"13,15 €","categories":["Supermercado","Dietéticos","Complementos nutricionales","Sistema respiratorio","SANTIVERI Propolflor própolis, regaliz, equinácea y anís envase 28 unidades parar proteger las vías respiratorias en perlas masticables"],"general_information":["Denominación del alimento: Complemento alimenticio a base de p","Nombre del operador: CASA SANTIVERI S.L.","Dirección del operador: ENCUNY 8, 08038 BARCELONA","Cantidad Neta: 28 g"],"ingredients":[" aceite de girasol, gelatina, glicerina (endurecedor), extracto de própolis, extracto de regaliz, almidón de maíz, extracto de equinácea purp., mono y diglicéridos de  ácidos grasos (espesante), esencia de menta, LECITINA DE SOJA (EMULGENTE), esencia de anís verde"],"ean":"8412170034150"},{"full_name":"SANTIVERI Propolflor própolis y miel protege las defensas y las vías respiratorias envase 60 ampollas","name":"Propolflor própolis y miel protege las defensas y las vías respiratorias envase 60 ampollas","brand":"SANTIVERI ","img":"https://sgfm.elcorteingles.es/SGFM/dctm/MEDIA02/CONTENIDOS/201511/10/00120748703772____1__600x600.jpg","price":"12,39 €","categories":["Supermercado","Dietéticos","Complementos nutricionales","Sistema respiratorio","SANTIVERI Propolflor própolis y miel protege las defensas y las vías respiratorias envase 60 ampollas"],"general_information":["Denominación del alimento: COMPLEMENTO ALIMENTICIO A BASE DE M","Nombre del operador: CASA SANTIVERI S.L.","Dirección del operador: ENCUNY 8, 08038 BARCELONA","Cantidad Neta: 60 g"],"ingredients":[" miel (45%), glicerina, extracto de própolis (11%)"],"ean":"8412170034143"},{"full_name":"SANTIVERI Propolflor miel própolis salvia tomillo erísimo y vitamina C blister 35 comprimidos para defensas y vías respiratorias","name":"Propolflor miel própolis salvia tomillo erísimo y vitamina C blister 35 comprimidos","brand":"SANTIVERI ","img":"https://sgfm.elcorteingles.es/SGFM/dctm/MEDIA02/CONTENIDOS/201511/10/00120748703780____1__600x600.jpg","price":"9,98 €","categories":["Supermercado","Dietéticos","Complementos nutricionales","Sistema respiratorio","SANTIVERI Propolflor miel própolis salvia tomillo erísimo y vitamina C blister 35 comprimidos para defensas y vías respiratorias"],"general_information":["Denominación del alimento: Complemento alimenticio a base de m","Nombre del operador: CASA SANTIVERI S.L.","Dirección del operador: ENCUNY 8, 08038 BARCELONA","Cantidad Neta: 35 g"],"ingredients":[" miel en polvo, sirope de savia de arce, extracto de própolis (6%), acerola en polvo, extracto de salvia, extracto de tomillo, erísimo-hierba de los cantores, dióxido de silicio (antiaglomerante), aroma natural de naranja"],"ean":"8412170034167"},{"full_name":"SANTIVERI Propolflor extracto de própolis Bio con 2,1 galangina para defensas y vías respiratorias frasco 50 ml","name":"Propolflor extracto de própolis Bio con 2,1 galangina para defensas y vías respiratorias frasco 50 ml","brand":"SANTIVERI ","img":"https://sgfm.elcorteingles.es/SGFM/dctm/MEDIA02/CONTENIDOS/201511/10/00120739302147____1__600x600.jpg","price":"10,25 €","categories":["Supermercado","Dietéticos","Complementos nutricionales","Sistema respiratorio","SANTIVERI Propolflor extracto de própolis Bio con 2,1 galangina para defensas y vías respiratorias frasco 50 ml"],"general_information":["Denominación del alimento: Complemento alimenticio a base de e","Nombre del operador: CASA SANTIVERI S.L.","Dirección del operador: ENCUNY 8, 08038 BARCELONA","Cantidad Neta: 50 Centímetro cúbico"],"ingredients":[" extracto de própolis ecológico (100%)"],"ean":"8412170034174"},{"full_name":"SANTIVERI Propolflor própolis tomillo y equinácea Bio protege defensas y vías respiratorias spray 30 ml","name":"Propolflor própolis tomillo y equinácea Bio protege defensas y vías respiratorias spray 30 ml","brand":"SANTIVERI ","img":"https://sgfm.elcorteingles.es/SGFM/dctm/MEDIA02/CONTENIDOS/201511/10/00120739302170____1__600x600.jpg","price":"9,70 €","categories":["Supermercado","Dietéticos","Complementos nutricionales","Sistema respiratorio","SANTIVERI Propolflor própolis tomillo y equinácea Bio protege defensas y vías respiratorias spray 30 ml"],"general_information":["Denominación del alimento: COMPLEMENTO ALIMENTICIO A BASE DE P","Nombre del operador: CASA SANTIVERI S.L.","Dirección del operador: ENCUNY 8, 08038 BARCELONA","Cantidad Neta: 30 Centímetro cúbico"],"ingredients":[" agua, miel ecológica (13%), JARABE DE TRIGO ECOLÓGICO, glicerol, extracto de própolis ecológico, salvia ecológica, equinácea ecológica, tomillo ecológico, llantén ecológico, caléndula ecológica"],"ean":"8412170034495"},{"full_name":"SANTIVERI Propolfor Forte própolis equinácea y extractos de plantas protege las vías respiratorias frasco 20 cl","name":"Propolfor Forte própolis equinácea y extractos de plantas protege las vías respiratorias frasco 20 cl","brand":"SANTIVERI ","img":"https://sgfm.elcorteingles.es/SGFM/dctm/MEDIA02/CONTENIDOS/201511/10/00120739302154____1__600x600.jpg","price":"16,10 €            ","categories":["Supermercado","Dietéticos","Complementos nutricionales","Sistema respiratorio","SANTIVERI Propolfor Forte própolis equinácea y extractos de plantas protege las vías respiratorias frasco 20 cl"],"general_information":["Denominación del alimento: Complemento alimenticio a base de j","Nombre del operador: CASA SANTIVERI S.L.","Dirección del operador: ENCUNY 8, 08038 BARCELONA","Cantidad Neta: 200 Centímetro cúbico"],"ingredients":[" agua, miel, jugo de equinácea purpúrea, zumo concentrado de manzana, llantén, grindelia, acerola en polvo, drosera, sol de oro, grosellero negro, extracto de própolis (6%), sorbato potásico (conservador), gluconato de hierro, extracto de salvia (2,5%), aceite de tomillo, aceite de eucalipto, aceite de limón, gluconato de cobre"],"ean":"8412170034501"},{"full_name":"SANTIVERI Propolfor Kids própolis, equinácea y extracto de plantas, protege las vías respiratorias frasco 20 cl","name":"Propolfor Kids própolis, equinácea y extracto de plantas, protege las vías respiratorias frasco 20 cl","brand":"SANTIVERI ","img":"https://sgfm.elcorteingles.es/SGFM/dctm/MEDIA02/CONTENIDOS/201511/10/00120739302162____1__600x600.jpg","price":"13,45 €","categories":["Supermercado","Dietéticos","Complementos nutricionales","Sistema respiratorio","SANTIVERI Propolfor Kids própolis, equinácea y extracto de plantas, protege las vías respiratorias frasco 20 cl"],"general_information":["Denominación del alimento: Complemento alimenticio a base de j","Nombre del operador: CASA SANTIVERI S.L.","Dirección del operador: ENCUNY 8, 08038 BARCELONA","Cantidad Neta: 200 Centímetro cúbico"],"ingredients":[" agua, miel, jugo de equinácea purpúrea, acerola en polvo, extracto de llantén, saúco, pino, eucalipto, equinácea purp., extracto de própolis (6%), naranja en polvo, sorbato potásico (conservador)"],"ean":"8412170034518"},{"full_name":"SANTIVERI Bio Erba Frial Mixtract F 36 mezcla de plantas utilizadas como pectorales envase 50 cc","name":"Bio Erba Frial Mixtract F 36 mezcla de plantas utilizadas como pectorales envase 50 cc","brand":"SANTIVERI ","img":"https://sgfm.elcorteingles.es/SGFM/dctm/MEDIA02/CONTENIDOS/201411/06/00120739302063____1__600x600.jpg","price":"9,61 €","price_unit":"(19,22 € / 100 gr.)","categories":["Supermercado","Dietéticos","Complementos nutricionales","Sistema respiratorio","SANTIVERI Bio Erba Frial Mixtract F 36 mezcla de plantas utilizadas como pectorales envase 50 cc"],"general_information":["Denominación del alimento: Complemento alimenticio a base de e","Nombre del operador: CASA SANTIVERI S.L.","Dirección del operador: ENCUNY 8, 08038 BARCELONA","Cantidad Neta: 50 Centímetro cúbico"],"ingredients":[" equinácea ecológica (30%), hisopo ecológico (25%), gordolobo ecológico (20%), llantén ecológico (15%), eucalipto ecológico (10%)"],"ean":"8412170032699"},{"full_name":"SANTIVERI Resfrixir acción jarabe con jugo de equinácea y própolis envase 240 cc","name":"Resfrixir acción jarabe con jugo de equinácea y própolis envase 240 cc","brand":"SANTIVERI ","img":"https://sgfm.elcorteingles.es/SGFM/dctm/MEDIA02/CONTENIDOS/201411/14/00120735000117____1__600x600.jpg","price":"22,95 €","price_unit":"(9,56 € / 100 gr.)","categories":["Supermercado","Dietéticos","Complementos nutricionales","Sistema respiratorio","SANTIVERI Resfrixir acción jarabe con jugo de equinácea y própolis envase 240 cc"],"general_information":["Denominación del alimento: Complemento alimenticio a base de j","Nombre del operador: CASA SANTIVERI S.L.","Dirección del operador: ENCUNY 8, 08038 BARCELONA","Cantidad Neta: 240 Centímetro cúbico"],"ingredients":[" agua, miel, equinácea purp. (15%), própolis (1,5%), llantén, saúco, pino, eucalipto, aroma, vitamina c (ácido l-ascórbico), naranja, maltodextrina, sorbato potásico (conservador)"],"ean":"8412170016460"},{"full_name":"SANTIVERI Bio extracto natural de equinácea envase 50 cc","name":"Bio extracto natural de equinácea envase 50 cc","brand":"SANTIVERI ","img":"https://sgfm.elcorteingles.es/SGFM/dctm/MEDIA02/CONTENIDOS/201411/06/00120739301917____1__600x600.jpg","price":"11,95 €","price_unit":"(23,90 € / 100 gr.)","categories":["Supermercado","Dietéticos","Complementos nutricionales","Sistema respiratorio","SANTIVERI Bio extracto natural de equinácea envase 50 cc"],"general_information":["Denominación del alimento: Complemento alimenticio a base de e","Nombre del operador: CASA SANTIVERI S.L.","Dirección del operador: ENCUNY 8, 08038 BARCELONA","Cantidad Neta: 50 Centímetro cúbico"],"ingredients":[" equinácea ecológica (100%)"],"ean":"8412170032514"},{"full_name":"PRISMA NATURAL Respulm solución que calma la tos con stevia envase 250 ml","name":"Respulm solución que calma la tos con stevia envase 250 ml","brand":"PRISMA NATURAL ","img":"https://sgfm.elcorteingles.es/SGFM/dctm/MEDIA03/201702/03/00120737407641____1__600x600.jpg","price":"10,85 €","price_unit":"(43,40 € / Litro)","categories":["Supermercado","Dietéticos","Complementos nutricionales","Sistema respiratorio","PRISMA NATURAL Respulm solución que calma la tos con stevia envase 250 ml"],"general_information":["Denominación del alimento: Suplemento alimentario","Nombre del operador: Nueva Dietética S.L.","Dirección del operador: P.I. Espaldillas. C/Espaldillas Diez 26-28,  41500 Alcalá de Guadaira, Sevilla.","Cantidad Neta: 250 Mililitros","Otras menciones obligatorias en la etiqueta: Contiene edulcorante"],"ingredients":[" Fructosa, Miel en polvo, Llantén-Plantago major extracto seco partes aéreas (1,5% iridoides heterósidicos), Sauco-Sambucus nigra bayas y hojas extracto seco (3% flavonoides), Drosera-Drosera Rotundifolia Extracto Fluído planta entera (5% flavonoides), Tomillo-Thymus vulgaris hojas y flores extracto seco (2% aceites esenciales), Zumo Aloe Vera hojas extracto seco 10% mucílagos, Grindelia robusta extracto seco sumidades floridas (3% flavonoides), N-acetil cisteína polvo, Sol de oro-Helichrysum arenarium sumidades floridas extracto seco (5% flavonoides), Extracto Fluído Própolis 12% galangina, Equinácea Purpúrea Extracto seco raíz (0,1% polifenoles), Aroma fresa, Acido cítrico-regulador de acidez, Potasio sorbato conservante, Benzoato sódico-conservante, Pinus sylvestris yemas extracto seco (2,5% aceites esenciales), Eucalipto-Eucalyptus globulus hojas extracto seco (0,5% aceite esencial), Menta-Mentha piperita hojas aceite esencial (45% mentol), Eucalipto-Eucalyptus globulus hojas extracto fluído, Glicerina, Stevia rebaudiana 97% steviosidos hojas extracto seco, Vitamina A Retinol acetato (78 mcg de retinol), Agua purificada."],"conservation":" Conservar en lugar fresco, seco y alejado de la luz. Conservar a temperatura no superior a 30°C.","ean":"8436048047097"},{"full_name":"PRISMA NATURAL Respulm Kids solución que calma la tos para niños con stevia envase 180 ml","name":"Respulm Kids solución que calma la tos para niños con stevia envase 180 ml","brand":"PRISMA NATURAL ","img":"https://sgfm.elcorteingles.es/SGFM/dctm/MEDIA03/201702/03/00120737407724____1__600x600.jpg","price":"9,85 €","price_unit":"(5,47 € / 100 ml.)","categories":["Supermercado","Dietéticos","Complementos nutricionales","Sistema respiratorio","PRISMA NATURAL Respulm Kids solución que calma la tos para niños con stevia envase 180 ml"],"general_information":["Denominación del alimento: Suplemento alimentario","Nombre del operador: Nueva Dietética S.L.","Dirección del operador: P.I. Espaldillas. C/Espaldillas Diez 26-28,  41500 Alcalá de Guadaira, Sevilla.","Cantidad Neta: 180 Mililitros","Otras menciones obligatorias en la etiqueta: Contiene edulcorante"],"ingredients":[" Fructosa, Miel en polvo, Llantén-Plantago major extracto seco partes aéreas (1,5% iridoides heterósidicos), Sauco-Sambucus nigra bayas y hojas extracto seco (3% flavonoides),Drosera-Drosera rotundifolia extracto, Fluído planta entera (5% flavonoides), Tomillo-Thymus vulgaris hojas y flores extracto seco (2% aceites esenciales), Zumo aloe vera hojas extracto seco 10% mucílagos, Grindelia robusta extracto seco sumidades floridas (3% flavonoides), N-acetil cisteína polvo, Sol de oro-Helichrysum arenarium sumidades floridas extracto seco (5% flavonoides), Extracto Fluído Própolis 12% galangina, Equinácea purpúrea extracto seco raíz (0,1% polifenoles), Aroma fresa, Ácido cítrico-regulador de acidez, Potasio sorbato conservante, Benzoato sódico-conservante, Pinus sylvestris yemas extracto seco (2,5% aceites esenciales), Eucalipto-Eucalyptus globulus hojas extracto. seco (0,5% aceite esencial), Menta-Mentha piperita hojas aceite esencial (45% mentol), Eucalipto-Eucalyptus globulus hojas extracto fluido, Glicerina, Stevia ebaudiana 97% steviosidos hojas extracto seco, Vitamina A Retinol acetato 500000 u/g (78 mcg de retinol), Agua purificada."],"conservation":" Conservar en lugar fresco, seco y alejado de la luz. Conservar a temperatura no superior a 30°C.","ean":"8436048043716"},{"full_name":"OTOSAN spray nasal efecto descongestionante natural bio envase 30 g","name":"spray nasal efecto descongestionante natural bio envase 30 g","brand":"OTOSAN ","img":"https://sgfm.elcorteingles.es/SGFM/dctm/MEDIA02/CONTENIDOS/201408/13/00120748702436____1__600x600.jpg","price":"9,97 €","price_unit":"(33,23 € / 100 gr.)","categories":["Supermercado","Dietéticos","Complementos nutricionales","Sistema respiratorio","OTOSAN spray nasal efecto descongestionante natural bio envase 30 g"],"general_information":[],"ingredients":[],"ean":"8016887000110"},{"full_name":"SANTIVERI Sanaflor Erbacalm con acción calmante a base de extractos de plantas naturales frasco 70 comprimidos","name":"Sanaflor Erbacalm con acción calmante a base de extractos de plantas naturales frasco 70 comprimidos","brand":"SANTIVERI ","img":"https://sgfm.elcorteingles.es/SGFM/dctm/MEDIA02/CONTENIDOS/201411/14/00120737400562____1__600x600.jpg","price":"4,85 €","price_unit":"(69,29 € / Kilo)","categories":["Supermercado","Dietéticos","Complementos nutricionales","Sueño y relajación","SANTIVERI Sanaflor Erbacalm con acción calmante a base de extractos de plantas naturales frasco 70 comprimidos"],"general_information":[],"ingredients":[],"ean":"8412170006072"},{"full_name":"SANTIVERI Sanaflor valeriana frasco 60 comprimidos","name":"Sanaflor valeriana frasco 60 comprimidos","brand":"SANTIVERI ","img":"https://sgfm.elcorteingles.es/SGFM//02/92/3/0120748702923/0120748702923000g01011.jpg","price":"4,78 €","price_unit":"(79,67 € / Kilo)","categories":["Supermercado","Dietéticos","Complementos nutricionales","Sueño y relajación","SANTIVERI Sanaflor valeriana frasco 60 comprimidos"],"general_information":[],"ingredients":[],"ean":"8412170005891"},{"full_name":"SANTIVERI melatonina ayuda al sueño estuche 60 comprimidos","name":"melatonina ayuda al sueño estuche 60 comprimidos","brand":"SANTIVERI ","img":"https://sgfm.elcorteingles.es/SGFM/dctm/MEDIA02/CONTENIDOS/201511/10/00120748703806____1__600x600.jpg","price":"11,25 €            ","categories":["Supermercado","Dietéticos","Complementos nutricionales","Sueño y relajación","SANTIVERI melatonina ayuda al sueño estuche 60 comprimidos"],"general_information":["Denominación del alimento: Complemento alimenticio a base de m","Nombre del operador: CASA SANTIVERI S.L.","Dirección del operador: ENCUNY 8, 08038 BARCELONA","Cantidad Neta: 31 g"],"ingredients":[" celulosa microcristalina (agente de carga), maltodextrina (agente de carga), melatonina (,37%), estearato de magnesio (antiaglomerante)"],"ean":"8412170034136"},{"full_name":"SANTIVERI Positive estados emocionales positivos envase 18 g","name":"Positive estados emocionales positivos envase 18 g","brand":"SANTIVERI ","img":"https://sgfm.elcorteingles.es/SGFM/01/22/2/0120740601222/0120740601222000g01011.jpg","price":"15,25 €","price_unit":"(847,22 € / Kilo)","categories":["Supermercado","Dietéticos","Complementos nutricionales","Sueño y relajación","SANTIVERI Positive estados emocionales positivos envase 18 g"],"general_information":["Denominación del alimento: Complemento alimenticio a base de C","Nombre del operador: CASA SANTIVERI S.L.","Dirección del operador: ENCUNY 8, 08038 BARCELONA","Cantidad Neta: 19 g"],"ingredients":[" extracto de whitania (52,09%), celulosa microcristalina (agente de carga), gelatina vegetal, extracto de azafrán (3,16%), vitamina b3 (nicotinamida), estearato de magnesio (antiaglomerante), óxido de silicio (antiaglomerante), vitamina b6 (clorhidrato de piridoxina), vitamina b1 (clorhidrato de tiamina), vitamina b9 (ácido pteroilmonoglutámico), vitamina b12 (cianocobalamina)"],"ean":"8412170031173"},{"full_name":"SANTIVERI hipérico estados de ánimo estuche 60 cápsulas","name":"hipérico estados de ánimo estuche 60 cápsulas","brand":"SANTIVERI ","img":"https://sgfm.elcorteingles.es/SGFM/05/48/8/0120737405488/0120737405488000g01011.jpg","price":"9,00 €","price_unit":"(0,15 € / Dosis)","categories":["Supermercado","Dietéticos","Complementos nutricionales","Sueño y relajación","SANTIVERI hipérico estados de ánimo estuche 60 cápsulas"],"general_information":[],"ingredients":[],"ean":"8412170012769"},{"full_name":"SANTIVERI triptofano envase 40 cápsulas","name":"triptofano envase 40 cápsulas","brand":"SANTIVERI ","img":"https://sgfm.elcorteingles.es/SGFM//02/93/1/0120748702931/0120748702931000g01011.jpg","price":"15,95 €","price_unit":"(93,82 € / 100 gr.)","categories":["Supermercado","Dietéticos","Complementos nutricionales","Sueño y relajación","SANTIVERI triptofano envase 40 cápsulas"],"general_information":["Denominación del alimento: Complemento alimenticio a base de t","Nombre del operador: CASA SANTIVERI S.L.","Dirección del operador: ENCUNY 8, 08038 BARCELONA","Cantidad Neta: 15 g"],"ingredients":[" l-triptófano, gelatina vegetal, vitamina b6 (clorhidrato de piridoxina), estearato de magnesio (antiaglomerante)"],"ean":"8412170013858"},{"full_name":"SANTIVERI Bio extracto natural de pasiflora envase 50 cc","name":"Bio extracto natural de pasiflora envase 50 cc","brand":"SANTIVERI ","img":"https://sgfm.elcorteingles.es/SGFM/dctm/MEDIA02/CONTENIDOS/201411/06/00120739301966____1__600x600.jpg","price":"8,53 €","price_unit":"(17,06 € / 100 gr.)","categories":["Supermercado","Dietéticos","Complementos nutricionales","Sueño y relajación","SANTIVERI Bio extracto natural de pasiflora envase 50 cc"],"general_information":[],"ingredients":[],"ean":"8412170032545"},{"full_name":"SANTIVERI Bio extracto natural de valeriana envase 50 cc","name":"Bio extracto natural de valeriana envase 50 cc","brand":"SANTIVERI ","img":"https://sgfm.elcorteingles.es/SGFM/dctm/MEDIA02/CONTENIDOS/201411/06/00120739301974____1__600x600.jpg","price":"8,53 €","price_unit":"(17,06 € / 100 gr.)","categories":["Supermercado","Dietéticos","Complementos nutricionales","Sueño y relajación","SANTIVERI Bio extracto natural de valeriana envase 50 cc"],"general_information":[],"ingredients":[],"ean":"8412170032569"},{"full_name":"SANTIVERI Bio erba calm extracto natural mixtract 2 C envase 50 cc","name":"Bio erba calm extracto natural mixtract 2 C envase 50 cc","brand":"SANTIVERI ","img":"https://sgfm.elcorteingles.es/SGFM/dctm/MEDIA02/CONTENIDOS/201411/06/00120739302022____1__600x600.jpg","price":"9,61 €","price_unit":"(19,22 € / 100 gr.)","categories":["Supermercado","Dietéticos","Complementos nutricionales","Sueño y relajación","SANTIVERI Bio erba calm extracto natural mixtract 2 C envase 50 cc"],"general_information":[],"ingredients":[],"ean":"8412170032729"},{"full_name":"SANTIVERI Bio extracto natural de avena contra la depresión y el agotamiento por estrés y ansiedad envase 50 cc","name":"Bio extracto natural de avena contra la depresión y el agotamiento por estrés y ansiedad envase 50 cc","brand":"SANTIVERI ","img":"https://sgfm.elcorteingles.es/SGFM/dctm/MEDIA02/CONTENIDOS/201411/06/00120739301875____1__600x600.jpg","price":"7,37 €","price_unit":"(14,74 € / 100 gr.)","categories":["Supermercado","Dietéticos","Complementos nutricionales","Sueño y relajación","SANTIVERI Bio extracto natural de avena contra la depresión y el agotamiento por estrés y ansiedad envase 50 cc"],"general_information":[],"ingredients":[],"ean":"8412170032613"},{"full_name":"YNSADIET melatonina Puré + favorece el sueño y el descanso frasco 60 cápsulas","name":"melatonina Puré + favorece el sueño y el descanso frasco 60 cápsulas","brand":"YNSADIET ","img":"https://sgfm.elcorteingles.es/SGFM/dctm/MEDIA02/CONTENIDOS/201411/19/00120748701461____1__600x600.jpg","price":"10,50 €","price_unit":"(0,18 € / Unidad)","categories":["Supermercado","Dietéticos","Complementos nutricionales","Sueño y relajación","YNSADIET melatonina Puré + favorece el sueño y el descanso frasco 60 cápsulas"],"general_information":[],"ingredients":[],"ean":"8412016359041"},{"full_name":"WEIDER UP Melatonin gominolas sin azúcares añadidos y sin gluten favorecen el sueño 50 unidades bote 180 g","name":"UP Melatonin gominolas sin azúcares añadidos y sin gluten favorecen el sueño 50 unidades bote 180 g","brand":"WEIDER ","img":"https://sgfm.elcorteingles.es/SGFM/dctm/MEDIA03/201607/19/00120737407120____1__600x600.jpg","price":"8,75 €","price_unit":"(4,86 € / 100 gr.)","categories":["Supermercado","Dietéticos","Complementos nutricionales","Sueño y relajación","WEIDER UP Melatonin gominolas sin azúcares añadidos y sin gluten favorecen el sueño 50 unidades bote 180 g"],"general_information":["Denominación del alimento: Complemento alimenticio.","Nombre del operador: Weider Nutrition, S.L.","Dirección del operador: C/ Electrónica, 39/41 - 28923 Alcorcón (Madrid)","Cantidad Neta: 210 g"],"ingredients":[" complemento alimenticio en forma de gominolas con vitamina C, sabor naranja. Edulcorantes, malitol, sorbitol, gelatina, ácido L-ascórbico microencapsulado, vitamina C,ácido cítrico, aceite de coco, aroma de naranja,  agentes de recubimiento: cera de abeja, cera carnauba,colorante carmines."],"conservation":" Conservar en lugar fresco, seco y oscuro.","ean":"8414192309810"},{"full_name":"PRISMA NATURAL Amapola de California + Magnesio favorece el sueño plácido y reparador envase 30 cápsulas","name":"Amapola de California + Magnesio favorece el sueño plácido y reparador envase 30 cápsulas","brand":"PRISMA NATURAL ","img":"https://sgfm.elcorteingles.es/SGFM/dctm/MEDIA03/201702/01/00120737407435____1__600x600.jpg","price":"8,99 €","price_unit":"(642,14 € / Kilo)","categories":["Supermercado","Dietéticos","Complementos nutricionales","Sueño y relajación","PRISMA NATURAL Amapola de California + Magnesio favorece el sueño plácido y reparador envase 30 cápsulas"],"general_information":["Denominación del alimento: Suplemento alimentario","Nombre del operador: Nueva Dietética S.L.","Dirección del operador: P.I. Espaldillas. C/Espaldillas Diez 26-28,  41500 Alcalá de Guadaira, Sevilla.","Cantidad Neta: 14.28 g"],"ingredients":[" Extracto seco de amapola de california (Eschscholzia californica Cham.), gluconato de magnesio (2,5 mg de magnesio, 0,7% CDR), edulcorante (xilitol y manitol), transportador( polivinilpirrolidona), agentes de carga (goma laca y talco) y cápsula gelatina."],"conservation":" Conservar en lugar fresco, seco y alejado de la luz. Conservar a temperatura no superior a 30°C.","ean":"8436048047547"},{"full_name":"PRISMA NATURAL solución Rel-Ax con stevia evita el nerviosismo y favorece la calidad del sueño envase 250 ml","name":"solución Rel-Ax con stevia evita el nerviosismo y favorece la calidad del sueño envase 250 ml","brand":"PRISMA NATURAL ","img":"https://sgfm.elcorteingles.es/SGFM/dctm/MEDIA03/201702/03/00120737407716____1__600x600.jpg","price":"10,85 €","price_unit":"(43,40 € / Litro)","categories":["Supermercado","Dietéticos","Complementos nutricionales","Sueño y relajación","PRISMA NATURAL solución Rel-Ax con stevia evita el nerviosismo y favorece la calidad del sueño envase 250 ml"],"general_information":["Denominación del alimento: Suplemento alimentario","Nombre del operador: Nueva Dietética S.L.","Dirección del operador: P.I. Espaldillas. C/Espaldillas Diez 26-28,  41500 Alcalá de Guadaira, Sevilla.","Cantidad Neta: 250 Mililitros","Otras menciones obligatorias en la etiqueta: Contiene edulcorante"],"ingredients":[" Ingredientes por 20 ml: Fructosa 7 g, Miel 400 mg, Humulus (Humulus Lupulus L.) 100 mg, L-Fenilalanina 79.2 mg, Espino Blanco (Crataegus Oxyacantha L.) 65.2 mg, Melisa (Melissa Officinalis L.) 65.2 mg, Romero (Rosmarinus Officinalis L.) 65.2 mg, Avena (Avena Sativa L.) 65.2 mg, Vitamina C (Ácido L-Ascórbico) 60 mg, L-Triptófano 50 mg, Valeriana (Valeriana Officinalis L.) 50 mg, Anís Verde (Pimpinella Anisum L.) 48 mg, Menta (Mentha X Piperita L.) 45 mg, Azahar (Citrus Aurantium L.) 36 mg, Naranja (Citrus Sinensis (L.) Osbeck) 36 mg, Eschscholtzia (Eschscholzia Californica Cham.) 36 mg, Verbena (Verbena Officinalis L.) 36 mg, Vitamina E (Acetato Dl-Alfa-Tocoferol) (50%) 24mg, Gluconato De Manganeso 14 mg, Vitamina B6 (Clorhidrato De Piridoxina)1,34 mg, Vitamina B1 (Clorhidrato De Tiamina) 0,94 mg, Vitamina B12 (Cianocobalamina)1,04 Mcg, Diluyente (Agua), Regulador De Acidez (Ácido Cítrico), Conservantes (Sorbato de Potasio Y Benzoato De Sodio) y Edulcorante (Glucósidos De Steviol)."],"conservation":" Conservar en lugar fresco, seco y alejado de la luz. Conservar a temperatura no superior a 30°C.","ean":"8436048043679"},{"full_name":"PRISMA NATURAL solución Rel-Ax Kids con stevia evita el nerviosismo y favorece la calidad del sueño envase 180 ml para niños","name":"solución Rel-Ax Kids con stevia evita el nerviosismo y favorece la calidad del sueño envase 180 ml","brand":"PRISMA NATURAL ","img":"https://sgfm.elcorteingles.es/SGFM/dctm/MEDIA03/201702/03/00120737407690____1__600x600.jpg","price":"8,69 €","price_unit":"(48,28 € / Litro)","categories":["Supermercado","Dietéticos","Complementos nutricionales","Sueño y relajación","PRISMA NATURAL solución Rel-Ax Kids con stevia evita el nerviosismo y favorece la calidad del sueño envase 180 ml para niños"],"general_information":["Denominación del alimento: Suplemento alimentario","Nombre del operador: Nueva Dietética S.L.","Dirección del operador: P.I. Espaldillas. C/Espaldillas Diez 26-28,  41500 Alcalá de Guadaira, Sevilla.","Cantidad Neta: 180 Mililitros","Otras menciones obligatorias en la etiqueta: Contiene edulcorante"],"ingredients":[" Ingredientes por 20 ml: Fructosa 7 g, Miel 400 mg, Humulus (Humulus Lupulus L.) 50 mg, Menta (Mentha X Piperita L.) 45 mg, L-Fenilalanina 39.6 mg, Espino Blanco (Crataegus Oxyacantha L.) 32.6 mg, Melisa (Melissa Officinalis L.) 32.6 mg, Romero (Rosmarinus Officinalis L.) 32.6 mg, Avena (Avena Sativa L.) 32.6 mg, Vitamina C (Ácido L-Ascórbico) 30 mg, L-Triptófano 25 mg, Valeriana (Valeriana Officinalis L.) 25 mg, Anís Verde (Pimpinella Anisum L.) 24 mg, Azahar (Citrus Aurantium L.), 18 mg, Naranja (Citrus Sinensis L.Osbeck) 18 mg, Eschscholtzia (Eschscholzia Californica Cham.) 18 mg, Verbena (Verbena Officinalis L.) 18 mg, Vitamina E (Acetato Dl-Alfa-Tocoferol)(50%) 12 mg, Gluconato de Manganeso 7 mg, Vitamina B6 (Clorhidrato De Piridoxina) 0,67 mg, Vitamina B1 (Clorhidrato De Tiamina) 0,47 mg, Vitamina B12 (Cianocobalamina) 0,52 Mcg, Diluyente (Agua), Regulador De Acidez (Ácido Cítrico), Conservantes (Sorbato De Potasio y Benzoato De Sodio) y Edulcorante (Glucósidos De Steviol)."],"conservation":" Conservar en lugar fresco, seco y alejado de la luz. Conservar a temperatura no superior a 30°C.","ean":"8436048043723"},{"full_name":"PRISMA NATURAL Grifonia 5HTP + Magnesio mejora el estado de ánimo y combate estados leves de ansiedad envase 30 cápsulas usado en alteraciones del sueño","name":"Grifonia 5HTP + Magnesio mejora el estado de ánimo y combate estados leves de ansiedad envase 30 cápsulas","brand":"PRISMA NATURAL ","img":"https://sgfm.elcorteingles.es/SGFM/dctm/MEDIA03/201702/01/00120737407476____1__600x600.jpg","price":"8,99 €","price_unit":"(642,14 € / Kilo)","categories":["Supermercado","Dietéticos","Complementos nutricionales","Sueño y relajación","PRISMA NATURAL Grifonia 5HTP + Magnesio mejora el estado de ánimo y combate estados leves de ansiedad envase 30 cápsulas usado en alteraciones del sueño"],"general_information":["Denominación del alimento: Suplemento alimentario","Nombre del operador: Nueva Dietética S.L.","Dirección del operador: P.I. Espaldillas. C/Espaldillas Diez 26-28,  41500 Alcalá de Guadaira, Sevilla.","Cantidad Neta: 14.28 g"],"ingredients":[" Ginkgo Biloba Extracto Seco, Selenito de Na (0.05 Mg Ión Metal) y Excipientes."],"conservation":" Conservar en lugar fresco, seco y alejado de la luz. Conservar a temperatura no superior a 30°C.","ean":"8436048047653"},{"full_name":"INTEGRALIA Triptófano con magnesio reduce la ansiedad y el decaimiento 50 cápsulas bote 39 g","name":"Triptófano con magnesio reduce la ansiedad y el decaimiento 50 cápsulas bote 39 g","brand":"INTEGRALIA ","img":"https://sgfm.elcorteingles.es/SGFM/dctm/MEDIA03/201606/28/00120748704143____1__600x600.jpg","price":"14,15 €","categories":["Supermercado","Dietéticos","Complementos nutricionales","Sueño y relajación","INTEGRALIA Triptófano con magnesio reduce la ansiedad y el decaimiento 50 cápsulas bote 39 g"],"general_information":[],"ingredients":[],"ean":"8436000544848"},{"full_name":"NATURTIERRA melatonina dulces sueños 30 cápsulas envase 120 g","name":"melatonina dulces sueños 30 cápsulas envase 120 g","brand":"NATURTIERRA ","img":"https://sgfm.elcorteingles.es/SGFM/dctm/MEDIA02/CONTENIDOS/201407/21/00120748702741____1__600x600.jpg","price":"4,22 €","price_unit":"(3,52 € / 100 gr.)","categories":["Supermercado","Dietéticos","Complementos nutricionales","Sueño y relajación","NATURTIERRA melatonina dulces sueños 30 cápsulas envase 120 g"],"general_information":["Denominación del alimento: Complemento alimenticio elaborado a base de, especies vegetales y melatonina.","Nombre del operador: Ynsadiet S.A.","Dirección del operador: Isaac Peral, 3 ? Pol. Ind. Ntra. Sra. de Butarque. 28914 Leganés (Madrid).","Cantidad Neta: 16.3 g"],"ingredients":[" Antiaglomerantes (Almidón de maíz, Celulosa, Estearato de magnesio, Talco, Dióxido de silicio), Amapola californiana extracto seco (Eschscholzia californica Cham, partes aéreas) (117 mg), Pasiflora extracto seco (Passiflora incarnata L, partes aéreas) (117 mg), Melisa extracto seco (Melissa officinalis L, hoja) (36 mg), Tila extracto seco (Tilia plantyphyllos Scop, flores) (18 mg), Valeriana extracto seco (Valeriana officinalis L Repens, raíz) (12 mg), Melatonina polvo (1,8 mg). Componentes de la cubierta de la cápsula: Gelati-na y agua."],"conservation":" conservar el producto en un lugar fresco y seco, evitando los ambientes con humedad.","ean":"8412016359249"},{"full_name":"EQUILIBRA melatonina envase 9 g","name":"melatonina envase 9 g","brand":"EQUILIBRA ","img":"https://sgfm.elcorteingles.es/SGFM//02/58/4/0120748702584/0120748702584000g01011.jpg","price":"7,35 €","price_unit":"(81,67 € / 100 gr.)","categories":["Supermercado","Dietéticos","Complementos nutricionales","Sueño y relajación","EQUILIBRA melatonina envase 9 g"],"general_information":["Denominación del alimento: Melatonina","País de origen: Italia","Nombre del operador: Ofistrade S.A.","Dirección del operador: C/Buenos Aires 38-40, entlo. C - 08036 Barcelona","Lugar de procedencia del alimento: Italia","Cantidad Neta: 9.37 g"],"ingredients":[" Agentes de carga: celulosa microcristalina, fosfato dibásico de calcio y antiaglomerante: estearato de magnesio vegetal  y melatonina."],"conservation":" Consérvese en lugar fresco y seco.","ean":"8000137700868"},{"full_name":"EL GRANERO INTEGRAL Bio Plus maca en polvo ecológica fuente de hierro reduce el cansancio y la fatiga bolsa 200 g","name":"Bio Plus maca en polvo ecológica fuente de hierro reduce el cansancio y la fatiga bolsa 200 g","brand":"EL GRANERO INTEGRAL ","img":"https://sgfm.elcorteingles.es/SGFM/dctm/MEDIA03/201602/18/00120748703913____1__600x600.jpg","price":"11,25 €","price_unit":"(5,62 € / 100 gr.)","categories":["Supermercado","Dietéticos","Complementos nutricionales","Superalimentos","EL GRANERO INTEGRAL Bio Plus maca en polvo ecológica fuente de hierro reduce el cansancio y la fatiga bolsa 200 g"],"general_information":[],"ingredients":[],"ean":"8422584041019"},{"full_name":"EL GRANERO INTEGRAL Bio Plus quinoa en polvo ecológica fuente de proteínas fibra y Omega 3 bolsa 200 g","name":"Bio Plus quinoa en polvo ecológica fuente de proteínas fibra y Omega 3 bolsa 200 g","brand":"EL GRANERO INTEGRAL ","img":"https://sgfm.elcorteingles.es/SGFM/dctm/MEDIA03/201602/18/00120748703921____1__600x600.jpg","price":"11,09 €","categories":["Supermercado","Dietéticos","Complementos nutricionales","Superalimentos","EL GRANERO INTEGRAL Bio Plus quinoa en polvo ecológica fuente de proteínas fibra y Omega 3 bolsa 200 g"],"general_information":[],"ingredients":[],"ean":"8422584041040"},{"full_name":"EL GRANERO INTEGRAL Bio Plus kale en polvo ecológico fuente de proteínas y antioxidantes bolsa 200 g","name":"Bio Plus kale en polvo ecológico fuente de proteínas y antioxidantes bolsa 200 g","brand":"EL GRANERO INTEGRAL ","img":"https://sgfm.elcorteingles.es/SGFM/dctm/MEDIA03/201602/18/00120748703939____1__600x600.jpg","price":"19,00 €","categories":["Supermercado","Dietéticos","Complementos nutricionales","Superalimentos","EL GRANERO INTEGRAL Bio Plus kale en polvo ecológico fuente de proteínas y antioxidantes bolsa 200 g"],"general_information":[],"ingredients":[],"ean":"8422584041057"},{"full_name":"EL GRANERO INTEGRAL Bio Plus AOX rosa mosqueta acerola y maqui en polvo ecológico antioxidante bolsa 150 g","name":"Bio Plus AOX rosa mosqueta acerola y maqui en polvo ecológico antioxidante bolsa 150 g","brand":"EL GRANERO INTEGRAL ","img":"https://sgfm.elcorteingles.es/SGFM/dctm/MEDIA03/201602/18/00120748703954____1__600x600.jpg","price":"22,99 €","categories":["Supermercado","Dietéticos","Complementos nutricionales","Superalimentos","EL GRANERO INTEGRAL Bio Plus AOX rosa mosqueta acerola y maqui en polvo ecológico antioxidante bolsa 150 g"],"general_information":[],"ingredients":[],"ean":"8422584041095"},{"full_name":"EL GRANERO INTEGRAL Bio Plus BEL Belleza con lúcuma, rosa mosqueta y moringa en polvo ecológico bolsa 200 g","name":"Bio Plus BEL Belleza con lúcuma, rosa mosqueta y moringa en polvo ecológico bolsa 200 g","brand":"EL GRANERO INTEGRAL ","img":"https://sgfm.elcorteingles.es/SGFM/dctm/MEDIA03/201602/18/00120748703962____1__600x600.jpg","price":"18,05 €","categories":["Supermercado","Dietéticos","Complementos nutricionales","Superalimentos","EL GRANERO INTEGRAL Bio Plus BEL Belleza con lúcuma, rosa mosqueta y moringa en polvo ecológico bolsa 200 g"],"general_information":[],"ingredients":[],"ean":"8422584041101"},{"full_name":"EL GRANERO INTEGRAL Bio Plus DTOX chlorella y espirulina en polvo ecológico elimina toxinas bolsa 200 g","name":"Bio Plus DTOX chlorella y espirulina en polvo ecológico elimina toxinas bolsa 200 g","brand":"EL GRANERO INTEGRAL ","img":"https://sgfm.elcorteingles.es/SGFM/dctm/MEDIA03/201602/18/00120748703947____1__600x600.jpg","price":"18,05 €","categories":["Supermercado","Dietéticos","Complementos nutricionales","Superalimentos","EL GRANERO INTEGRAL Bio Plus DTOX chlorella y espirulina en polvo ecológico elimina toxinas bolsa 200 g"],"general_information":[],"ingredients":[],"ean":"8422584041088"},{"full_name":"BIOTONA Kale polvo de col rizada rico en fitonutrientes 100% ecológico envase 120 g","name":"Kale polvo de col rizada rico en fitonutrientes 100% ecológico envase 120 g","brand":"BIOTONA ","img":"https://sgfm.elcorteingles.es/SGFM/dctm/MEDIA03/201603/18/00120719100016____1__600x600.jpg","price":"14,00 €","categories":["Supermercado","Dietéticos","Complementos nutricionales","Superalimentos","BIOTONA Kale polvo de col rizada rico en fitonutrientes 100% ecológico envase 120 g"],"general_information":[],"ingredients":[],"ean":"5412360010806"},{"full_name":"BIOTONA algas Chlorella y Spirulina en polvo fuente de proteínas y aminoácidos 100% ecológico envase 200 g","name":"algas Chlorella y Spirulina en polvo fuente de proteínas y aminoácidos 100% ecológico envase 200 g","brand":"BIOTONA ","img":"https://sgfm.elcorteingles.es/SGFM/dctm/MEDIA02/CONTENIDOS/201503/24/00200348703448____1__600x600.jpg","price":"16,95 €","price_unit":"(8,48 € / 100 gr.)","categories":["Supermercado","Dietéticos","Complementos nutricionales","Superalimentos","BIOTONA algas Chlorella y Spirulina en polvo fuente de proteínas y aminoácidos 100% ecológico envase 200 g"],"general_information":["Denominación del alimento: Biotona Bio Chorella + Spirulina Raw","País de origen: Bélgica","Nombre del operador: Keypharm n.v.","Dirección del operador: Siemenslaan, 11. B-8020. Oostkamp.","Cantidad Neta: 200 g","Otras menciones obligatorias en la etiqueta: No contiene gluten. No contiene colesterol. Sin aditivos, ni colorantes, ni conservantes, ni aromas, ni agentes de carga, ni OMG. Exentos de ingredientes de origen animal. /Otras prop. Saludables: Rico en antioxidantes como betacaroteno, S.O.D., ficocianina, zeaxantina y clorofila, sustancias que contrib. a la proteccio´n de las ce´lulas y a la prevencio´n del ca´ncer?Vitamina B12, esencial para el crecimiento y las funciones neurolo´gicas?Ácido fo´lico y vit. B9, vitamina esencial en el embarazo y necesaria para la formacio´n de glo´bulos rojos y que disminuye el riesgo de enferm. cardíacas?Ác. gamma linole´nico (CLA) que ayuda a prevenir los ACV y a eliminar la retencio´n de agua.?Mejora la circulacio´n y disminuye la prod. de colesterol?Clorofila que apoya la prod. de glo´bulos rojos y purifica la sangre?Apoya el tonus y la vitalidad, y estimula el sist. inmunitario?Conviene a los deportistas, nin~os en periodo de crecimiento o para recuperarse de una enfermedad o de una operacio´n"],"ingredients":[" Polvo de chlorella (chlorella pyrenoidosa), polvo de spirulina (spirulina platensis/maxima)"],"conservation":" Conservar en lugar fresco y seco. No sacar el producto del envase.","ean":"5412360007462"},{"full_name":"BIOTONA hojas de moringa en polvo rica en proteínas y fitonutrientes 100% ecológico envase 200 g","name":"hojas de moringa en polvo rica en proteínas y fitonutrientes 100% ecológico envase 200 g","brand":"BIOTONA ","img":"https://sgfm.elcorteingles.es/SGFM/dctm/MEDIA03/201603/18/00120719100024____1__600x600.jpg","price":"24,00 €","price_unit":"(12 € / 100 gr.)","categories":["Supermercado","Dietéticos","Complementos nutricionales","Superalimentos","BIOTONA hojas de moringa en polvo rica en proteínas y fitonutrientes 100% ecológico envase 200 g"],"general_information":[],"ingredients":[],"ean":"5412360009558"},{"full_name":"BIOTONA Superfruits cóctel de bayas en polvo antioxidante ecológico envase 200 g","name":"Superfruits cóctel de bayas en polvo antioxidante ecológico envase 200 g","brand":"BIOTONA ","img":"https://sgfm.elcorteingles.es/SGFM/dctm/MEDIA02/CONTENIDOS/201503/24/00200348703430____1__600x600.jpg","price":"39,25 €","price_unit":"(19,62 € / 100 gr.)","categories":["Supermercado","Dietéticos","Complementos nutricionales","Superalimentos","BIOTONA Superfruits cóctel de bayas en polvo antioxidante ecológico envase 200 g"],"general_information":["Denominación del alimento: Biotona Bio Superfruits Raw","País de origen: Bélgica","Nombre del operador: Keypharm n.v.","Dirección del operador: Siemenslaan, 11. B-8020. Oostkamp.","Cantidad Neta: 200 g","Otras menciones obligatorias en la etiqueta: No contiene gluten. No contiene colesterol. Sin aditivos, ni colorantes, ni conservantes, ni aromas, ni agentes de carga, ni OMG. Exentos de ingredientes de origen animal. // Otras prop. Saludables: Juega un papel en la prevencio´n del ca´ncer y de las enfermedades inflamatorias (propiedades antioxidantes) ? Apoya la resistencia"],"ingredients":[" Polvo de mirtilos, goji, frambuesa, mora silvestre, maqui, açaí, fresa, grosella, saúco, acerola, aronia, granada, grosella negra, morera negra, camu camu, arándo rojo."],"conservation":" Conservar en lugar fresco y seco. No sacar el producto del envase.","ean":"5412360007523"},{"full_name":"BIOTONA Skin mezcla de plantas en polvo para la salud de la piel 100% ecológico envase 200 g","name":"Skin mezcla de plantas en polvo para la salud de la piel 100% ecológico envase 200 g","brand":"BIOTONA ","img":"https://sgfm.elcorteingles.es/SGFM/dctm/MEDIA03/201603/18/00120719100032____1__600x600.jpg","price":"36,00 €","price_unit":"(18 € / 100 gr.)","categories":["Supermercado","Dietéticos","Complementos nutricionales","Superalimentos","BIOTONA Skin mezcla de plantas en polvo para la salud de la piel 100% ecológico envase 200 g"],"general_information":[],"ingredients":[],"ean":"5412360011049"},{"full_name":"CORACAI pulpa de acaí con guarana ecológico congelado 4x100 g envase 400 g","name":"pulpa de acaí con guarana ecológico congelado 4x100 g envase 400 g","brand":"CORACAI ","img":"https://sgfm.elcorteingles.es/SGFM/dctm/MEDIA03/201707/17/00120770301420____1__600x600.jpg","price":"5,50 €","price_unit":"(13,75 € / Kilo)","categories":["Supermercado","Dietéticos","Complementos nutricionales","Superalimentos","CORACAI pulpa de acaí con guarana ecológico congelado 4x100 g envase 400 g"],"general_information":["Denominación del alimento: PULPA ACAI+GUARANA BIO - 4x100GR","Nombre del operador: Coraçaí Alliance, S.L.","Dirección del operador: C/ Fragas do Eume No8 6 , 15190, A Corun~a","Lugar de procedencia del alimento: BR-BIO122 / NON-EU Agriculture","Cantidad Neta: 400 g","Número de raciones por envase: 4"],"ingredients":[" Açaí*, Azúcar*, Agua, Extracto de guarana*, acido citrico"],"conservation":" Consérvese a temperatura inferior a -18°C.","ean":"8438001508720"},{"full_name":"CORACAI pulpa pura de acaí 100% natural ecológico congelado 4x100 g envase 400 g","name":"pulpa pura de acaí 100% natural ecológico congelado 4x100 g envase 400 g","brand":"CORACAI ","img":"https://sgfm.elcorteingles.es/SGFM/dctm/MEDIA03/201707/17/00120770301412____1__600x600.jpg","price":"5,95 €","price_unit":"(14,88 € / Kilo)","categories":["Supermercado","Dietéticos","Complementos nutricionales","Superalimentos","CORACAI pulpa pura de acaí 100% natural ecológico congelado 4x100 g envase 400 g"],"general_information":["Denominación del alimento: PULPA PURA ACAI PREMIUM BIO - 4x100gr","Nombre del operador: Coraçaí Alliance, S.L.","Dirección del operador: C/ Fragas do Eume No8 6 , 15190, A Corun~a","Lugar de procedencia del alimento: BR-BIO122 / NON-EU Agriculture","Cantidad Neta: 400 g","Número de raciones por envase: 4"],"ingredients":[" Açaí* , Agua , acido citrico"],"conservation":" Consérvese a temperatura inferior a -18°C.","ean":"8438001508713"},{"full_name":"CORPORE DIET SUPERFOODS Antiox energía celular ecológico con camu camu, canela, cacao, algarroba y azúcar de coco bote 125 g ecológico","name":"Antiox energía celular ecológico con camu camu, canela, cacao, algarroba y azúcar de coco bote 125 g","brand":"CORPORE DIET SUPERFOODS ","img":"https://sgfm.elcorteingles.es/SGFM/dctm/MEDIA03/201706/26/00200319100111____1__600x600.jpg","price":"16,50 €","price_unit":"(132 € / Kilo)","categories":["Supermercado","Dietéticos","Complementos nutricionales","Superalimentos","CORPORE DIET SUPERFOODS Antiox energía celular ecológico con camu camu, canela, cacao, algarroba y azúcar de coco bote 125 g ecológico"],"general_information":["Denominación del alimento: ANTIOX","Nombre del operador: WorldNut Nutricosmética Natural S.L.U.","Dirección del operador: C/ Grècia nº 3 (Pol. Ind. Recinte Firal), 17600  Figueres, Girona.","Cantidad Neta: 125 g","Número de raciones por envase: 25","Otras menciones obligatorias en la etiqueta: Los complementos alimenticios no deben utilizarse como sustitutos de una dieta variada y equilibrada ni de un modo de vida sano. No superar la dosis diaria expresamente recomendada. Conservar en un lugar fresco y seco, protegido de la luz solar. Mantener fuera del alcance de los niños. En caso de embarazo consulte con su médico antes de iniciar la toma del producto."],"ingredients":[" Polvo de Camu Camu Ecológico (Myrciaria dubia), Canela en polvo Ecológica (Cinnamomum zeylanicum), harina de Algarroba Ecológica (Cerotonia Siliqua), polvo de Cacao Ecológico (Theobroma cacao L.), Azúcar de Coco (Cocos Nucifera)."],"conservation":" Conservar en un lugar fresco y seco, protegido de la luz solar.","ean":"8437012193871"},{"full_name":"CORPORE DIET SUPERFOODS Detox drenante y depurativo con lúcuma, cardo mariano, hierba de trigo y Chlorella bote 125 g ecológico","name":"Detox drenante y depurativo con lúcuma, cardo mariano, hierba de trigo y Chlorella bote 125 g","brand":"CORPORE DIET SUPERFOODS ","img":"https://sgfm.elcorteingles.es/SGFM/dctm/MEDIA03/201706/26/00200319100137____1__600x600.jpg","price":"16,50 €","price_unit":"(132 € / Kilo)","categories":["Supermercado","Dietéticos","Complementos nutricionales","Superalimentos","CORPORE DIET SUPERFOODS Detox drenante y depurativo con lúcuma, cardo mariano, hierba de trigo y Chlorella bote 125 g ecológico"],"general_information":["Denominación del alimento: DETOX","Nombre del operador: WorldNut Nutricosmética Natural S.L.U.","Dirección del operador: C/ Grècia nº 3 (Pol. Ind. Recinte Firal), 17600  Figueres, Girona.","Cantidad Neta: 125 g","Número de raciones por envase: 25","Otras menciones obligatorias en la etiqueta: Los complementos alimenticios no deben utilizarse como sustitutos de una dieta variada y equilibrada ni de un modo de vida sano. No superar la dosis diaria expresamente recomendada. Conservar en un lugar fresco y seco, protegido de la luz solar. Mantener fuera del alcance de los niños. En caso de embarazo consulte con su médico antes de iniciar la toma del producto."],"ingredients":[" Polvo de Chlorella Ecológica con pared celular rota (Chlorella vulgaris pyrenoidosa), polvo de semilla de Cardo Mariano Ecológico (Silybum marianum L.), polvo de Hierba de Trigo Ecológica (Triticum aestivum L.) y harina de Lúcuma Ecológica (Pouteria Lucuma)."],"conservation":" Conservar en un lugar fresco y seco, protegido de la luz solar.","ean":"8437012193857"},{"full_name":"CORPORE DIET SUPERFOODS Saciante Fuente de fibra natural dietaria con chía, algarroba, lino, cacao bote 00125 g y azúcar de coco, ecológico","name":"Saciante Fuente de fibra natural dietaria con chía, algarroba, lino, cacao bote 00125 g","brand":"CORPORE DIET SUPERFOODS ","img":"https://sgfm.elcorteingles.es/SGFM/dctm/MEDIA03/201706/26/00200319100103____1__600x600.jpg","price":"15,50 €","price_unit":"(124 € / Kilo)","categories":["Supermercado","Dietéticos","Complementos nutricionales","Superalimentos","CORPORE DIET SUPERFOODS Saciante Fuente de fibra natural dietaria con chía, algarroba, lino, cacao bote 00125 g y azúcar de coco, ecológico"],"general_information":["Denominación del alimento: SACIANTE","Nombre del operador: WorldNut Nutricosmética Natural S.L.U.","Dirección del operador: C/ Grècia nº 3 (Pol. Ind. Recinte Firal), 17600  Figueres, Girona.","Cantidad Neta: 125 g","Número de raciones por envase: 25","Otras menciones obligatorias en la etiqueta: Los complementos alimenticios no deben utilizarse como sustitutos de una dieta variada y equilibrada ni de un modo de vida sano. No superar la dosis diaria expresamente recomendada. Conservar en un lugar fresco y seco, protegido de la luz solar. Mantener fuera del alcance de los niños. En caso de embarazo consulte con su médico antes de iniciar la toma del producto."],"ingredients":[" Lino en polvo Ecológico (Linum usitatissimum), harina de Algarroba Ecológica (Cerotonia Siliqua), harina de Cacao Ecológico (Theobroma cacao L.), harina de Chía Ecológica (Salvia Hispánica), Azúcar de Coco Ecológico (Cocos Nucifera)."],"conservation":" Conservar en un lugar fresco y seco, protegido de la luz solar.","ean":"8437012193840"},{"full_name":"CORPORE DIET SUPERFOODS Energy proteína de arroz integral, guisante y calabaza energía y vitalidad ecológico bote 125 g","name":"Energy proteína de arroz integral, guisante y calabaza energía y vitalidad ecológico bote 125 g","brand":"CORPORE DIET SUPERFOODS ","img":"https://sgfm.elcorteingles.es/SGFM/dctm/MEDIA03/201706/26/00200319100129____1__600x600.jpg","price":"16,50 €","price_unit":"(132 € / Kilo)","categories":["Supermercado","Dietéticos","Complementos nutricionales","Superalimentos","CORPORE DIET SUPERFOODS Energy proteína de arroz integral, guisante y calabaza energía y vitalidad ecológico bote 125 g"],"general_information":["Denominación del alimento: ENERGY","Nombre del operador: WorldNut Nutricosmética Natural S.L.U.","Dirección del operador: C/ Grècia nº 3 (Pol. Ind. Recinte Firal), 17600  Figueres, Girona.","Cantidad Neta: 125 g","Número de raciones por envase: 25","Otras menciones obligatorias en la etiqueta: Los complementos alimenticios no deben utilizarse como sustitutos de una dieta variada y equilibrada ni de un modo de vida sano. No superar la dosis diaria expresamente recomendada. Conservar en un lugar fresco y seco, protegido de la luz solar. Mantener fuera del alcance de los niños. En caso de embarazo consulte con su médico antes de iniciar la toma del producto."],"ingredients":[" Extracto de proteína de Arroz integral germinado Ecológico (Oryza sativa), Extracto de proteína de Guisante Ecológico (Pisum sativum), Extracto de proteína de semillas de Calabaza Ecológica (Cucurbita moschata)."],"conservation":" Conservar en un lugar fresco y seco, protegido de la luz solar.","ean":"8437012193864"},{"full_name":"SANTIVERI Vigor Lino Gold semillas de lino dorado envase 250 g","name":"Vigor Lino Gold semillas de lino dorado envase 250 g","brand":"SANTIVERI ","img":"https://sgfm.elcorteingles.es/SGFM/00/09/1/0120702900091/0120702900091000g01011.jpg","price":"3,19 €","price_unit":"(12,76 € / Kilo)","categories":["Supermercado","Dietéticos","Complementos nutricionales","Superalimentos","SANTIVERI Vigor Lino Gold semillas de lino dorado envase 250 g"],"general_information":["Denominación del alimento: SEMILLAS DE LINO DORADO","Nombre del operador: CASA SANTIVERI S.L.","Dirección del operador: ENCUNY 8, 08038 BARCELONA","Cantidad Neta: 250 g"],"ingredients":[" semillas de lino dorado"],"ean":"8412170007048"},{"full_name":"SANTIVERI Bio Erba Urol extrato natural mixtract U28 ayuda a las vías urinarias ecológico envase 50 cc","name":"Bio Erba Urol extrato natural mixtract U28 ayuda a las vías urinarias ecológico envase 50 cc","brand":"SANTIVERI ","img":"https://sgfm.elcorteingles.es/SGFM/dctm/MEDIA02/CONTENIDOS/201411/06/00200339300915____1__600x600.jpg","price":"9,61 €","price_unit":"(19,22 € / 100 gr.)","categories":["Supermercado","Dietéticos","Complementos nutricionales","Superalimentos","SANTIVERI Bio Erba Urol extrato natural mixtract U28 ayuda a las vías urinarias ecológico envase 50 cc"],"general_information":[],"ingredients":[],"ean":"8412170032637"},{"full_name":"SANTIVERI Bio Erba Gluco extracto natural mixtract G4 alimentación diabéticos ecológico envase 50 cl","name":"Bio Erba Gluco extracto natural mixtract G4 alimentación diabéticos ecológico envase 50 cl","brand":"SANTIVERI ","img":"https://sgfm.elcorteingles.es/SGFM/dctm/MEDIA02/CONTENIDOS/201411/06/00120739302071____1__600x600.jpg","price":"9,61 €","price_unit":"(192,20 € / Litro)","categories":["Supermercado","Dietéticos","Complementos nutricionales","Superalimentos","SANTIVERI Bio Erba Gluco extracto natural mixtract G4 alimentación diabéticos ecológico envase 50 cl"],"general_information":[],"ingredients":[],"ean":"8412170032750"},{"full_name":"DRASANVI alga spirulina ecológica bolsa 150 g","name":"alga spirulina ecológica bolsa 150 g","brand":"DRASANVI ","img":"https://sgfm.elcorteingles.es/SGFM/dctm/MEDIA03/201707/05/00120719100149____1__600x600.jpg","price":"8,85 €","categories":["Supermercado","Dietéticos","Complementos nutricionales","Superalimentos","DRASANVI alga spirulina ecológica bolsa 150 g"],"general_information":[],"ingredients":[],"ean":"8436044516115"},{"full_name":"SPECIAL LINE Multivitaminas sabor naranja 20 comprimidos efervescentes envase 90 g","name":"Multivitaminas sabor naranja 20 comprimidos efervescentes envase 90 g","brand":"SPECIAL LINE ","img":"https://sgfm.elcorteingles.es/SGFM/dctm/MEDIA03/201709/08/00120740601198____6__600x600.jpg","price":"3,10 €","price_unit":"(3,44 € / 100 gr.)","categories":["Supermercado","Dietéticos","Complementos nutricionales","Vitaminas","SPECIAL LINE Multivitaminas sabor naranja 20 comprimidos efervescentes envase 90 g"],"general_information":["Denominación del alimento: Complemento alimenticio con 10 vitaminas, con azúcar y edulcorantes.","Nombre del operador: Elaborado para el Grupo El Corte Inglés\nHermosilla, 112 ? 28009 Madrid\nEspaña por NIF: N0013670E","Cantidad Neta: 90 g"],"ingredients":[" Ingredientes: Acidulante (ácido cítrico), corrector de acidez (carbonato ácido de sodio),  fructosa, vitaminas (vitamina C, niacina, vitamina E, ácido pantoténico, vitamina B6, riboflavina, tiamina, ácido fólico, biotina, vitamina B12), edulcorantes (ciclamato sódico, sacarina sódica), aromas, almidón, zumo de remolacha en polvo (maltodextrina, zumo concentrado de remolacha, acidulante: ácido cítrico)."],"conservation":" Conservar en lugar fresco y seco.  Cerrar el tubo después de usar.","ean":"8433329031172"},{"full_name":"SPECIAL LINE Calcio sabor limón 20 comprimidos efervescentes envase 90 g","name":"Calcio sabor limón 20 comprimidos efervescentes envase 90 g","brand":"SPECIAL LINE ","img":"https://sgfm.elcorteingles.es/SGFM/01/20/6/0120740601206/0120740601206000g01011.jpg","price":"3,10 €","price_unit":"(3,44 € / 100 gr.)","categories":["Supermercado","Dietéticos","Complementos nutricionales","Vitaminas","SPECIAL LINE Calcio sabor limón 20 comprimidos efervescentes envase 90 g"],"general_information":["Denominación del alimento: Complemento alimenticio con calcio, con edulcorantes.","Nombre del operador: Elaborado para el Grupo El Corte Inglés\nHermosilla, 112 ? 28009 Madrid\nEspaña por NIF: N0013670E","Cantidad Neta: 90 g"],"ingredients":[" Ingredientes: Acidulantes (ácido cítrico, ácido málico), carbonato de calcio, corrector de acidez (carbonato ácido de sodio), edulcorantes (ciclamato sódico, sacarina sódica), almidón, aroma, colorante (riboflavina-5?-fosfato)."],"conservation":" Conservar en lugar fresco y seco.  Cerrar el tubo después de usar.","ean":"8433329031189"},{"full_name":"SPECIAL LINE Magnesio sabor limón 20 comprimidos efervescentes envase 80 g","name":"Magnesio sabor limón 20 comprimidos efervescentes envase 80 g","brand":"SPECIAL LINE ","img":"https://sgfm.elcorteingles.es/SGFM/01/21/4/0120740601214/0120740601214000g01011.jpg","price":"3,10 €","price_unit":"(3,88 € / 100 gr.)","categories":["Supermercado","Dietéticos","Complementos nutricionales","Vitaminas","SPECIAL LINE Magnesio sabor limón 20 comprimidos efervescentes envase 80 g"],"general_information":["Denominación del alimento: Complemento alimenticio con magnesio, con edulcorantes.","Nombre del operador: Elaborado para el Grupo El Corte Inglés\nHermosilla, 112 ? 28009 Madrid\nEspaña por NIF: N0013670E","Cantidad Neta: 80 g"],"ingredients":[" Ingredientes: Acidulantes (ácido cítrico, ácido málico), corrector de acidez (carbonato ácido de sodio), carbonato de magnesio, edulcorantes (ciclamato sódico, sacarina sódica), almidón, aroma, colorante (riboflavina-5?-fosfato)."],"conservation":" Conservar en lugar fresco y seco.  Cerrar el tubo después de usar.","ean":"8433329031196"},{"full_name":"SPECIAL LINE Vitamina C sabor limón 20 comprimidos efervescentes envase 84 g","name":"Vitamina C sabor limón 20 comprimidos efervescentes envase 84 g","brand":"SPECIAL LINE ","img":"https://sgfm.elcorteingles.es/SGFM/dctm/MEDIA03/201709/08/00120740601180____6__600x600.jpg","price":"3,10 €","price_unit":"(3,69 € / 100 gr.)","categories":["Supermercado","Dietéticos","Complementos nutricionales","Vitaminas","SPECIAL LINE Vitamina C sabor limón 20 comprimidos efervescentes envase 84 g"],"general_information":["Denominación del alimento: Complemento alimenticio con vitamina C, con edulcorantes.","Nombre del operador: Elaborado para el Grupo El Corte Inglés\nHermosilla, 112 ? 28009 Madrid\nEspaña por NIF: N0013670E","Cantidad Neta: 84 g"],"ingredients":[" Ingredientes: Acidulante (ácido cítrico), corrector de acidez (carbonato ácido de sodio), edulcorante (sorbitol), vitamina C, almidón, edulcorantes (ciclamato de sodio y sacarina de sodio), aroma, colorante (riboflavina-5?-fosfato)."],"conservation":" Conservar en lugar fresco y seco.  Cerrar el tubo después de usar.","ean":"8433329031165"},{"full_name":"SANTIVERI Bio vitaminas B Complex para el rendimiento mental y físico frasco 60 cápsulas","name":"Bio vitaminas B Complex para el rendimiento mental y físico frasco 60 cápsulas","brand":"SANTIVERI ","img":"https://sgfm.elcorteingles.es/SGFM/dctm/MEDIA03/201709/27/00120740601347____1__600x600.jpg","price":"24,90 €","price_unit":"(1.037,50 € / Kilo)","categories":["Supermercado","Dietéticos","Complementos nutricionales","Vitaminas","SANTIVERI Bio vitaminas B Complex para el rendimiento mental y físico frasco 60 cápsulas"],"general_information":[],"ingredients":[],"ean":"8412170037571"},{"full_name":"SANTIVERI Bio Ella Complex vitaminas y minerales para la mujer frasco 60 cápsulas","name":"Bio Ella Complex vitaminas y minerales para la mujer frasco 60 cápsulas","brand":"SANTIVERI ","img":"https://sgfm.elcorteingles.es/SGFM/dctm/MEDIA03/201709/27/00120740601362____1__600x600.jpg","price":"24,90 €","price_unit":"(1.037,50 € / Kilo)","categories":["Supermercado","Dietéticos","Complementos nutricionales","Vitaminas","SANTIVERI Bio Ella Complex vitaminas y minerales para la mujer frasco 60 cápsulas"],"general_information":[],"ingredients":[],"ean":"8412170037540"},{"full_name":"SANTIVERI Bio Él Complex vitaminas y minerales para el hombre frasco 60 cápsulas","name":"Bio Él Complex vitaminas y minerales para el hombre frasco 60 cápsulas","brand":"SANTIVERI ","img":"https://sgfm.elcorteingles.es/SGFM/dctm/MEDIA03/201709/27/00120740601354____1__600x600.jpg","price":"24,90 €","price_unit":"(1.037,50 € / Kilo)","categories":["Supermercado","Dietéticos","Complementos nutricionales","Vitaminas","SANTIVERI Bio Él Complex vitaminas y minerales para el hombre frasco 60 cápsulas"],"general_information":[],"ingredients":[],"ean":"8412170037557"},{"full_name":"WEIDER UP Multi gominolas para adultos con vitaminas y minerales sabor naranja limón 80 unidades bote 200 g","name":"UP Multi gominolas para adultos con vitaminas y minerales sabor naranja limón 80 unidades bote 200 g","brand":"WEIDER ","img":"https://sgfm.elcorteingles.es/SGFM/dctm/MEDIA03/201606/01/00120737407070____1__600x600.jpg","price":"8,75 €","price_unit":"(4,38 € / 100 gr.)","categories":["Supermercado","Dietéticos","Complementos nutricionales","Vitaminas","WEIDER UP Multi gominolas para adultos con vitaminas y minerales sabor naranja limón 80 unidades bote 200 g"],"general_information":["Denominación del alimento: Complemento alimenticio.","Nombre del operador: Weider Nutrition, S.L.","Dirección del operador: C/ Electrónica, 39/41 - 28923 Alcorcón (Madrid)","Cantidad Neta: 200 g"],"ingredients":[" Complemento alimenticio en forma de gominolas a base de vitaminas y minerales, edulcorantes, malitol, sorbitol, agua, gelificantes:gelatina, mix de vitaminas y minerales(vit A, vit D, B6, B12, ácido Fólico, , B5, ácido pteroilmonoglutámico, biotina,  gluconato de zinc, selenito sódico, yoduro potásico,acidulante. ácido cítrico, aceite de palma, , agente de recubrimiento: cera carnauba, cera de abeja, aroma, colorantes naturales, ácido acrmínico, curcumina."],"conservation":" Conservar en lugar fresco, seco y oscuro.","ean":"8414192309827"},{"full_name":"WEIDER UP Vitamina C gominolas para adultos sabor naranja sin gluten sin azúcar añadido 84 unidad bote 180 g","name":"UP Vitamina C gominolas para adultos sabor naranja sin gluten sin azúcar añadido 84 unidad bote 180 g","brand":"WEIDER ","img":"https://sgfm.elcorteingles.es/SGFM/dctm/MEDIA03/201606/01/00120737407088____1__600x600.jpg","price":"8,75 €","categories":["Supermercado","Dietéticos","Complementos nutricionales","Vitaminas","WEIDER UP Vitamina C gominolas para adultos sabor naranja sin gluten sin azúcar añadido 84 unidad bote 180 g"],"general_information":["Denominación del alimento: Complemento alimenticio.","Nombre del operador: Weider Nutrition, S.L.","Dirección del operador: C/ Electrónica, 39/41 - 28923 Alcorcón (Madrid)","Cantidad Neta: 210 g"],"ingredients":[" complemento alimenticio en forma de gominolas con vitamina C, sabor naranja. Edulcorantes, malitol, sorbitol, gelatina, ácido L-ascórbico microencapsulado, aceite de palma completamente hidrogenado, agua, acidulante: ácido cítrico, aceite de coco, aroma de naranja,  agentes de recubimiento: cera de abeja, cera carnauba,colorantes:carmines."],"conservation":" Conservar en lugar fresco, seco y oscuro.","ean":"8414192309841"},{"full_name":"NATURTIERRA complejo multivitamínico con vitaminas tipo B y minerales 60 cápsulas envase 240 g","name":"complejo multivitamínico con vitaminas tipo B y minerales 60 cápsulas envase 240 g","brand":"NATURTIERRA ","img":"https://sgfm.elcorteingles.es/SGFM/dctm/MEDIA02/CONTENIDOS/201407/21/00120740601305____1__600x600.jpg","price":"4,22 €","price_unit":"(1,76 € / 100 gr.)","categories":["Supermercado","Dietéticos","Complementos nutricionales","Vitaminas","NATURTIERRA complejo multivitamínico con vitaminas tipo B y minerales 60 cápsulas envase 240 g"],"general_information":["Denominación del alimento: Complemento alimenticio elaborado a base de vitaminas y minerales","Nombre del operador: Ynsadiet S.A.","Dirección del operador: Isaac Peral, 3 ? Pol. Ind. Ntra. Sra. de Butarque. 28914 Leganés (Madrid).","Cantidad Neta: 32.7 g","Otras menciones obligatorias en la etiqueta: Las Vitaminas B2, B3, B5, B6 y B12 junto con el Hierro contribuyen al metabolismo energético normal y ayudan a disminuir el cansancio y la fatiga. Bueno para tu bienestar."],"ingredients":[" Antiaglomerantes (Maltodextrina, Almidón de Maíz, Celulosa, Estearato magnésico y Silicato de magnesio), Vitamina C o Ac. Ascórbico (60 mg), Gluconato de hierro (41,66 mg, eq a 5 mg de Hierro), Gluconato de zinc (37 mg, eq. a 4,8 mg de Zinc), DL Alfa Tocoferol (Vitamina E) (29,80 mg eq. a 10 mg de Vit. E o Tocoferol), Nicotinamida (Vitamina B3) (18 mg), Vitamina A Palmitato (Vitamina A) (10,66 mg eq. a  800 mcg de Retinol o Vitamina A), D-Pantotenato Cálcico (Vitamina B5) (6,53 mg, eq. a 6 mg de Ácido Pantoténico ó Vit. B5), Clorhidrato de piridoxina (Vitamina B6) (2,44 mg, eq. a 2 mg de Piridoxina o Vit. B6), Colecalciferol (Vitamina D) (1,98 mg, eq. a 5 mcg de Vit.D), Clorhidrato de tiamina (Vitamina B1) (1,78 mg, eq. a 1,4 mg de Tiamina o Vit.B1), Riboflavina (Vitamina B2) (1,6 mg), Ioduro Potásico (200 mcg, eq. a 150 mcg de Yodo), Acido fólico (200 mcg),  Cianocobalamina (Vitamina B12) (1 mcg)"],"conservation":" Ambiente seco y fresco.","ean":"8412016361938"},{"full_name":"INTEGRALIA Vitaminas Plus multivitaminas estuche 30 cápsulas","name":"Vitaminas Plus multivitaminas estuche 30 cápsulas","brand":"INTEGRALIA ","img":"https://sgfm.elcorteingles.es/SGFM/dctm/MEDIA03/201603/21/00120740601339____1__600x600.jpg","price":"7,05 €","categories":["Supermercado","Dietéticos","Complementos nutricionales","Vitaminas","INTEGRALIA Vitaminas Plus multivitaminas estuche 30 cápsulas"],"general_information":["Denominación del alimento: Complemento alimenticio","Nombre del operador: General Dietetica S.L.","Dirección del operador: C/ Encuny, 2 08038 Barcelona (España).","Cantidad Neta: 16.5 g","Otras menciones obligatorias en la etiqueta: No superar la dosis recomendada. Los complementos alimenticios no sustituyen una dieta variada, equilibrada y un estilo de vida saludable. Mantener fuera del alcance de los niños más pequeños."],"ingredients":[" Agente de carga (Celulosa), cubierta (Gelatina), óxido de magnesio, vitamina C (Ácido L-ascórbico), fumarato de hierro, sulfato de Zinc, vitamina E (DL-alfa-tocoferol acetato), vitamina B3 (Niacina), antiaglomerantes (magnesio estearato, dióxido de silicio), gluconato de cobre, vitamina B5 (D-pantotenato de calcio), gluconato de cobre, vitamina B5 (D-pantotenato de calcio), sulfato de manganeso, vitamina A (Retinol acetato), vitamina B2 (Riboflavina), vitamina B6 (Cloridrato de Piridoxina), vitamina B1 (Cloridrato deTiamina), vitamina D3 (Cole calciferol), vitamina B12 (Cianocobalamina), picolinato de cromo, ácido fólico (ácido pteroilmonoglutámico) y vitamina H (Biotina)"],"conservation":" Conservar en lugar fresco, seco y al amparo de la luz.","ean":"8436000543582"},{"full_name":"EQUILIBRA magnesio 30 comprimidos envase 39 g","name":"magnesio 30 comprimidos envase 39 g","brand":"EQUILIBRA ","img":"https://sgfm.elcorteingles.es/SGFM//02/61/8/0120748702618/0120748702618000g01011.jpg","price":"5,56 €","price_unit":"(14,26 € / 100 gr.)","categories":["Supermercado","Dietéticos","Complementos nutricionales","Vitaminas","EQUILIBRA magnesio 30 comprimidos envase 39 g"],"general_information":["Denominación del alimento: Magnesio","País de origen: Italia","Nombre del operador: Ofistrade S.A.","Dirección del operador: C/Buenos Aires 38-40, entlo. C - 08036 Barcelona","Lugar de procedencia del alimento: Italia","Cantidad Neta: 39,0 g"],"ingredients":[" Óxido de magnesio; agente de carga: celulosa microcristalina; citrato de magnesio; lactato de magnesio; antiaglomerantes: dióxido de silicio, estearato de magnesio; vitamina B5 (pantotenato de calcio); vitamina B6 (clorhidrato de piridoxina) y vitamina B1 (clorhidrato detiamina)."],"conservation":" Consérvese en lugar fresco y seco.","ean":"8000137700974"}]