[{"full_name":"EL CORTE INGLES salchichas Bockwurst 8 unidades frasco 720 g neto escurrido","name":"salchichas Bockwurst 8 unidades frasco 720 g neto escurrido","brand":"EL CORTE INGLES ","img":"https://sgfm.elcorteingles.es/SGFM/dctm/MEDIA03/201711/03/00118002500173____7__600x600.jpg","price":"7,95 €","price_unit":"(11,04 € / Kilo)","categories":["Supermercado","Alimentación General","Conservas de carne","Salchichas en conserva","EL CORTE INGLES salchichas Bockwurst 8 unidades frasco 720 g neto escurrido"],"general_information":["Denominación del alimento: SALCHICHAS BOCKWURST COCIDAS Y AHUMADAS","Nombre del operador: Distribuido para El Corte Inglés por Casa Westfalia S.A.U., Pol. Industrial V-2, 17111 Vulpellac GIRONA España","Lugar de procedencia del alimento: Producto de Alemania","Cantidad Neta: 1030 g","Peso neto escurrido: 720 g","Número de raciones por envase: 8"],"ingredients":[" Ingredientes: Carne de cerdo (75%), agua, sal yodada (sal, yodato de potasio), azúcar, especias, extracto de especias, estabilizante: E 450; antioxidante: E 300;  conservador: E 250; y humo de madera de haya. Puede contener trazas de soja, apio y mostaza."],"conservation":" Almacenar en un lugar seco y oscuro. Una vez abierto, conservar en el frigorífico y consumir en 3 días","ean":"8433329082440"},{"full_name":"EL CORTE INGLES salchichas Bockwurst sin gluten 8 unidades frasco 360 g neto escurrido","name":"salchichas Bockwurst sin gluten 8 unidades frasco 360 g neto escurrido","brand":"EL CORTE INGLES ","img":"https://sgfm.elcorteingles.es/SGFM/dctm/MEDIA03/201707/21/00118002500165____6__600x600.jpg","price":"4,90 €","price_unit":"(13,61 € / Kilo)","categories":["Supermercado","Alimentación General","Conservas de carne","Salchichas en conserva","EL CORTE INGLES salchichas Bockwurst sin gluten 8 unidades frasco 360 g neto escurrido"],"general_information":["Denominación del alimento: SALCHICHAS BOCKWURST COCIDAS Y AHUMADAS","Nombre del operador: Distribuido para El Corte Inglés por Casa Westfalia S.A.U., Pol. Industrial V-2, 17111 Vulpellac GIRONA España","Lugar de procedencia del alimento: Producto de Alemania","Cantidad Neta: 550 g","Peso neto escurrido: 360 g","Número de raciones por envase: 8"],"ingredients":[" Ingredientes: Carne de cerdo (75%), agua, sal yodada (sal, yodato de potasio), azúcar, especias, extracto de especias, estabilizante: E 450; antioxidante: E 300;  conservador: E 250; y humo de madera de haya. Puede contener trazas de soja, apio y mostaza."],"conservation":" Almacenar en un lugar seco y oscuro. Una vez abierto, conservar en el frigorífico y consumir en 3 días","ean":"8433329082433"},{"full_name":"EL CORTE INGLES salchichas blancas Weisswurst frasco 300 g neto escurrido","name":"salchichas blancas Weisswurst frasco 300 g neto escurrido","brand":"EL CORTE INGLES ","img":"https://sgfm.elcorteingles.es/SGFM/dctm/MEDIA03/201710/26/00118002500124____2__600x600.jpg","price":"6,10 €","price_unit":"(20,33 € / Kilo)","categories":["Supermercado","Alimentación General","Conservas de carne","Salchichas en conserva","EL CORTE INGLES salchichas blancas Weisswurst frasco 300 g neto escurrido"],"general_information":["Denominación del alimento: SALCHICHAS WEISSWURST COCIDAS","Nombre del operador: Distribuido para El Corte Inglés por Casa Westfalia S.A.U., Pol. Industrial V-2, 17111 - Vulpellac (Girona) - España.","Lugar de procedencia del alimento: Producto de Alemania","Cantidad Neta: 680 g","Peso neto escurrido: 300 g","Número de raciones por envase: 5"],"ingredients":[" Ingredientes: Carne de cerdo (80%), agua,tocino, cebolla, sal, especias, hierbas, dextrosa, antioxidante: E331; estabilizante: E450; acidulante: E262; tripa natural de cerdo."],"conservation":" Almacenar en un lugar seco y oscuro. Una vez abierto, conservar en el frigorífico.","ean":"8433329083775"},{"full_name":"EL CORTE INGLES salchichas Knacker 6 unidades frasco 400 g neto escurrido","name":"salchichas Knacker 6 unidades frasco 400 g neto escurrido","brand":"EL CORTE INGLES ","img":"https://sgfm.elcorteingles.es/SGFM/dctm/MEDIA03/201712/19/00118002500132____7__600x600.jpg","price":"6,10 €","price_unit":"(15,25 € / Kilo)","categories":["Supermercado","Alimentación General","Conservas de carne","Salchichas en conserva","EL CORTE INGLES salchichas Knacker 6 unidades frasco 400 g neto escurrido"],"general_information":["Denominación del alimento: SALCHICHAS KNACKER COCIDAS Y AHUMADAS","Nombre del operador: Distribuido para El Corte Inglés por Casa Westfalia S.A.U., Pol. Industrial V-2, 17111 - Vulpellac (Girona) - España. Fabricado en Schleswig - Holstein, Alemania.","Lugar de procedencia del alimento: Producto de Alemania","Cantidad Neta: 690 g","Peso neto escurrido: 400 g","Número de raciones por envase: 5"],"ingredients":[" Ingredientes: Carne de cerdo (80%), agua, sal yodada (sal, yodato de potasio), especias, extracto de especias, azúcar, estabilizante: E450, antioxidante: E300, conservador: E250, tripa natural de cerdo y humo de madera de haya. Puede contener trazas de soja, apio y mostaza."],"conservation":" Almacenar en un lugar seco y oscuro. Una vez abierto, conservar en el frigorífico y consumir en 3 días","ean":"8433329083782"},{"full_name":"EL CORTE INGLES salchichas cóctel sin gluten 44 unidades frasco 300 g neto escurrido","name":"salchichas cóctel sin gluten 44 unidades frasco 300 g neto escurrido","brand":"EL CORTE INGLES ","img":"https://sgfm.elcorteingles.es/SGFM/dctm/MEDIA03/201707/21/00118002500181____8__600x600.jpg","price":"6,15 €            ","price_unit":"(10,17 € / Kilo)","categories":["Supermercado","Alimentación General","Conservas de carne","Salchichas en conserva","EL CORTE INGLES salchichas cóctel sin gluten 44 unidades frasco 300 g neto escurrido"],"general_information":["Denominación del alimento: SALCHICHAS AHUMADAS","Nombre del operador: Distribuido para El Corte Inglés por Casa Westfalia S.A.U., Pol. Industrial V-2, 17111 Vulpellac GIRONA España","Lugar de procedencia del alimento: Producto de Alemania","Cantidad Neta: 550 g","Peso neto escurrido: 300 g","Número de raciones por envase: 11"],"ingredients":[" Ingredientes: Carne de cerdo (75%), agua, sal yodada (sal, yodato de potasio), azúcar, especias, extracto de especias, estabilizante: E 450; antioxidante: E 300; conservador: E 250; y humo de madera de haya Puede contener trazas de soja, apio y mostaza."],"conservation":" Almacenar en un lugar seco y oscuro. Una vez abierto, conservar en el frigorífico y consumir en 3 días","ean":"8433329082563"},{"full_name":"EL CORTE INGLES salchichas Bratwurst 5 unidades frasco 250 g neto escurrido","name":"salchichas Bratwurst 5 unidades frasco 250 g neto escurrido","brand":"EL CORTE INGLES ","img":"https://sgfm.elcorteingles.es/SGFM/dctm/MEDIA03/201710/26/00118002500140____2__600x600.jpg","price":"6,10 €","price_unit":"(24,40 € / Kilo)","categories":["Supermercado","Alimentación General","Conservas de carne","Salchichas en conserva","EL CORTE INGLES salchichas Bratwurst 5 unidades frasco 250 g neto escurrido"],"general_information":["Denominación del alimento: SALCHICHAS BRATWURST COCIDAS","Nombre del operador: Distribuido para El Corte Inglés por Casa Westfalia S.A.U., Pol. Industrial V-2, 17111 - Vulpellac (Girona) - España.","Lugar de procedencia del alimento: Producto de Alemania","Cantidad Neta: 560 g","Peso neto escurrido: 250 g","Número de raciones por envase: 5.0"],"ingredients":[" Ingredientes:Carne de cerdo (80%), agua, tocino, cebolla, almidón de patata, sal, especias, hierbas, dextrosa, antioxidante: E331; estabilizante: E450; acidulante: E262; tripa natural de oveja."],"conservation":" Almacenar en un lugar seco y oscuro. Una vez abierto, conservar en el frigorífico.","ean":"8433329083799"},{"full_name":"ALIADA salchichas frankfurt sin gluten 5 unidades frasco 250 g neto escurrido","name":"salchichas frankfurt sin gluten 5 unidades frasco 250 g neto escurrido","brand":"ALIADA ","img":"https://sgfm.elcorteingles.es/SGFM/dctm/MEDIA03/201707/21/00118002500827____3__600x600.jpg","price":"1,70 €","price_unit":"(6,80 € / Kilo)","categories":["Supermercado","Alimentación General","Conservas de carne","Salchichas en conserva","ALIADA salchichas frankfurt sin gluten 5 unidades frasco 250 g neto escurrido"],"general_information":["Denominación del alimento: SALCHICHAS TIPO FRANKFURT COCIDAS Y AHUMADAS CON PROTEÍNAS DE LECHE","Nombre del operador: Elaborado para  el  Grupo El Corte Inglés Hermosilla, 112. 28009 - Madrid - España por CIF: DE 811200900","Lugar de procedencia del alimento: Producto de Alemania","Cantidad Neta: 380 g","Peso neto escurrido: 250 g","Número de raciones por envase: 5.0"],"ingredients":[" Ingredientes: Carne de cerdo (73%), agua, sal yodada (sal, yodato potásico), proteínas de la leche, harina de mostaza, proteína vegetal hidrolizada, especias (apio), extracto de especias, estabilizantes: citratos de sodio, azúcar, lactosa, antioxidante: ácido ascórbico, conservador: nitrito sódico y humo."],"conservation":" Temperatura de almacenamiento: 0ºC - 25ºC. Una vez abierto, conservar en el frigorífico.","ean":"8433329043687"},{"full_name":"EL CORTE INGLES salchichas Bockwurst sin gluten 5 unidades frasco 200 g neto escurrido","name":"salchichas Bockwurst sin gluten 5 unidades frasco 200 g neto escurrido","brand":"EL CORTE INGLES ","img":"https://sgfm.elcorteingles.es/SGFM/dctm/MEDIA03/201707/21/00118002500157____6__600x600.jpg","price":"3,10 €            ","price_unit":"(15,25 € / Kilo)","categories":["Supermercado","Alimentación General","Conservas de carne","Salchichas en conserva","EL CORTE INGLES salchichas Bockwurst sin gluten 5 unidades frasco 200 g neto escurrido"],"general_information":["Denominación del alimento: SALCHICHAS BOCKWURST COCIDAS Y AHUMADAS","Nombre del operador: Distribuido para El Corte Inglés por Casa Westfalia S.A.U., Pol. Industrial V-2, 17111 Vulpellac GIRONA España","Lugar de procedencia del alimento: Producto de Alemania","Cantidad Neta: 380 g","Peso neto escurrido: 200 g","Número de raciones por envase: 5.0"],"ingredients":[" Ingredientes: Carne de cerdo (75%), agua, sal yodada (sal, yodato de potasio), azúcar, especias, extracto de especias, estabilizante: E 450; antioxidante: E 300;  conservador: E 250; y humo de madera de haya. Puede contener trazas de soja, apio y mostaza."],"conservation":" Almacenar en un lugar seco y oscuro. Una vez abierto, conservar en el frigorífico y consumir en 3 días","ean":"8433329082426"},{"full_name":"MEICA salchichas  blanca 5 piezas frasco 345 g neto escurrido","name":"salchichas  blanca 5 piezas frasco 345 g neto escurrido","brand":"MEICA ","img":"https://sgfm.elcorteingles.es/SGFM/dctm/MEDIA03/201703/09/00118002500926____1__600x600.jpg","price":"7,95 €            ","price_unit":"(16,67 € / Kilo)","categories":["Supermercado","Alimentación General","Conservas de carne","Salchichas en conserva","MEICA salchichas  blanca 5 piezas frasco 345 g neto escurrido"],"general_information":["Nombre del operador: Bolton Cile España","Dirección del operador: C\\ Ombú nº 3 28045 Madrid, España"],"ingredients":[],"ean":"4000503884400"},{"full_name":"TULIP salchichas cóctel lata 250 g neto escurrido","name":"salchichas cóctel lata 250 g neto escurrido","brand":"TULIP ","img":"https://sgfm.elcorteingles.es/SGFM/00/26/4/0118002500264/0118002500264000g01011.jpg","price":"2,30 €","price_unit":"(9,20 € / Kilo)","categories":["Supermercado","Alimentación General","Conservas de carne","Salchichas en conserva","TULIP salchichas cóctel lata 250 g neto escurrido"],"general_information":["Denominación del alimento: Salchichas","País de origen: Dinamarca","Nombre del operador: Ofistrade S.A.","Dirección del operador: C/Buenos Aires 38-40, entlo. C - 08036 Barcelona","Lugar de procedencia del alimento: Dinamarca","Cantidad Neta: 415,0 g"],"ingredients":[" Carne de cerdo separada mecánicamente (31%), carne de cerdo (27%), plasma sanguíneo de cerdo, agua, fécula de patata, sal, proteína de la leche, jarabe de glucosa, estabilizador (E451), extractos de especias, antioxidante (E301) y conservante (E250). Cocido y ahumado."],"conservation":" Consérvese en lugar fresco y seco.","ean":"5762385064446"},{"full_name":"TULIP salchichas hot dogs lata 250 g neto escurrido","name":"salchichas hot dogs lata 250 g neto escurrido","brand":"TULIP ","img":"https://sgfm.elcorteingles.es/SGFM/00/33/0/0118002500330/0118002500330000g01011.jpg","price":"2,39 €","price_unit":"(9,56 € / Kilo)","categories":["Supermercado","Alimentación General","Conservas de carne","Salchichas en conserva","TULIP salchichas hot dogs lata 250 g neto escurrido"],"general_information":["Denominación del alimento: Salchichas hotdog","País de origen: Dinamarca","Nombre del operador: Ofistrade S.A.","Dirección del operador: C/Buenos Aires 38-40, entlo. C - 08036 Barcelona","Lugar de procedencia del alimento: Dinamarca","Cantidad Neta: 415,0 g"],"ingredients":[" Carne de cerdo separada mecánicamente (31%), carne de cerdo (27%), plasma sanguíneo de cerdo, agua, fécula de patata, sal, proteína de la leche, jarabe de glucosa, estabilizador (E451), extractos de especias, antioxidante (E301), conservante (E250)."],"conservation":" Consérvese en lugar fresco y seco.","ean":"5762385064255"},{"full_name":"MEICA Truemans salchichas hot dog 6+1 gratis frasco 350 g","name":"Truemans salchichas hot dog 6+1 gratis frasco 350 g","brand":"MEICA ","img":"https://sgfm.elcorteingles.es/SGFM/dctm/MEDIA03/201705/04/00118002501015____1__600x600.jpg","price":"4,00 €            ","price_unit":"(0,80 € / Kilo)","categories":["Supermercado","Alimentación General","Conservas de carne","Salchichas en conserva","MEICA Truemans salchichas hot dog 6+1 gratis frasco 350 g"],"general_information":["Denominación del alimento: Salchichas","Nombre del operador: Bolton Cile España","Dirección del operador: C/ Ombú nº3 28045 Madrid, España","Cantidad Neta: 540 g"],"ingredients":[" Carne de cerdo (77%), agua, sal, especias, extracto de especias (contienen APIO), dextrosa, antioxidante (E-300), conservador (E-250), ahumado sobre madera de haya natural"],"ean":"4000503878508"},{"full_name":"MEICA salchichas 60 piezas aperitivo frasco 250 g neto escurrido","name":"salchichas 60 piezas aperitivo frasco 250 g neto escurrido","brand":"MEICA ","img":"https://sgfm.elcorteingles.es/SGFM/dctm/MEDIA02/CONTENIDOS/201507/06/00118002500033____1__600x600.jpg","price":"5,95 €            ","price_unit":"(19 € / Kilo)","categories":["Supermercado","Alimentación General","Conservas de carne","Salchichas en conserva","MEICA salchichas 60 piezas aperitivo frasco 250 g neto escurrido"],"general_information":["Denominación del alimento: Salchichas","Nombre del operador: Bolton Cile España","Dirección del operador: C/ Ombú nº3 28045 Madrid, España","Cantidad Neta: 380 g"],"ingredients":[" Carne de cerdo (78%), agua, sal, especias, extracto de especias (contienen APIO), dextrosa, antioxidante (E-300), conservador (E-250), ahumado sobre madera de haya natural"],"ean":"4000503882604"},{"full_name":"MEICA salchichas Bockwurst 6 piezas frasco 250 g neto escurrido","name":"salchichas Bockwurst 6 piezas frasco 250 g neto escurrido","brand":"MEICA ","img":"https://sgfm.elcorteingles.es/SGFM/dctm/MEDIA02/CONTENIDOS/201507/06/00118002500025____1__600x600.jpg","price":"5,50 €            ","price_unit":"(17,80 € / Kilo)","categories":["Supermercado","Alimentación General","Conservas de carne","Salchichas en conserva","MEICA salchichas Bockwurst 6 piezas frasco 250 g neto escurrido"],"general_information":["Denominación del alimento: Salchicas","Nombre del operador: Bolton Cile España","Dirección del operador: C/ Ombú nº3 28045 Madrid, España","Cantidad Neta: 540 g"],"ingredients":[" Carne de cerdo (77%), agua, sal, especias, extracto de especias (contiene APIO), dextrosa, antioxidante (E-300), conservador (E-250), ahumado sobre madera de haya natural"],"ean":"4000503880808"},{"full_name":"MEICA salchichas frankfurt 6 piezas frasco 250 g neto escurrido","name":"salchichas frankfurt 6 piezas frasco 250 g neto escurrido","brand":"MEICA ","img":"https://sgfm.elcorteingles.es/SGFM/dctm/MEDIA02/CONTENIDOS/201507/06/00118002500017____1__600x600.jpg","price":"6,60 €            ","price_unit":"(19,80 € / Kilo)","categories":["Supermercado","Alimentación General","Conservas de carne","Salchichas en conserva","MEICA salchichas frankfurt 6 piezas frasco 250 g neto escurrido"],"general_information":["Denominación del alimento: Salchichas","Nombre del operador: Bolton Cile España","Dirección del operador: C/ Ombú nº3 28045 Madrid, España","Cantidad Neta: 540 g"],"ingredients":[" Carne de cerdo (77%), agua, sal, especias, extracto de especias, dextrosa, antioxidante (E-300), conservador (E-250), tripa natural, ahumado sobre madera de haya natural"],"ean":"4000503880907"},{"full_name":"BOKLUNDER salchichas alemanas auténticas cóctel 36 unidades frasco 250 g neto escurrido","name":"salchichas alemanas auténticas cóctel 36 unidades frasco 250 g neto escurrido","brand":"BOKLUNDER ","img":"https://sgfm.elcorteingles.es/SGFM/00/74/4/0118002500744/0118002500744000g01011.jpg","price":"3,09 €","price_unit":"(12,36 € / Kilo)","categories":["Supermercado","Alimentación General","Conservas de carne","Salchichas en conserva","BOKLUNDER salchichas alemanas auténticas cóctel 36 unidades frasco 250 g neto escurrido"],"general_information":[],"ingredients":[],"ean":"4000404005454"},{"full_name":"BOKLUNDER salchichas Hot Dog estilo americano 6 unidades frasco 300 g neto escurrido","name":"salchichas Hot Dog estilo americano 6 unidades frasco 300 g neto escurrido","brand":"BOKLUNDER ","img":"https://sgfm.elcorteingles.es/SGFM/00/31/4/0118002500314/0118002500314000g01011.jpg","price":"3,09 €","price_unit":"(10,30 € / Kilo)","categories":["Supermercado","Alimentación General","Conservas de carne","Salchichas en conserva","BOKLUNDER salchichas Hot Dog estilo americano 6 unidades frasco 300 g neto escurrido"],"general_information":[],"ingredients":[],"ean":"4000404035758"},{"full_name":"LA PIARA Frankfurt hot dog salchichas cocidas lata 250 g neto escurrido","name":"Frankfurt hot dog salchichas cocidas lata 250 g neto escurrido","brand":"LA PIARA ","img":"https://sgfm.elcorteingles.es/SGFM/dctm/MEDIA03/201707/05/00118002500041____2__600x600.jpg","price":"3,95 €","price_unit":"(17,17 € / Kilo)","categories":["Supermercado","Alimentación General","Conservas de carne","Salchichas en conserva","LA PIARA Frankfurt hot dog salchichas cocidas lata 250 g neto escurrido"],"general_information":["Denominación del alimento: SALCHICHAS COCIDAS TIPO FRANKFURTSALSICHAS TIPO FRANKFURTHOT DOG SAUSAGESSAUCISSES HOT DOGS","País de origen: España","Nombre del operador: La Piara S.A.U.","Dirección del operador: Ctra. BV-4608, Km 21,2 La Gleva 08560-Manlleu","Cantidad Neta: 230 g"],"ingredients":[" Carne y grasa de cerdo, agua, proteína de soja, jarabe de glucosa, sal, especias (contiene mostaza y apio), estabilizadores (polifosfato potásico, difosfato disódico), potenciador del sabor (glutamato monosódico), antioxidante (isoascorbato sódico), conservador (nitrito sódico)."],"conservation":" Después de abierto mantener en el frigoríficoDepois de aberto, conservar no frioOnce open keep it in the refrigeratorAprès ouverture, maintenir au froid","ean":"8412500893617"},{"full_name":"LA PIARA salchichas cóctel más sabor lata 170 g neto escurrido","name":"salchichas cóctel más sabor lata 170 g neto escurrido","brand":"LA PIARA ","img":"https://sgfm.elcorteingles.es/SGFM/dctm/MEDIA03/201707/05/00118002500058____1__600x600.jpg","price":"3,95 €","price_unit":"(23,24 € / Kilo)","categories":["Supermercado","Alimentación General","Conservas de carne","Salchichas en conserva","LA PIARA salchichas cóctel más sabor lata 170 g neto escurrido"],"general_information":["Denominación del alimento: SALCHICHAS COCIDAS COCKTAILSALSICHAS TIPO COCKTAILCOCKTAIL SAUSAGESSAUCISSES COCKTAIL","País de origen: España","Nombre del operador: La Piara S.A.U.","Dirección del operador: Ctra. BV-4608, Km 21,2 La Gleva 08560-Manlleu","Cantidad Neta: 170 g"],"ingredients":[" Carne y grasa de cerdo, agua, proteína de soja, jarabe de glucosa, sal, especias (contiene mostaza y apio), estabilizadores (polifosfato potásico, difosfato disódico), potenciador del sabor (glutamato monosódico), antioxidante (isoascorbato sódico), conservador (nitrito sódico)."],"conservation":" Después de abierto mantener en el frigoríficoDepois de aberto, conservar no frioOnce open keep it in the refrigeratorAprès ouverture, maintenir au froid","ean":"8412500893600"},{"full_name":"WIKINGER salchichas bockwurst hot dogs 5 unidades frasco 250 g neto escurrido","name":"salchichas bockwurst hot dogs 5 unidades frasco 250 g neto escurrido","brand":"WIKINGER ","img":"https://sgfm.elcorteingles.es/SGFM/00/71/0/0118002500710/0118002500710000g01011.jpg","price":"2,45 €","price_unit":"(9,80 € / Kilo)","categories":["Supermercado","Alimentación General","Conservas de carne","Salchichas en conserva","WIKINGER salchichas bockwurst hot dogs 5 unidades frasco 250 g neto escurrido"],"general_information":["Denominación del alimento: SALCHICHAS HOT DOG","País de origen: Alemania","Nombre del operador: Casa Westfalia, S.A.","Dirección del operador: C/ Dels Roures 4, Polígono Industrial V2 - 17111 Vulpellac (Girona)","Cantidad Neta: 380 g","Peso neto escurrido: 250 g"],"ingredients":[" 40% carne de ave separada mecánicamente (pavo-, pollo separado mecánicamente), 33% carne de cerdo, agua, grasa de ave con piel (pavo, pollo), sal yodada (sal, yodato de potasio), proteína de soja, especias, extractos de especias (con apio), azúcar, estabilizante: E451, E450, E331iii, antioxidante: E300, conservador: E250, humo de madera de haya. Puede contener trazas de mostaza."],"conservation":" Mantener en lugar fresco y seco. Refrigerar una vez abiertas y consumir en los siguientes 3 días.","ean":"4010142939058"},{"full_name":"WIKINGER salchichas cocktail 18 unidades frasco 125 g neto escurrido","name":"salchichas cocktail 18 unidades frasco 125 g neto escurrido","brand":"WIKINGER ","img":"https://sgfm.elcorteingles.es/SGFM/00/72/8/0118002500728/0118002500728000g01011.jpg","price":"2,89 €","price_unit":"(13,89 € / Kilo)","categories":["Supermercado","Alimentación General","Conservas de carne","Salchichas en conserva","WIKINGER salchichas cocktail 18 unidades frasco 125 g neto escurrido"],"general_information":["Denominación del alimento: SALCHICHAS COCKTAIL HOT DOG CON PROTEÍNAS DE LECHE","País de origen: Alemania","Nombre del operador: Casa Westfalia, S.A.","Dirección del operador: C/ Dels Roures 4, Polígono Industrial V2 - 17111 Vulpellac (Girona)","Cantidad Neta: 208 g","Peso neto escurrido: 125 g","Porcentaje de alcohol: 0%"],"ingredients":[" 32% carne de pavo (separada mecánicamente), agua, 17% carne de pollo (separada mecánicamente), 15% carne de cerdo, proteína de soja, sal, proteína vegetal hidrolizada, especias y extracto (con apio), proteínas de leche, estabilizante: E451, antioxidante: E300, conservador: E250."],"conservation":" Mantener en lugar fresco y seco","ean":"4010142004152"},{"full_name":"PLUMROSE salchichas cóctel lata 225 g neto escurrido","name":"salchichas cóctel lata 225 g neto escurrido","brand":"PLUMROSE ","img":"https://sgfm.elcorteingles.es/SGFM/00/38/9/0118002500389/0118002500389000g01011.jpg","price":"1,90 €","price_unit":"(8,44 € / Kilo)","categories":["Supermercado","Alimentación General","Conservas de carne","Salchichas en conserva","PLUMROSE salchichas cóctel lata 225 g neto escurrido"],"general_information":["Denominación del alimento: Plumrose Salchicha Cocktail","Nombre del operador: Böklunder Plumrose","Dirección del operador: D-24860 Böklund","Cantidad Neta: 411 g","Peso neto escurrido: 200 g"],"ingredients":[" 32% carne de pavo(separada mecánicamente), agua, 17%carne de pollo (separada mecánicamente),15% carne de cerdo, tocino, sal, proteína de soja, proteína vegetal hidrolizada, estabilizador: E451, especias(con apio), extractos de especias,antioxidante: E300, conservante: E250, humo de madera de haya. Puede contener trazas de proteínas de leche, mostaza y apio."],"ean":"4000404002910"},{"full_name":"POPPENBURGER salchichas americanas hot dog frasco 300 g neto escurrido","name":"salchichas americanas hot dog frasco 300 g neto escurrido","brand":"POPPENBURGER ","img":"https://sgfm.elcorteingles.es/SGFM/00/21/5/0118002500215/0118002500215000g01011.jpg","price":"5,35 €","price_unit":"(17,83 € / Kilo)","categories":["Supermercado","Alimentación General","Conservas de carne","Salchichas en conserva","POPPENBURGER salchichas americanas hot dog frasco 300 g neto escurrido"],"general_information":["Denominación del alimento: HOT-DOG. SALCHICHAS AHUMADAS CON PROTEINAS DE LA LECHE EN SU PROPIA PIEL","País de origen: Alemania","Nombre del operador: Casa Westfalia, S.A.","Dirección del operador: C/ Dels Roures 4, Polígono Industrial V2 - 17111 Vulpellac (Girona)","Cantidad Neta: 535 g","Peso neto escurrido: 300 g","Porcentaje de alcohol: 0%"],"ingredients":[" Carne de cerdo (73%), agua, sal yodada (sal, yodato de potasio), proteínas de la leche, harina de mostaza, proteína vegetal hidrolizada, especias (apio), extractos de especias, estabilizante E331, azúcar, lactosa, antioxidante E300, conservador E250, humo de haya."],"conservation":" Mantener en lugar fresco y seco","ean":"4007683170118"},{"full_name":"POPPENBURGER salchichas cóctel frasco 150 g neto escurrido","name":"salchichas cóctel frasco 150 g neto escurrido","brand":"POPPENBURGER ","img":"https://sgfm.elcorteingles.es/SGFM/dctm/MEDIA03/201609/02/00118002500850____1__600x600.jpg","price":"2,70 €","price_unit":"(18 € / Kilo)","categories":["Supermercado","Alimentación General","Conservas de carne","Salchichas en conserva","POPPENBURGER salchichas cóctel frasco 150 g neto escurrido"],"general_information":[],"ingredients":[],"ean":"4007683150516"},{"full_name":"POPPENBURGER salchichas bockwurst frasco 200 g neto escurrido","name":"salchichas bockwurst frasco 200 g neto escurrido","brand":"POPPENBURGER ","img":"https://sgfm.elcorteingles.es/SGFM/dctm/MEDIA03/201703/31/00118002500967____1__600x600.jpg","price":"3,10 €","price_unit":"(1,29 € / Kilo)","categories":["Supermercado","Alimentación General","Conservas de carne","Salchichas en conserva","POPPENBURGER salchichas bockwurst frasco 200 g neto escurrido"],"general_information":["Denominación del alimento: AUTÉNTICAS SALCHICHAS ALEMANAS AHUMADAS CON PROTEÍNAS DE LA LECHE","País de origen: Alemania","Nombre del operador: Casa Westfalia, S.A.","Dirección del operador: C/ Dels Roures 4, Polígono Industrial V2 - 17111 Vulpellac (Girona)","Cantidad Neta: 375 g","Peso neto escurrido: 200 g","Porcentaje de alcohol: 0%"],"ingredients":[" Carne de cerdo (73%), agua potable, sal yodada (sal, yodato de potasio), proteínas de la leche, harina de mostaza, proteína vegetal hidrolizada, especias (apio), extractos de especias, estabilizante: E331, azúcar, lactosa, antioxidante (E300), conservador (E250), humo de haya."],"conservation":" Mantener en lugar fresco y seco","ean":"4007683250919"},{"full_name":"HALBERSTÄDTER salchichas Bockwurst súper 5 unidades frasco 400 g neto escurrido","name":"salchichas Bockwurst súper 5 unidades frasco 400 g neto escurrido","brand":"HALBERSTÄDTER ","img":"https://sgfm.elcorteingles.es/SGFM/dctm/MEDIA03/201606/22/00118002500538____1__600x600.jpg","price":"6,95 €","price_unit":"(17,38 € / Kilo)","categories":["Supermercado","Alimentación General","Conservas de carne","Salchichas en conserva","HALBERSTÄDTER salchichas Bockwurst súper 5 unidades frasco 400 g neto escurrido"],"general_information":["Denominación del alimento: SALCHICHAS AHUMADAS","País de origen: Alemania","Nombre del operador: Casa Westfalia, S.A.","Dirección del operador: C/ Dels Roures 4, Polígono Industrial V2 - 17111 Vulpellac (Girona)","Cantidad Neta: 680 g","Peso neto escurrido: 400 g","Número de raciones por envase: 5"],"ingredients":[" Carne de cerdo y vacuno (80%), tocino, agua potable, sal común, jarabe de glucosa, especias, condimentos, estabilizador: difosfato, antioxidante: ácido ascórbico, conservante : nitrito sódico, humo natural. Una vez abierto, conservar en frigorífico y consumir en el plazo de 2 días."],"conservation":" Mantener en lugar fresco y seco","ean":"4012682411469"},{"full_name":"HALBERSTÄDTER salchichas originales 5 piezas frasco 250 g neto escurrido","name":"salchichas originales 5 piezas frasco 250 g neto escurrido","brand":"HALBERSTÄDTER ","img":"https://sgfm.elcorteingles.es/SGFM/dctm/MEDIA03/201606/22/00118002500546____1__600x600.jpg","price":"5,90 €","price_unit":"(23,60 € / Kilo)","categories":["Supermercado","Alimentación General","Conservas de carne","Salchichas en conserva","HALBERSTÄDTER salchichas originales 5 piezas frasco 250 g neto escurrido"],"general_information":["Denominación del alimento: SALCHICHAS AHUMADAS","País de origen: Alemania","Nombre del operador: Casa Westfalia, S.A.","Dirección del operador: C/ Dels Roures 4, Polígono Industrial V2 - 17111 Vulpellac (Girona)","Cantidad Neta: 300 g","Peso neto escurrido: 250 g"],"ingredients":[" Carne de cerdo y vacuno (80%), tocino, agua potable, sal común, jarabe de glucosa, especias, condimentos, estabilizador: E450, antioxidante: ácido ascórbico, conservante: nitrito sódico, humo natural. Una vez abierto, conservar en frigorífico y consumir en el plazo de 2 días."],"conservation":" Mantener en lugar fresco y seco","ean":"4012682411261"},{"full_name":"HALBERSTÄDTER salchichas Krakovianas 4 unidades frasco 300 g neto escurrido","name":"salchichas Krakovianas 4 unidades frasco 300 g neto escurrido","brand":"HALBERSTÄDTER ","img":"https://sgfm.elcorteingles.es/SGFM/dctm/MEDIA03/201606/22/00118002500553____1__600x600.jpg","price":"7,95 €","price_unit":"(26,50 € / Kilo)","categories":["Supermercado","Alimentación General","Conservas de carne","Salchichas en conserva","HALBERSTÄDTER salchichas Krakovianas 4 unidades frasco 300 g neto escurrido"],"general_information":["Denominación del alimento: SALCHICHAS KRAKOVIANAS AHUMADAS","País de origen: Alemania","Nombre del operador: Casa Westfalia, S.A.","Dirección del operador: C/ Dels Roures 4, Polígono Industrial V2 - 17111 Vulpellac (Girona)","Cantidad Neta: 560 g","Peso neto escurrido: 300 g"],"ingredients":[" Carne de cerdo (84%), tocino, agua potable, sal común, jarabe de glucosa, especias, condimentos, estabilizador: difosfatos, antioxidante: ácido ascórbico, conservante: nitrito sódico, tripa natural, humo natural. Una vez abierto, conservar en frigorífico y consumir en el plazo de 2 días."],"conservation":" Mantener en lugar fresco y seco","ean":"4012682411520"},{"full_name":"POPPENBURGER salchichas bockwurst alemanas frasco 360 g neto escurrido","name":"salchichas bockwurst alemanas frasco 360 g neto escurrido","brand":"POPPENBURGER ","img":"https://sgfm.elcorteingles.es/SGFM/dctm/MEDIA03/201703/31/00118002500975____1__600x600.jpg","price":"4,29 €","price_unit":"(0,99 € / Kilo)","categories":["Supermercado","Alimentación General","Conservas de carne","Salchichas en conserva","POPPENBURGER salchichas bockwurst alemanas frasco 360 g neto escurrido"],"general_information":["Denominación del alimento: AUTÉNTICAS SALCHICHAS ALEMANAS AHUMADAS CON PROTEÍNAS DE LA LECHE EN SU PROPIA PIEL","País de origen: Alemania","Nombre del operador: Casa Westfalia, S.A.","Dirección del operador: C/ Dels Roures 4, Polígono Industrial V2 - 17111 Vulpellac (Girona)","Cantidad Neta: 535 g","Peso neto escurrido: 360 g","Porcentaje de alcohol: 0%"],"ingredients":[" Carne de cerdo (73%), agua potable, sal yodada (sal, yodato de potasio), proteínas de la leche, harina de mostaza, proteína vegetal hidrolizada, especias (apio), extractos de especias, estabilizante: E331, azúcar, lactosa, antioxidante E300, conservador E250, humo de haya."],"conservation":" Mantener en lugar fresco y seco","ean":"4007683250117"},{"full_name":"WOLF salchichas Nuremberg envase 100 g neto escurrido","name":"salchichas Nuremberg envase 100 g neto escurrido","brand":"WOLF ","img":"https://sgfm.elcorteingles.es/SGFM/dctm/MEDIA02/CONTENIDOS/201407/17/00118002500835____1__600x600.jpg","price":"3,35 €","price_unit":"(33,50 € / Kilo)","categories":["Supermercado","Alimentación General","Conservas de carne","Salchichas en conserva","WOLF salchichas Nuremberg envase 100 g neto escurrido"],"general_information":["Denominación del alimento: SALCHICHAS ORIGINALES DE NÜREMBERG, ASADAS A LA PARRILLA","País de origen: Alemania","Nombre del operador: Casa Westfalia, S.A.","Dirección del operador: C/ Dels Roures 4, Polígono Industrial V2 - 17111 Vulpellac (Girona)","Lugar de procedencia del alimento: Identidad Geográfica Protegida","Cantidad Neta: 100 g"],"ingredients":[" Carne de cerdo, grasa dorsal, sal yodada (sal de mesa, yodato de potasio), especias (contiene mostaza), extracto de especias, condimento, jarabe de glucosa, dextrosa, corrector de acidez: E262, acidulante: E330, estabilizante: E450, antioxidante: E300, tripa de oveja. 100g de salchicha se producen a partir de 113g de carne de cerdo."],"conservation":" Mantener en lugar fresco y seco","ean":"4102490076780"},{"full_name":"HARZLANDER salchichas Bratwurst frasco 320 g neto escurrido","name":"salchichas Bratwurst frasco 320 g neto escurrido","brand":"HARZLANDER ","img":"https://sgfm.elcorteingles.es/SGFM/00/22/3/0118002500223/0118002500223000g01011.jpg","price":"6,25 €","price_unit":"(19,53 € / Kilo)","categories":["Supermercado","Alimentación General","Conservas de carne","Salchichas en conserva","HARZLANDER salchichas Bratwurst frasco 320 g neto escurrido"],"general_information":["Denominación del alimento: SALCHICHA BRATWURST EN TRIPA NATURAL","País de origen: Alemania","Nombre del operador: Casa Westfalia, S.A.","Dirección del operador: C/ Dels Roures 4, Polígono Industrial V2 - 17111 Vulpellac (Girona)","Cantidad Neta: 850 g","Peso neto escurrido: 530 g"],"ingredients":[" 84% de carne de cerdo, sal, especias, jarabe de glucosa en polvo, estabilizante: di- y trifosfatos, emulgente: mono- y diglicéridos de ácidos grasos, dextrosa, especias, extracto de levadura, aceite de girasol, extractos de especias, tripa natural de cerdo."],"conservation":" Mantener en lugar fresco y seco","ean":"4008631084730"},{"full_name":"EIDMANN salchichas originales de frankfurt 6 unidades frasco 250 g neto escurrido","name":"salchichas originales de frankfurt 6 unidades frasco 250 g neto escurrido","brand":"EIDMANN ","img":"https://sgfm.elcorteingles.es/SGFM/00/56/1/0118002500561/0118002500561000g01011.jpg","price":"6,25 €","price_unit":"(25 € / Kilo)","categories":["Supermercado","Alimentación General","Conservas de carne","Salchichas en conserva","EIDMANN salchichas originales de frankfurt 6 unidades frasco 250 g neto escurrido"],"general_information":["Denominación del alimento: SALCHICHAS ORIGINAL DE FRANKFURT","País de origen: Alemania","Nombre del operador: Casa Westfalia, S.A.","Dirección del operador: C/ Dels Roures 4, Polígono Industrial V2 - 17111 Vulpellac (Girona)","Cantidad Neta: 540 g","Peso neto escurrido: 250 g"],"ingredients":[" Carne de cerdo (82%), agua potable, sal yodada, especias (contiene apio y mostaza amarilla), extractos de especias (pimienta, nuez moscada, Chile y ajo), dextrosa, conservador: nitrito sódico, estabilizante: difosfato disódico, antioxidante: ácido ascórbico, tripa de oveja. humo de virutas de haya.  Una vez abierto, conservar en frigorífico."],"conservation":" Mantener en lugar fresco y seco","ean":"4008695735531"},{"full_name":"GRAEFKE salchichas Bratwurst-Griller alemanas auténticas 6 unidades frasco 300 g neto escurrido","name":"salchichas Bratwurst-Griller alemanas auténticas 6 unidades frasco 300 g neto escurrido","brand":"GRAEFKE ","img":"https://sgfm.elcorteingles.es/SGFM/dctm/MEDIA03/201704/12/00118002500983____1__600x600.jpg","price":"5,95 €","price_unit":"(1,65 € / Kilo)","categories":["Supermercado","Alimentación General","Conservas de carne","Salchichas en conserva","GRAEFKE salchichas Bratwurst-Griller alemanas auténticas 6 unidades frasco 300 g neto escurrido"],"general_information":["Denominación del alimento: Salchicha cocida","Nombre del operador: VELDIS, S.A.","Dirección del operador: C/Puerto de Navacerrada, 59, 28935 Móstoles (Madrid).","Cantidad Neta: 420 g","Peso neto escurrido: 300 g","Otras menciones obligatorias en la etiqueta: REGISTRO SANITARIO FABRICANTE: DE NI 71912 EG"],"ingredients":[" Carne de cerdo (80%), agua, sal, especias (apio), estabilizante: citrato trisódico, antioxidantes:ácido ascórbico, dextrosa, lactosa, potenciador del sabor: glutamato monosódico."],"conservation":" Una vez abierto, conservar en el frigorífico.","ean":"4003527004304"},{"full_name":"GRAEFKE salchichas Knacker alemanas auténticas 4 unidades frasco 360 g neto escurrido","name":"salchichas Knacker alemanas auténticas 4 unidades frasco 360 g neto escurrido","brand":"GRAEFKE ","img":"https://sgfm.elcorteingles.es/SGFM/dctm/MEDIA03/201704/12/00118002500991____1__600x600.jpg","price":"7,50 €","price_unit":"(1,74 € / Kilo)","categories":["Supermercado","Alimentación General","Conservas de carne","Salchichas en conserva","GRAEFKE salchichas Knacker alemanas auténticas 4 unidades frasco 360 g neto escurrido"],"general_information":["Denominación del alimento: Salchicha cocida ahumada KNACKER 4 Piezas","País de origen: Alemania","Nombre del operador: VELDIS, S.A.","Dirección del operador: C/Puerto de Navacerrada, 59, 28935 Móstoles (Madrid).","Cantidad Neta: 660 g","Peso neto escurrido: 360 g","Otras menciones obligatorias en la etiqueta: REGISTRO SANITARIO FABRICANTE: DE NI-71912-EG"],"ingredients":[" Carne de cerdo 80%, agua, sal, especias (apio), extracto de especias, estabilizante: citrato trisódico, antioxidantes: ácido ascórbico, dextrosa, glucosa, potenciador del sabor: glutamato monosódico, conservador: nitrito sódico, humo de haya."],"ean":"4003527004571"},{"full_name":"GRAEFKE salchichas cóctel alemanas auténticas frasco 360 g neto escurrido","name":"salchichas cóctel alemanas auténticas frasco 360 g neto escurrido","brand":"GRAEFKE ","img":"https://sgfm.elcorteingles.es/SGFM/dctm/MEDIA03/201704/12/00118002501007____1__600x600.jpg","price":"7,95 €","price_unit":"(1,84 € / Kilo)","categories":["Supermercado","Alimentación General","Conservas de carne","Salchichas en conserva","GRAEFKE salchichas cóctel alemanas auténticas frasco 360 g neto escurrido"],"general_information":["Denominación del alimento: Salchicha cocida ahumada","País de origen: Alemania","Nombre del operador: Veldis S.A.","Dirección del operador: C/Puerto de Navacerrada 59. 28935 Móstoles (Madrid - España).","Cantidad Neta: 660 g","Peso neto escurrido: 360 g"],"ingredients":[" Carne de cerdo 80%, agua, sal, especias (apio), extracto de especias, estabilizante: citrato trisódico, antioxidantes: ácido ascórbico, dextrosa, glucosa, potenciador del sabor: glutamato monosódico, conservador: nitrito sódico, humo de haya."],"conservation":" Una vez abierto conservar en el frigorífico.","ean":"4003527004489"},{"full_name":"BOKLUNDER salchichas de pollo y pavo 5 unidades frasco 250 g neto escurrido","name":"salchichas de pollo y pavo 5 unidades frasco 250 g neto escurrido","brand":"BOKLUNDER ","img":"https://sgfm.elcorteingles.es/SGFM/00/44/4/0200102500444/0200102500444000g01011.jpg","price":"3,10 €","price_unit":"(12,40 € / Kilo)","categories":["Supermercado","Alimentación General","Conservas de carne","Salchichas en conserva","BOKLUNDER salchichas de pollo y pavo 5 unidades frasco 250 g neto escurrido"],"general_information":[],"ingredients":[],"ean":"4000404937052"},{"full_name":"PLUMROSE salchichas hot dogs lata 200 g neto escurrido","name":"salchichas hot dogs lata 200 g neto escurrido","brand":"PLUMROSE ","img":"https://sgfm.elcorteingles.es/SGFM/00/36/3/0118002500363/0118002500363000g01011.jpg","price":"1,90 €","price_unit":"(9,50 € / Kilo)","categories":["Supermercado","Alimentación General","Conservas de carne","Salchichas en conserva","PLUMROSE salchichas hot dogs lata 200 g neto escurrido"],"general_information":["Denominación del alimento: Plumrose Salchicha Hot Dog","Nombre del operador: Böklunder Plumrose","Dirección del operador: Gewerbestraße 1, 24860 Böklund, Germany","Cantidad Neta: 411 g","Peso neto escurrido: 200 g"],"ingredients":[" 32% carne de pavo (seperada mecánicamente), agua, 17% carne de pollo (seperada mecánica-mente), 15% carne de cerdo, tocino, sal, proteína de soja, proteína vegetal hidrolizada, estabilizador: E451, especias (con apio), extractos de especias, antioxidante: E300, conservante: E250,  humo de madera de haya. Puede contener trazas de proteínas de leche, mostaza y apio."],"conservation":" Conservar en un lugar fresco y seco como máximo a 25°C. Una vez abierto, conservar en refrigeración a 4°C mínimo.","ean":"4000404012919"},{"full_name":"FAMADESA salchichas tipo frankfurt 10 unidades lata 230 g","name":"salchichas tipo frankfurt 10 unidades lata 230 g","brand":"FAMADESA ","img":"https://sgfm.elcorteingles.es/SGFM/dctm/MEDIA03/201607/13/00200102501004____2__600x600.jpg","price":"2,09 €","categories":["Supermercado","Alimentación General","Conservas de carne","Salchichas en conserva","FAMADESA salchichas tipo frankfurt 10 unidades lata 230 g"],"general_information":["Denominación del alimento: Salchichas Frankfurt","Nombre del operador: Famadesa","Dirección del operador: Camino de Santa Ines, 71; 29590 Campanillas (Málaga)","Cantidad Neta: 410 g","Peso neto escurrido: 230 g","Otras menciones obligatorias en la etiqueta: No contiene gluten"],"ingredients":[" Carne y tocino de cerdo (43%), agua, almidón de maíz, proteína de soja, sal, especias, emulgentes (E-451i, E-450i, iii, E-471), gelificantes (E-407, E-410, E-412, E-466 (lactosa)), aromas, potenciador del sabor (E-621), antioxidantes (E-316, E-331iii)), conservantes (E-262ii, E-270, E-250), colorante  (E-120). Contiene soja y productos lácteos."],"conservation":" No necesita refrigeración. Mantener en lugar fresco y seco. Una vez abierto conservar en refrigeración y consumir en 3 días","ean":"8412254225078"},{"full_name":"FAMADESA salchichas cóctel lata 180 g","name":"salchichas cóctel lata 180 g","brand":"FAMADESA ","img":"https://sgfm.elcorteingles.es/SGFM/dctm/MEDIA03/201607/13/00200102501012____1__600x600.jpg","price":"2,15 €","categories":["Supermercado","Alimentación General","Conservas de carne","Salchichas en conserva","FAMADESA salchichas cóctel lata 180 g"],"general_information":["Denominación del alimento: Salchichas Coctel","Nombre del operador: Famadesa","Dirección del operador: Camino de Santa Ines, 71; 29590 Campanillas (Málaga)","Cantidad Neta: 410 g","Peso neto escurrido: 180 g","Otras menciones obligatorias en la etiqueta: No contiene gluten"],"ingredients":[" Carne y tocino de cerdo (46%), agua,  carne separada mecánicamente de pavo (5%), almidón de maíz, sal, especias, proteína de soja, emulgentes (E-451i,  E-450, E-450i), gelificantes (E-407, E-410, E-412, E-466), aromas, potenciador  del sabor (E-621), antioxidantes (E-316, E-331iii)), conservantes (E-262ii, E-250). Contiene soja y productos lácteos."],"conservation":" No necesita refrigeración. Mantener en lugar fresco y seco. Una vez abierto conservar en refrigeración y consumir en 3 días.","ean":"8412254225085"},{"full_name":"EL CORTE INGLES magro de cerdo cocido lata 220","name":"magro de cerdo cocido lata 220 ","brand":"EL CORTE INGLES ","img":"https://sgfm.elcorteingles.es/SGFM/00/08/0/0118002600080/0118002600080000g01011.jpg","price":"1,95 €            ","price_unit":"(6,82 € / Kilo)","categories":["Supermercado","Alimentación General","Conservas de carne","Magro de cerdo en lata","EL CORTE INGLES magro de cerdo cocido lata 220"],"general_information":["Denominación del alimento: MAGRO DE CERDO COCIDO","Nombre del operador: Elaborado para  El Corte Ingés por Industrias Frigoríficas del Louro  C/Gomez Franqueira s/n 36400 O Porriño - España","Cantidad Neta: 220 g","Peso neto escurrido: 210 g","Número de raciones por envase: 7"],"ingredients":[" Ingredientes: Paleta y magro de cerdo (90%), agua,  tocino de cerdo ibérico, sal, estabilizantes (E-451i,  E-452ii, E-407, E-415, E410 y E-508), azúcar,  brandy, gelatina, especias, antioxidantes (E-301),  potenciador del sabor (E-621) y conservador (E-250). Puede contener trazas de gluten"],"conservation":" Conservar en ambiente fresco y seco.","ean":"8433329068871"},{"full_name":"APIS magro de cerdo cocido lata 220 g neto escurrido","name":"magro de cerdo cocido lata 220 g neto escurrido","brand":"APIS ","img":"https://sgfm.elcorteingles.es/SGFM/dctm/MEDIA02/CONTENIDOS/201408/21/00118002600023____2__600x600.jpg","price":"2,35 €","price_unit":"(10,68 € / Kilo)","categories":["Supermercado","Alimentación General","Conservas de carne","Magro de cerdo en lata","APIS magro de cerdo cocido lata 220 g neto escurrido"],"general_information":[],"ingredients":[],"ean":"8410218214335"},{"full_name":"APIS magro de cerdo pack ahorro 2 latas 200 g","name":"magro de cerdo pack ahorro 2 latas 200 g","brand":"APIS ","img":"https://sgfm.elcorteingles.es/SGFM/00/34/6/0118002600346/0118002600346000g01011.jpg","price":"3,85 €","price_unit":"(9,62 € / Kilo)","categories":["Supermercado","Alimentación General","Conservas de carne","Magro de cerdo en lata","APIS magro de cerdo pack ahorro 2 latas 200 g"],"general_information":["Denominación del alimento: Magro de paleta de cerdo cocida","Nombre del operador: CARNES Y VEGETALES, SL","Dirección del operador: Pol. Ind. El Prado c/Sevilla P. 1 y 2 Mérida  (Badajoz) - ESPAÑA","Cantidad Neta: 440 g","Peso neto escurrido: 380 g"],"ingredients":[" Carne de paleta de cerdo (82%), agua, sal, gelatina, estabilizantes (E-450iii, E-451i), azúcares, aroma, antioxidante (E-300), especias y conservador (E-250)"],"conservation":"Modo de empleo: En brochetas, con tomates y otras hortalizas. En las empanadillas, pizzas, croquetas, bocadillos, tortillas...","ean":"8410000826531"},{"full_name":"LOURIÑO magro de cerdo ibérico cocido lata 200 g","name":"magro de cerdo ibérico cocido lata 200 g","brand":"LOURIÑO ","img":"https://sgfm.elcorteingles.es/SGFM/dctm/MEDIA02/CONTENIDOS/201408/21/00118002600304____2__600x600.jpg","price":"2,09 €            ","price_unit":"(8,75 € / Kilo)","categories":["Supermercado","Alimentación General","Conservas de carne","Magro de cerdo en lata","LOURIÑO magro de cerdo ibérico cocido lata 200 g"],"general_information":["Denominación del alimento: Magro de cerdo Ibérico cocido en su Jugo 200g","País de origen: España","Nombre del operador: INDUSTRIAS FRIGORÍFICAS DEL LOURO, S.A.","Dirección del operador: AVda. Gómez Franqueira s/n - 36400 Pontevedra ? España","Lugar de procedencia del alimento: España","Cantidad Neta: 200 g"],"ingredients":[" Magro de cerdo ibérico (60%), magro de cerdo, agua, sal, estabilizadores (E-451i, E-452ii, E-407, E-415, E-410), corrector de acidez (E-508), brandy, gelatina, azúcar, especias, antioxidante (E-301) y conservador (E-250). Puede contener trazas de gluten, huevo, soja y leche"],"conservation":" Conservar en lugar fresco y seco. Una vez abierto conservar refrigerado.","ean":"8411769009821"},{"full_name":"IBERITOS magro de cerdo cocido lata 200 g","name":"magro de cerdo cocido lata 200 g","brand":"IBERITOS ","img":"https://sgfm.elcorteingles.es/SGFM/dctm/MEDIA03/201706/05/00118002600585____1__600x600.jpg","price":"1,75 €","price_unit":"(8,75 € / Kilo)","categories":["Supermercado","Alimentación General","Conservas de carne","Magro de cerdo en lata","IBERITOS magro de cerdo cocido lata 200 g"],"general_information":[],"ingredients":[],"ean":"8437014143287"},{"full_name":"FAMADESA chopped de pavo lata 425 g neto escurrido","name":"chopped de pavo lata 425 g neto escurrido","brand":"FAMADESA ","img":"https://sgfm.elcorteingles.es/SGFM/00/36/1/0118002600361/0118002600361000g01011.jpg","price":"2,70 €","price_unit":"(6,35 € / Kilo)","categories":["Supermercado","Alimentación General","Conservas de carne","Chopped en lata","FAMADESA chopped de pavo lata 425 g neto escurrido"],"general_information":["Denominación del alimento: Chopped pavo","Nombre del operador: Famadesa","Dirección del operador: Camino de Santa Ines, 71; 29590 Campanillas (Málaga)","Cantidad Neta: 500 g","Otras menciones obligatorias en la etiqueta: No contiene gluten"],"ingredients":[" Carne de pavo (61%), agua, almidón de maíz, sal, proteínas lácteas y de soja, estabilizantes (E-451i, E-450iii, i), fibra vegetal, aromas, emulgentes (E-407, E-410, E-412), antioxidantes (E-316, E-331i) y conservantes (E-262ii, E-250). Contiene soja y productos lácteos."],"conservation":" No necesita refrigeración. Mantener en lugar fresco y seco.","ean":"8412254224941"},{"full_name":"FAMADESA chopped pork lata 425 g neto escurrido","name":"chopped pork lata 425 g neto escurrido","brand":"FAMADESA ","img":"https://sgfm.elcorteingles.es/SGFM/00/35/3/0118002600353/0118002600353000g01011.jpg","price":"2,49 €","price_unit":"(5,86 € / Kilo)","categories":["Supermercado","Alimentación General","Conservas de carne","Chopped en lata","FAMADESA chopped pork lata 425 g neto escurrido"],"general_information":["Denominación del alimento: Chopped pork","Nombre del operador: Famadesa","Dirección del operador: Camino de Santa Ines, 71; 29590 Campanillas (Málaga)","Cantidad Neta: 500 g","Otras menciones obligatorias en la etiqueta: No contiene gluten."],"ingredients":[" Carne y grasa de cerdo (72%), agua, almidón de maíz, sal, proteínas lácteas y de soja, estabilizantes (E-451i, E-450iii,i), especias, emulgentes (E-407, E-410, E-412, E-415, E-471), aromas, potenciador del sabor (E-621), dextrosa, antioxidante (E-316, E-270) y conservantes (E-262ii, E-250). Contiene soja y productos lácteos."],"conservation":" No necesita refrigeración. Mantener en lugar fresco y seco. Una vez abierto, mantener en refrigeración.","ean":"8412254224927"},{"full_name":"CASA MATACHIN pechuga de pollo en aceite pack 2 latas 58 g neto escurrido","name":"pechuga de pollo en aceite pack 2 latas 58 g neto escurrido","brand":"CASA MATACHIN ","img":"https://sgfm.elcorteingles.es/SGFM/00/38/7/0118002600387/0118002600387000g01011.jpg","price":"2,05 €            ","price_unit":"(15,09 € / Kilo)","categories":["Supermercado","Alimentación General","Conservas de carne","Conservas de carne diversas","CASA MATACHIN pechuga de pollo en aceite pack 2 latas 58 g neto escurrido"],"general_information":["Denominación del alimento: Pechuga de pollo en aceite","País de origen: España","Nombre del operador: AVES NOBLES Y DERIVADOS S.L.","Dirección del operador: C/O, naves 11-17, Mercazaragoza. 50014 Zaragoza","Lugar de procedencia del alimento: Zaragoza, España.","Peso neto escurrido: 116 g"],"ingredients":[" Pechuga de pollo, aceite de girasol, aceite de oliva y sal. Sin gluten."],"conservation":" Conservar en lugar fresco y seco. Una vez abierta la lata, consumir inmediatamente.","ean":"8436000469752"},{"full_name":"CASA MATACHIN pechuga de pollo al natural pack 2 latas 58 g neto escurrido","name":"pechuga de pollo al natural pack 2 latas 58 g neto escurrido","brand":"CASA MATACHIN ","img":"https://sgfm.elcorteingles.es/SGFM/dctm/MEDIA02/CONTENIDOS/201407/17/00118002600429____1__600x600.jpg","price":"2,05 €            ","price_unit":"(15,09 € / Kilo)","categories":["Supermercado","Alimentación General","Conservas de carne","Conservas de carne diversas","CASA MATACHIN pechuga de pollo al natural pack 2 latas 58 g neto escurrido"],"general_information":["Denominación del alimento: Pechuga de pollo al natural","País de origen: España","Nombre del operador: AVES NOBLES Y DERIVADOS S.L.","Dirección del operador: C/O, naves 11-17, Mercazaragoza. 50014 Zaragoza","Lugar de procedencia del alimento: Zaragoza, España.","Peso neto escurrido: 116 g"],"ingredients":[" Pechuga de pollo y sal. Sin gluten."],"conservation":" Conservar en lugar fresco y seco. Una vez abierta la lata, consumir inmediatamente.","ean":"8436000469776"},{"full_name":"CAMPOFRIO pechuga de pavo al natural especial ensaladas pack 2 lata 80 g neto escurrido","name":"pechuga de pavo al natural especial ensaladas pack 2 lata 80 g neto escurrido","brand":"CAMPOFRIO ","img":"https://sgfm.elcorteingles.es/SGFM/dctm/MEDIA03/201704/06/00118002600536____5__600x600.jpg","price":"2,39 €","price_unit":"(14,94 € / Kilo)","categories":["Supermercado","Alimentación General","Conservas de carne","Conservas de carne diversas","CAMPOFRIO pechuga de pavo al natural especial ensaladas pack 2 lata 80 g neto escurrido"],"general_information":["Denominación del alimento: PECHUGA DE PAVO COCIDA.","País de origen: España","Nombre del operador: Campofrio Food Group S.A.","Dirección del operador: Avda. de Europa, 24 - 28108 ALCOBENDAS (Madrid) España","Cantidad Neta: 160 g"],"ingredients":[" Pechuga de pavo (92,5%), agua y sal."],"conservation":" Mantener entre 0° y 5° C","ean":"8410320264440"},{"full_name":"CAMPOFRIO pechuga de pollo al natural especial ensaladas pack 2 lata 80 g neto escurrido","name":"pechuga de pollo al natural especial ensaladas pack 2 lata 80 g neto escurrido","brand":"CAMPOFRIO ","img":"https://sgfm.elcorteingles.es/SGFM/dctm/MEDIA03/201704/06/00118002600544____5__600x600.jpg","price":"2,09 €","price_unit":"(13,06 € / Kilo)","categories":["Supermercado","Alimentación General","Conservas de carne","Conservas de carne diversas","CAMPOFRIO pechuga de pollo al natural especial ensaladas pack 2 lata 80 g neto escurrido"],"general_information":["Denominación del alimento: PECHUGA DE POLLO COCIDA","País de origen: España","Nombre del operador: Campofrio Food Group S.A.","Dirección del operador: Avda. de Europa, 24 - 28108 ALCOBENDAS (Madrid) España","Cantidad Neta: 160 g"],"ingredients":[" Pechuga de pollo (92,5%), agua y sal."],"conservation":" Mantener en lugar fresco y seco","ean":"8410320264457"},{"full_name":"APIS fiambre de jamón delight lata 200 g","name":"fiambre de jamón delight lata 200 g","brand":"APIS ","img":"https://sgfm.elcorteingles.es/SGFM/dctm/MEDIA02/CONTENIDOS/201412/10/00118002600445____2__600x600.jpg","price":"2,05 €","price_unit":"(10,25 € / Kilo)","categories":["Supermercado","Alimentación General","Conservas de carne","Conservas de carne diversas","APIS fiambre de jamón delight lata 200 g"],"general_information":["Denominación del alimento: Fiambre de jamón","Nombre del operador: CARNES Y VEGETALES, SL","Dirección del operador: Pol. Ind. El Prado c/Sevilla P. 1 y 2 Mérida  (Badajoz) - ESPAÑA","Cantidad Neta: 220 g","Peso neto escurrido: 190 g"],"ingredients":[" Carne de jamón de cerdo (50%), agua, fécula de patata, sal, gelatina, azúcar, dextrosa, antioxidantes (e-325, E-300), estabilizantes (E-450iii, E-451i, e-407, E-410), especias, aromas y conservador (E-250)."],"ean":"8410218205418"},{"full_name":"APIS fiambre de pavo delight lata 200 g","name":"fiambre de pavo delight lata 200 g","brand":"APIS ","img":"https://sgfm.elcorteingles.es/SGFM/dctm/MEDIA02/CONTENIDOS/201412/10/00118002600437____2__600x600.jpg","price":"2,25 €","price_unit":"(11,25 € / Kilo)","categories":["Supermercado","Alimentación General","Conservas de carne","Conservas de carne diversas","APIS fiambre de pavo delight lata 200 g"],"general_information":[],"ingredients":[],"ean":"8410218214632"},{"full_name":"HEREFORD corned beef argentino carne vacuna lata 340 g","name":"corned beef argentino carne vacuna lata 340 g","brand":"HEREFORD ","img":"https://sgfm.elcorteingles.es/SGFM/dctm/MEDIA03/201702/13/00118002600312____1__600x600.jpg","price":"4,50 €","price_unit":"(13,24 € / Kilo)","categories":["Supermercado","Alimentación General","Conservas de carne","Conservas de carne diversas","HEREFORD corned beef argentino carne vacuna lata 340 g"],"general_information":["Denominación del alimento: Carne vacuna","Nombre del operador: Bolton Cile España","Dirección del operador: C/ Ombú nº 3 28045 Madrid, España","Cantidad Neta: 340 g"],"ingredients":[" Vacuno (carne de vacuno, carrillada y corazón de vacuno,vacuno cocido) (98.7%), sal, conservador E-250"],"ean":"3047360801080"}]