[{"full_name":"EL CORTE INGLES tomate frito elaborado con tomates del Valle Del Ebro pack 3 envases 400 g","name":"tomate frito elaborado con tomates del Valle Del Ebro pack 3 envases 400 g","brand":"EL CORTE INGLES ","img":"https://sgfm.elcorteingles.es/SGFM/dctm/MEDIA03/201703/16/00118043501818____2__600x600.jpg","price":"1,59 €","price_unit":"(1,32 € / Kilo)","categories":["Supermercado","Alimentación General","Conservas vegetales","Tomate frito","EL CORTE INGLES tomate frito elaborado con tomates del Valle Del Ebro pack 3 envases 400 g"],"general_information":["Nombre del operador: Elaborado para El Corte Inglés por \nIndustrias Alimentarias de Navarra, S.A.U.\nPeñalfons, s/n \n31330 Villafranca ? Navarra\nEspaña","Cantidad Neta: 400 g","Número de raciones por envase: 13"],"ingredients":[" Ingredientes: tomate ( 160 g de tomate por 100 g de producto ), aceite de girasol, cebolla, azúcar, sal y acidulante: ácido cítrico."],"conservation":" Una vez abierto el envase, conservar refrigerado y consumir en un plazo inferior a 3 días.","ean":"8433329033503"},{"full_name":"EL CORTE INGLES tomate frito de cosecha con aceite de oliva pack 4 frasco 350 g","name":"tomate frito de cosecha con aceite de oliva pack 4 frasco 350 g","brand":"EL CORTE INGLES ","img":"https://sgfm.elcorteingles.es/SGFM/dctm/MEDIA03/201603/11/00118043501495____2__600x600.jpg","price":"4,95 €","price_unit":"(3,54 € / Kilo)","categories":["Supermercado","Alimentación General","Conservas vegetales","Tomate frito","EL CORTE INGLES tomate frito de cosecha con aceite de oliva pack 4 frasco 350 g"],"general_information":["Denominación del alimento: Tomate Frito","Nombre del operador: Elaborado para El Corte Inglés por \nIndustrias del Bierzo, S.A.\nSan Roque s/n\n24549 Carracedelo (León)\nEspaña","Cantidad Neta: 350 g"],"ingredients":[" Ingredientes: Tomate (86%), cebolla (5%), aceite de oliva (3%), azúcar, almidón modificado de maíz y sal."],"conservation":" Conservar en frigorífico un máximo de 5 días","ean":"8433329053860"},{"full_name":"EL CORTE INGLES tomate frito cosecha con aceite de oliva pack ahorro 4 frasco 350 g","name":"tomate frito cosecha con aceite de oliva pack ahorro 4 frasco 350 g","brand":"EL CORTE INGLES ","img":"https://sgfm.elcorteingles.es/SGFM/dctm/MEDIA03/201603/11/00118043501263____3__600x600.jpg","price":"4,75 €","price_unit":"(3,39 € / Kilo)","categories":["Supermercado","Alimentación General","Conservas vegetales","Tomate frito","EL CORTE INGLES tomate frito cosecha con aceite de oliva pack ahorro 4 frasco 350 g"],"general_information":["Denominación del alimento: Tomate Frito","Nombre del operador: Elaborado para El Corte Inglés por \nIndustrias del Bierzo, S.A.\nSan Roque s/n\n24549 Carracedelo (León)\nEspaña","Cantidad Neta: 350 g"],"ingredients":[" Ingredientes: Tomate (86%), cebolla (5%), aceite de oliva (3%), azúcar, almidón modificado de maíz y sal."],"conservation":" Conservar en frigorífico un máximo de 5 días","ean":"8433329053853"},{"full_name":"EL CORTE INGLES tomate frito cosecha con aceite de oliva frasco 350 g","name":"tomate frito cosecha con aceite de oliva frasco 350 g","brand":"EL CORTE INGLES ","img":"https://sgfm.elcorteingles.es/SGFM/dctm/MEDIA03/201603/11/00118043500281____2__600x600.jpg","price":"1,30 €","price_unit":"(3,71 € / Kilo)","categories":["Supermercado","Alimentación General","Conservas vegetales","Tomate frito","EL CORTE INGLES tomate frito cosecha con aceite de oliva frasco 350 g"],"general_information":["Denominación del alimento: Tomate Frito","Nombre del operador: Elaborado para El Corte Inglés por \nIndustrias del Bierzo, S.A.\nSan Roque s/n\n24549 Carracedelo (León)\nEspaña","Cantidad Neta: 350 g"],"ingredients":[" Ingredientes: Tomate (86%), cebolla (5%), aceite de oliva (3%), azúcar, almidón modificado de maíz y sal."],"conservation":" Conservar en frigorífico un máximo de 5 días","ean":"8433329055383"},{"full_name":"EL CORTE INGLES tomate frito sin azúcares añadidos frasco 560 g neto escurrido","name":"tomate frito sin azúcares añadidos frasco 560 g neto escurrido","brand":"EL CORTE INGLES ","img":"https://sgfm.elcorteingles.es/SGFM/dctm/MEDIA03/201609/22/00118043502030____2__600x600.jpg","price":"0,90 €","price_unit":"(1,61 € / Kilo)","categories":["Supermercado","Alimentación General","Conservas vegetales","Tomate frito","EL CORTE INGLES tomate frito sin azúcares añadidos frasco 560 g neto escurrido"],"general_information":["Denominación del alimento: Tomate frito sin azúcares añadidos. Contiene azúcares naturalmente presentes.","Nombre del operador: Elaborado para El Corte Inglés por \nIndustrias Alimentarias de Navarra, S.A.U.\nPeñalfons, s/n \n31330 Villafranca ? Navarra\nEspaña","Cantidad Neta: 560 g"],"ingredients":[" Ingredientes: Tomate (140g de tomate por 100g de producto), aceite de girasol, almidón modificado de maíz, verduras (cebolla y ajo), sal y acidulante: ácido cítrico."],"conservation":" Conservar en lugar fresco y seco. Después de abrir, conservar en frigorífico y consumir en un plazo inferior a 3 días.","ean":"8433329071000"},{"full_name":"ALIADA tomate frito pack 3 envases 210 g","name":"tomate frito pack 3 envases 210 g","brand":"ALIADA ","img":"https://sgfm.elcorteingles.es/SGFM/dctm/MEDIA02/CONTENIDOS/201408/25/00118043501792____1__600x600.jpg","price":"0,82 €","price_unit":"(1,30 € / Kilo)","categories":["Supermercado","Alimentación General","Conservas vegetales","Tomate frito","ALIADA tomate frito pack 3 envases 210 g"],"general_information":["Nombre del operador: Elaborado para el\nGrupo El Corte Inglés\nHermosilla, 112 - 28009 Madrid - España\npor NIF: A31204175","Cantidad Neta: 210 g","Número de raciones por envase: 7 de 30 g"],"ingredients":[" Ingredientes: Tomate ( 140 g de tomate por 100 g de producto ), aceite de girasol, almidón modificado de maíz, verduras (cebolla y ajo), azúcar,sal y acidulante: ácido cítrico."],"conservation":" Conservar en lugar fresco y seco. Una vez abierto el envase, conservar refrigerado y consumir en un plazo inferior a 3 días.","ean":"8433329034524"},{"full_name":"ALIADA tomate frito pack 3 envases 400 g","name":"tomate frito pack 3 envases 400 g","brand":"ALIADA ","img":"https://sgfm.elcorteingles.es/SGFM/dctm/MEDIA02/CONTENIDOS/201408/25/00118043501800____1__600x600.jpg","price":"1,05 €","price_unit":"(0,88 € / Kilo)","categories":["Supermercado","Alimentación General","Conservas vegetales","Tomate frito","ALIADA tomate frito pack 3 envases 400 g"],"general_information":["Nombre del operador: Elaborado para el\nGrupo El Corte Inglés\nHermosilla, 112 - 28009 Madrid - España\npor NIF: A31204175","Cantidad Neta: 400 g","Número de raciones por envase: 13  de 30 g"],"ingredients":[" Ingredientes: Tomate ( 140 g de tomate por 100 g de producto ), aceite de girasol, almidón modificado de maíz, verduras (cebolla y ajo), azúcar,sal y acidulante: ácido cítrico."],"conservation":" Conservar en lugar fresco y seco. Una vez abierto el envase, conservar refrigerado y consumir en un plazo inferior a 3 días.","ean":"8433329033527"},{"full_name":"ALIADA tomate frito envase 400 g","name":"tomate frito envase 400 g","brand":"ALIADA ","img":"https://sgfm.elcorteingles.es/SGFM/dctm/MEDIA02/CONTENIDOS/201408/25/00118043501297____1__600x600.jpg","price":"0,46 €","price_unit":"(1,15 € / Kilo)","categories":["Supermercado","Alimentación General","Conservas vegetales","Tomate frito","ALIADA tomate frito envase 400 g"],"general_information":["Nombre del operador: Elaborado para el\nGrupo El Corte Inglés\nHermosilla, 112   28009 Madrid - España\npor NIF: A31204175","Cantidad Neta: 400 g","Número de raciones por envase: 13 de 30 g"],"ingredients":[" Ingredientes: Tomate ( 140 g de tomate por 100 g de producto ), aceite de girasol, almidón modificado de maíz, verduras (cebolla y ajo), azúcar,sal y acidulante: ácido cítrico."],"conservation":" Conservar en lugar fresco y seco. Una vez abierto el envase, conservar refrigerado y consumir en un plazo inferior a 3 días.","ean":"8433329013390"},{"full_name":"ORLANDO tomate frito con aceite de oliva virgen extra pack 3 envases 210 g","name":"tomate frito con aceite de oliva virgen extra pack 3 envases 210 g","brand":"ORLANDO ","img":"https://sgfm.elcorteingles.es/SGFM/dctm/MEDIA02/CONTENIDOS/201408/25/00118043501727____1__600x600.jpg","price":"2,10 €","price_unit":"(3,33 € / Kilo)","categories":["Supermercado","Alimentación General","Conservas vegetales","Tomate frito","ORLANDO tomate frito con aceite de oliva virgen extra pack 3 envases 210 g"],"general_information":["Denominación del alimento: Tomate Frito","Nombre del operador: H.J. Heinz Foods Spin S.L.","Dirección del operador: Ctra. Rincón de Soto-Corello km 2,8. 26540 Alfaro (La Rioja)","Cantidad Neta: 630 g"],"ingredients":[" Tomate (170 g por 100 g de tomate frito), aceite de oliva virgen extra (3,5%), (sofrito con cebollas y ajos frescos), azúcar, sal y fibra. Contiene cebolla."],"conservation":" Conservar en lugar fresco y seco. Una vez abierto, conservar en frigorifíco y consumir antes de 5 días.","ean":"8410066115723"},{"full_name":"ORLANDO tomate frito pack 6 envase 350 g","name":"tomate frito pack 6 envase 350 g","brand":"ORLANDO ","img":"https://sgfm.elcorteingles.es/SGFM/01/91/7/0118043501917/0118043501917000g01011.jpg","price":"3,75 €","price_unit":"(1,79 € / Kilo)","categories":["Supermercado","Alimentación General","Conservas vegetales","Tomate frito","ORLANDO tomate frito pack 6 envase 350 g"],"general_information":["Denominación del alimento: Tomate Frito","Nombre del operador: H.J. Heinz Foods Spin S.L.","Dirección del operador: Ctra. Rincón de Soto-Corello km 2,8. 26540 Alfaro (La Rioja)","Cantidad Neta: 2,1 Kilogramos"],"ingredients":[" Tomate (160 g por 100 g de tomate frito), aceite de girasol (3,4%), (sofrito con cebollas y ajos frescos), azúcar, almidón modificado de maiz y sal. Contiene cebolla"],"conservation":" Conservar en lugar fresco y seco. Una vez abierto, conservar en frigorifíco y consumir antes de 5 días.","ean":"8410066115884"},{"full_name":"ORLANDO tomate frito con aceite de oliva virgen extra envase 780 g","name":"tomate frito con aceite de oliva virgen extra envase 780 g","brand":"ORLANDO ","img":"https://sgfm.elcorteingles.es/SGFM/01/71/6/0200143501716/0200143501716000g01011.jpg","price":"2,10 €","price_unit":"(2,69 € / Kilo)","categories":["Supermercado","Alimentación General","Conservas vegetales","Tomate frito","ORLANDO tomate frito con aceite de oliva virgen extra envase 780 g"],"general_information":["Denominación del alimento: Tomate Frito","Nombre del operador: H.J. Heinz Foods Spin S.L.","Dirección del operador: Ctra. Rincón de Soto-Corello km 2,8. 26540 Alfaro (La Rioja)","Cantidad Neta: 780 g"],"ingredients":[" Tomate (170 g por 100 g de tomate frito), aceite de oliva virgen extra (3,5%), (sofrito con cebollas y ajos frescos), azúcar, sal y fibra. Contiene cebolla."],"conservation":" Conservar en lugar fresco y seco. Una vez abierto, conservar en frigorifíco y consumir antes de 5 días.","ean":"8410066109043"},{"full_name":"ORLANDO tomate frito con abre fácil envase 780 g","name":"tomate frito con abre fácil envase 780 g","brand":"ORLANDO ","img":"https://sgfm.elcorteingles.es/SGFM/dctm/MEDIA02/CONTENIDOS/201408/25/00118043500356____1__600x600.jpg","price":"1,25 €","price_unit":"(1,60 € / Kilo)","categories":["Supermercado","Alimentación General","Conservas vegetales","Tomate frito","ORLANDO tomate frito con abre fácil envase 780 g"],"general_information":["Denominación del alimento: Tomate Frito","Nombre del operador: H.J. Heinz Foods Spin S.L.","Dirección del operador: Ctra. Rincón de Soto-Corello km 2,8. 26540 Alfaro (La Rioja)","Cantidad Neta: 780 g"],"ingredients":[" Tomate (160 g por 100 g de tomate frito), aceite de girasol (3,4%), (sofrito con cebollas y ajos frescos), azúcar, almidón modificado de maiz y sal. Contiene maíz, cebolla y aceite de soja."],"conservation":" Conservar en lugar fresco y seco. Una vez abierto, conservar en frigorifíco y consumir antes de 5 días.","ean":"8410066000067"},{"full_name":"ORLANDO tomate frito pack 3 envase 210 g","name":"tomate frito pack 3 envase 210 g","brand":"ORLANDO ","img":"https://sgfm.elcorteingles.es/SGFM//01/18/0/0118043501180/0118043501180000g01011.jpg","price":"1,65 €","price_unit":"(2,62 € / Kilo)","categories":["Supermercado","Alimentación General","Conservas vegetales","Tomate frito","ORLANDO tomate frito pack 3 envase 210 g"],"general_information":["Denominación del alimento: Tomate Frito","Nombre del operador: H.J. Heinz Foods Spin S.L.","Dirección del operador: Ctra. Rincón de Soto-Corello km 2,8. 26540 Alfaro (La Rioja)","Cantidad Neta: 630 g"],"ingredients":[" Tomate (160 g por 100 g de tomate frito), aceite de girasol (3,4%), (sofrito con cebollas y ajos frescos), azúcar, almidón modificado de maiz y sal. Contiene maíz, cebolla y aceite de soja."],"conservation":" Conservar en lugar fresco y seco. Una vez abierto, conservar en frigorifíco y consumir antes de 5 días.","ean":"8410066111459"},{"full_name":"ORLANDO tomate frito lata 410 g","name":"tomate frito lata 410 g","brand":"ORLANDO ","img":"https://sgfm.elcorteingles.es/SGFM/00/31/5/0118043500315/0118043500315000g01011.jpg","price":"0,79 €","price_unit":"(1,98 € / Kilo)","categories":["Supermercado","Alimentación General","Conservas vegetales","Tomate frito","ORLANDO tomate frito lata 410 g"],"general_information":["Denominación del alimento: Tomate Frito","Nombre del operador: H.J. Heinz Foods Spin S.L.","Dirección del operador: Ctra. Rincón de Soto-Corello km 2,8. 26540 Alfaro (La Rioja)","Cantidad Neta: 400 g"],"ingredients":[" Tomate (160 g  por 100 g de tomate frito), aceite de girasol (3,4%), (sofrito con cebollas y ajos frescos), azúcar,almidón modificado de maíz y sal. Contiene maíz, cebolla y aceite de soja."],"conservation":" Conservar en lugar fresco y seco. Una vez abierto, conservar en frigorifíco y consumir antes de 3 días.","ean":"8410066000029"},{"full_name":"ORLANDO tomate frito especial pasta orégano con aceite de oliva virgen extra envase 350 g","name":"tomate frito especial pasta orégano con aceite de oliva virgen extra envase 350 g","brand":"ORLANDO ","img":"https://sgfm.elcorteingles.es/SGFM//01/27/1/0118043501271/0118043501271000g01011.jpg","price":"1,19 €","price_unit":"(3,40 € / Kilo)","categories":["Supermercado","Alimentación General","Conservas vegetales","Tomate frito","ORLANDO tomate frito especial pasta orégano con aceite de oliva virgen extra envase 350 g"],"general_information":["Denominación del alimento: Tomate Frito","Nombre del operador: H.J. Heinz Foods Spin S.L.","Dirección del operador: Ctra. Rincón de Soto-Corello km 2,8. 26540 Alfaro (La Rioja)","Cantidad Neta: 350 g"],"ingredients":[" Tomate (170 g  por 100 g de producto), aceite de oliva virgen extra (3,3%), (sofrito con cebollas y ajos frescos), azúcar, hojas de orégano, sal  fibra alimentaria. Contiene cebolla."],"conservation":" Conservar en lugar fresco y seco. Una vez abierto, conservar en frigorifíco y consumir antes de 5 días.","ean":"8410066114931"},{"full_name":"ORLANDO tomate frito envase 350 g","name":"tomate frito envase 350 g","brand":"ORLANDO ","img":"https://sgfm.elcorteingles.es/SGFM/dctm/MEDIA02/CONTENIDOS/201408/25/00118043500307____1__600x600.jpg","price":"0,69 €","price_unit":"(1,97 € / Kilo)","categories":["Supermercado","Alimentación General","Conservas vegetales","Tomate frito","ORLANDO tomate frito envase 350 g"],"general_information":["Denominación del alimento: Tomate Frito","Nombre del operador: H.J. Heinz Foods Spin S.L.","Dirección del operador: Ctra. Rincón de Soto-Corello km 2,8. 26540 Alfaro (La Rioja)","Cantidad Neta: 350 g"],"ingredients":[" Tomate (160 g por 100 g de tomate frito), aceite de girasol (3,4%), (sofrito con cebollas y ajos frescos), azúcar, almidón modificado de maiz y sal. Contiene maíz, cebolla y aceite de soja."],"conservation":" Conservar en lugar fresco y seco. Una vez abierto, conservar en frigorifíco y consumir antes de 5 días.","ean":"8410066000074"},{"full_name":"ORLANDO tomate frito pack 3 envases 350 g","name":"tomate frito pack 3 envases 350 g","brand":"ORLANDO ","img":"https://sgfm.elcorteingles.es/SGFM/01/93/3/0118043501933/0118043501933000g01011.jpg","price":"2,69 €            ","price_unit":"(1,56 € / Kilo)","categories":["Supermercado","Alimentación General","Conservas vegetales","Tomate frito","ORLANDO tomate frito pack 3 envases 350 g"],"general_information":["Denominación del alimento: Tomate Frito","Nombre del operador: H.J. Heinz Foods Spin S.L.","Dirección del operador: Ctra. Rincón de Soto-Corello km 2,8. 26540 Alfaro (La Rioja)","Cantidad Neta: 1.4 Kilogramos"],"ingredients":[" Tomate (160 g por 100 g de tomate frito), aceite de girasol (3,4%), (sofrito con cebollas y ajos frescos), azúcar, almidón modificado de maiz y sal. Contiene maíz, cebolla y aceite de soja."],"conservation":" Conservar en lugar fresco y seco. Una vez abierto, conservar en frigorifíco y consumir antes de 5 días.","ean":"8410066122509"},{"full_name":"ORLANDO tomate frito con aceite de oliva envase 350 g","name":"tomate frito con aceite de oliva envase 350 g","brand":"ORLANDO ","img":"https://sgfm.elcorteingles.es/SGFM/dctm/MEDIA02/CONTENIDOS/201408/25/00118043500653____1__600x600.jpg","price":"0,99 €","price_unit":"(2,83 € / Kilo)","categories":["Supermercado","Alimentación General","Conservas vegetales","Tomate frito","ORLANDO tomate frito con aceite de oliva envase 350 g"],"general_information":["Denominación del alimento: Tomate Frito","Nombre del operador: H.J. Heinz Foods Spin S.L.","Dirección del operador: Ctra. Rincón de Soto-Corello km 2,8. 26540 Alfaro (La Rioja)","Cantidad Neta: 350 g"],"ingredients":[" Tomate (170 g por 100 g de tomate frito), aceite de oliva virgen extra (3,5%), (sofrito con cebollas y ajos frescos), azúcar, sal y fibra. Contiene cebolla."],"conservation":" Conservar en lugar fresco y seco. Una vez abierto, conservar en frigorifíco y consumir antes de 5 días.","ean":"8410066108572"},{"full_name":"ORLANDO tomate frito estilo casero frasco 295 g neto escurrido","name":"tomate frito estilo casero frasco 295 g neto escurrido","brand":"ORLANDO ","img":"https://sgfm.elcorteingles.es/SGFM/dctm/MEDIA02/CONTENIDOS/201408/25/00118043500349____1__600x600.jpg","price":"1,65 €","price_unit":"(5,59 € / Kilo)","categories":["Supermercado","Alimentación General","Conservas vegetales","Tomate frito","ORLANDO tomate frito estilo casero frasco 295 g neto escurrido"],"general_information":["Denominación del alimento: Tomate Frito","Nombre del operador: H.J. Heinz Foods Spin S.L.","Dirección del operador: Ctra. Rincón de Soto-Corello km 2,8. 26540 Alfaro (La Rioja)","Cantidad Neta: 370,0 g"],"ingredients":[" Tomate (174 g  por 100 g de tomate frito), aceite de girasol (5%), (sofrito con cebollas y ajos frescos), cebolla 4% azúcar y sal. Contiene cebolla."],"conservation":" Conservar en lugar fresco y seco. Una vez abierto, conservar en frigorifíco y consumir antes de 3 días.","ean":"8410066000036"},{"full_name":"ORLANDO tomate frito 0,0 sin sal ni azúcares añadidos envase 350 g neto escurrido","name":"tomate frito 0,0 sin sal ni azúcares añadidos envase 350 g neto escurrido","brand":"ORLANDO ","img":"https://sgfm.elcorteingles.es/SGFM//01/63/6/0118043501636/0118043501636000g01011.jpg","price":"0,89 €","price_unit":"(2,54 € / Kilo)","categories":["Supermercado","Alimentación General","Conservas vegetales","Tomate frito","ORLANDO tomate frito 0,0 sin sal ni azúcares añadidos envase 350 g neto escurrido"],"general_information":["Denominación del alimento: Tomate Frito","Nombre del operador: H.J. Heinz Foods Spin S.L.","Dirección del operador: Ctra. Rincón de Soto-Corello km 2,8. 26540 Alfaro (La Rioja)","Cantidad Neta: 350 g","Otras menciones obligatorias en la etiqueta: Sin sal ni azúcares añadidos"],"ingredients":[" Tomate (160 g por 10 0g de producto), aceite de girasol 4% (sofrito con cebollas y ajos frescos), almidón modificado de maiz y aroma (contiene leche). Contiene productos lácteos (leche), maíz, cebolla y aceite de soja."],"conservation":" Conservar en lugar fresco y seco. Una vez abierto, conservar en frigorifíco y consumir antes de 5 días.","ean":"8410066119714"},{"full_name":"HIDA tomate frito casero pack 3 latas 155 g","name":"tomate frito casero pack 3 latas 155 g","brand":"HIDA ","img":"https://sgfm.elcorteingles.es/SGFM/dctm/MEDIA02/CONTENIDOS/201408/25/00118043500117____1__600x600.jpg","price":"2,00 €","price_unit":"(4,30 € / Kilo)","categories":["Supermercado","Alimentación General","Conservas vegetales","Tomate frito","HIDA tomate frito casero pack 3 latas 155 g"],"general_information":["Denominación del alimento: Tomate frito.","Nombre del operador: Hida Alimentación, S.A.","Dirección del operador: Pol. El Arreaque. Apdo. 70 -30.170 Mula (Murcia)-España.","Cantidad Neta: 465 g","Otras menciones obligatorias en la etiqueta: Sin gluten. No OGM's."],"ingredients":[" Tomate, aceite de oliva virgen extra (5.1%), azúcar y sal."],"conservation":"Modo de empleo: Consumo directo o utilización del mismo como ingrediente o guarnición en la elaboración de otros platos.","ean":"8424523030122"},{"full_name":"HIDA tomate frito casero lata 400 g","name":"tomate frito casero lata 400 g","brand":"HIDA ","img":"https://sgfm.elcorteingles.es/SGFM/00/12/5/0118043500125/0118043500125000g01011.jpg","price":"1,35 €","price_unit":"(2,93 € / Kilo)","categories":["Supermercado","Alimentación General","Conservas vegetales","Tomate frito","HIDA tomate frito casero lata 400 g"],"general_information":["Denominación del alimento: Tomate frito.","Nombre del operador: Hida Alimentación, S.A.","Dirección del operador: Pol. El Arreaque. Apdo. 70 -30.170 Mula (Murcia)-España.","Cantidad Neta: 460 g","Otras menciones obligatorias en la etiqueta: Sin gluten. No OGM's."],"ingredients":[" Tomate, aceite de oliva virgen extra (5.1%), azúcar y sal."],"conservation":"Modo de empleo: Consumo directo o utilización del mismo como ingrediente o guarnición en la elaboración de otros platos.","ean":"8424523030917"},{"full_name":"HIDA tomate frito elaborado con productos frescos frasco 350 g neto escurrido","name":"tomate frito elaborado con productos frescos frasco 350 g neto escurrido","brand":"HIDA ","img":"https://sgfm.elcorteingles.es/SGFM/dctm/MEDIA03/201707/05/00118043501966____1__600x600.jpg","price":"1,19 €","price_unit":"(3,40 € / Kilo)","categories":["Supermercado","Alimentación General","Conservas vegetales","Tomate frito","HIDA tomate frito elaborado con productos frescos frasco 350 g neto escurrido"],"general_information":["Denominación del alimento: Tomate frito.","Nombre del operador: Hida Alimentación, S.A.","Dirección del operador: Pol. El Arreaque. Apdo. 70 -30.170 Mula (Murcia)-España.","Cantidad Neta: 350 g","Otras menciones obligatorias en la etiqueta: Sin gluten. No OGM's."],"ingredients":[" Tomate, aceite de oliva virgen extra (5.1%), azúcar y sal."],"conservation":"Modo de empleo: Consumo directo o utilización del mismo como ingrediente o guarnición en la elaboración de otros platos.","ean":"8424523030252"},{"full_name":"HIDA tomate frito light lata 340 g neto escurrido","name":"tomate frito light lata 340 g neto escurrido","brand":"HIDA ","img":"https://sgfm.elcorteingles.es/SGFM/01/89/1/0118043501891/0118043501891000g01011.jpg","price":"1,25 €","price_unit":"(3,68 € / Kilo)","categories":["Supermercado","Alimentación General","Conservas vegetales","Tomate frito","HIDA tomate frito light lata 340 g neto escurrido"],"general_information":["Denominación del alimento: Tomate frito light.","Nombre del operador: Hida Alimentación, S.A.","Dirección del operador: Pol. El Arreaque. Apdo. 70 -30.170 Mula (Murcia)-España.","Cantidad Neta: 340 g","Otras menciones obligatorias en la etiqueta: Sin gluten. No OGM's."],"ingredients":[" Tomate, aceite de oliva virgen extra (3.8%), sal y edulcorante: sucralosa."],"conservation":"Modo de empleo: Consumo directo o utilización del mismo como ingrediente o guarnición en la elaboración de otros platos.","ean":"8424523030269"},{"full_name":"HIDA tomate frito ecológico frasco 350 g neto escurrido","name":"tomate frito ecológico frasco 350 g neto escurrido","brand":"HIDA ","img":"https://sgfm.elcorteingles.es/SGFM/dctm/MEDIA03/201602/24/00118043700022____2__600x600.jpg","price":"1,85 €","price_unit":"(5,29 € / Kilo)","categories":["Supermercado","Alimentación General","Conservas vegetales","Tomate frito","HIDA tomate frito ecológico frasco 350 g neto escurrido"],"general_information":["Denominación del alimento: Tomate frito ecológico.","Nombre del operador: Hida Alimentación, S.A.","Dirección del operador: Pol. El Arreaque. Apdo. 70 -30.170 Mula (Murcia)-España.","Cantidad Neta: 350 g","Otras menciones obligatorias en la etiqueta: Sin gluten. No OGM's."],"ingredients":[" Tomate*, aceite de oliva virgen extra* (5.1%),  azúcar* y sal (*ecológico)."],"conservation":"Modo de empleo: Consumo directo o utilización del mismo como ingrediente o guarnición en la elaboración de otros platos.","ean":"8424523030320"},{"full_name":"HIDA sofrito de tomate y cebolla con aceite de oliva virgen extra frasco 350 g neto escurrido","name":"sofrito de tomate y cebolla con aceite de oliva virgen extra frasco 350 g neto escurrido","brand":"HIDA ","img":"https://sgfm.elcorteingles.es/SGFM/dctm/MEDIA03/201707/05/00118043501685____1__600x600.jpg","price":"1,70 €","price_unit":"(4,86 € / Kilo)","categories":["Supermercado","Alimentación General","Conservas vegetales","Tomate frito","HIDA sofrito de tomate y cebolla con aceite de oliva virgen extra frasco 350 g neto escurrido"],"general_information":[],"ingredients":[],"ean":"8424523030108"},{"full_name":"HIDA tomate frito ligero y suave con aceite de oliva virgen extra frasco 310 g neto escurrido","name":"tomate frito ligero y suave con aceite de oliva virgen extra frasco 310 g neto escurrido","brand":"HIDA ","img":"https://sgfm.elcorteingles.es/SGFM/dctm/MEDIA03/201707/05/00118043501693____1__600x600.jpg","price":"1,45 €","price_unit":"(5 € / Kilo)","categories":["Supermercado","Alimentación General","Conservas vegetales","Tomate frito","HIDA tomate frito ligero y suave con aceite de oliva virgen extra frasco 310 g neto escurrido"],"general_information":["Denominación del alimento: Tomate frito ligero y suave.","Nombre del operador: Hida Alimentación, S.A.","Dirección del operador: Pol. El Arreaque. Apdo. 70 -30.170 Mula (Murcia)-España.","Cantidad Neta: 290 g","Otras menciones obligatorias en la etiqueta: Sin gluten. No OGM's."],"ingredients":[" Tomate, aceite de oliva virgen extra (5.0%), azúcar y sal."],"conservation":"Modo de empleo: Consumo directo o utilización del mismo como ingrediente o guarnición en la elaboración de otros platos.","ean":"8424523030092"},{"full_name":"SOLIS tomate frito formato familiar pack 3 frasco 360 g neto escurrido","name":"tomate frito formato familiar pack 3 frasco 360 g neto escurrido","brand":"SOLIS ","img":"https://sgfm.elcorteingles.es/SGFM/02/01/4/0118043502014/0118043502014000g01011.jpg","price":"2,00 €","price_unit":"(1,85 € / Kilo)","categories":["Supermercado","Alimentación General","Conservas vegetales","Tomate frito","SOLIS tomate frito formato familiar pack 3 frasco 360 g neto escurrido"],"general_information":["Denominación del alimento: Tomate Frito","Nombre del operador: Nestlé España, S.A.","Dirección del operador: Avinguda Països Catalans, 51 - 08950 Esplugues de Llobregat (Barcelona)","Cantidad Neta: 1080 g"],"ingredients":[" Tomate y concentrado de tomate (167g de tomate para elaborar 100g de tomate frito), aceite de girasol, azúcar, almidón modificado de maíz, sal, cebolla, ajo, pimienta blanca, aromas naturales."],"conservation":" Una vez abierto, mantener en el frigorífico.","ean":"7613034289148"},{"full_name":"SOLIS tomate frito solis pack 3 envases 350 g","name":"tomate frito solis pack 3 envases 350 g","brand":"SOLIS ","img":"https://sgfm.elcorteingles.es/SGFM/01/74/0/0200143501740/0200143501740000g01011.jpg","price":"1,85 €","price_unit":"(1,32 € / Kilo)","categories":["Supermercado","Alimentación General","Conservas vegetales","Tomate frito","SOLIS tomate frito solis pack 3 envases 350 g"],"general_information":["Denominación del alimento: Tomate frito","Nombre del operador: Nestlé España, S.A.","Dirección del operador: Av. Països Catalans, 25-51 -08950 Esplugues de llobregat (Barcelona)","Cantidad Neta: 1400 g"],"ingredients":[" Tomate y concentrado de tomate (167 g de tomate para elaborar 100 g de tomate frito), aceite de girasol, azúcar, almidón modificado de maíz, sal, cebolla, ajo, pimienta blanca, aromas  naturales."],"conservation":" Una vez abierto, mantener en el frigorífico.","ean":"7613033779930"},{"full_name":"SOLIS tomate frito pack 3 envases 200 g","name":"tomate frito pack 3 envases 200 g","brand":"SOLIS ","img":"https://sgfm.elcorteingles.es/SGFM/01/83/4/0118043501834/0118043501834000g01011.jpg","price":"1,55 €","price_unit":"(2,58 € / Kilo)","categories":["Supermercado","Alimentación General","Conservas vegetales","Tomate frito","SOLIS tomate frito pack 3 envases 200 g"],"general_information":["Denominación del alimento: Tomate Frito","Nombre del operador: Nestlé España, S.A.","Dirección del operador: Avinguda Països Catalans, 51 - 08950 Esplugues de Llobregat (Barcelona)","Cantidad Neta: 600 g"],"ingredients":[" Tomate y concentrado de tomate (167g de tomate para elaborar 100g de tomate frito), aceite de girasol, azúcar, almidón modificado de maíz, sal, cebolla, ajo, pimienta blanca, aromas naturales."],"conservation":" Una vez abierto, mantener en el frigorífico.","ean":"7613033779909"},{"full_name":"SOLIS tomate frito frasco 360 g","name":"tomate frito frasco 360 g","brand":"SOLIS ","img":"https://sgfm.elcorteingles.es/SGFM/00/40/6/0118043500406/0118043500406000g01011.jpg","price":"0,89 €","price_unit":"(2,47 € / Kilo)","categories":["Supermercado","Alimentación General","Conservas vegetales","Tomate frito","SOLIS tomate frito frasco 360 g"],"general_information":[],"ingredients":[],"ean":"8413000064644"},{"full_name":"SOLIS tomate frito frasco 725 g neto escurrido","name":"tomate frito frasco 725 g neto escurrido","brand":"SOLIS ","img":"https://sgfm.elcorteingles.es/SGFM/01/70/1/0118043501701/0118043501701000g01011.jpg","price":"1,55 €","price_unit":"(2,14 € / Kilo)","categories":["Supermercado","Alimentación General","Conservas vegetales","Tomate frito","SOLIS tomate frito frasco 725 g neto escurrido"],"general_information":["Denominación del alimento: Tomate Frito","Nombre del operador: Nestlé España, S.A.","Dirección del operador: Avinguda Països Catalans, 51 - 08950 Esplugues de Llobregat (Barcelona)","Cantidad Neta: 725 g"],"ingredients":[" Tomate y concentrado de tomate (167g de tomate para preparar 100 g de tomate frito), aceite de girasol, azúcar, almidón modificado de maíz, sal, cebolla, ajo, pimienta blanca, aromas naturales."],"conservation":" Una vez abierto, mantener en el frigorífico","ean":"8413000064651"},{"full_name":"SOLIS tomate frito apto para dietas sin gluten envase 350 g","name":"tomate frito apto para dietas sin gluten envase 350 g","brand":"SOLIS ","img":"https://sgfm.elcorteingles.es/SGFM/01/55/2/0118043501552/0118043501552000g01011.jpg","price":"0,59 €","price_unit":"(1,69 € / Kilo)","categories":["Supermercado","Alimentación General","Conservas vegetales","Tomate frito","SOLIS tomate frito apto para dietas sin gluten envase 350 g"],"general_information":["Denominación del alimento: Tomate Frito","Nombre del operador: Nestlé España, S.A.","Dirección del operador: Avinguda Països Catalans, 51 - 08950 Esplugues de Llobregat (Barcelona)","Cantidad Neta: 350 g"],"ingredients":[" Tomate y concentrado de tomate (167 g de tomate para elaborar 100 g de tomate frito), aceite de girasol, azúcar, almidón modificado de maíz, sal, cebolla, ajo, pimienta blanca, aromas naturales."],"conservation":" Una vez abierto, mantener en el frigorífico.","ean":"7613032921767"},{"full_name":"SOLIS tomate frito casero envase 350 g","name":"tomate frito casero envase 350 g","brand":"SOLIS ","img":"https://sgfm.elcorteingles.es/SGFM/01/52/9/0118043501529/0118043501529000g01011.jpg","price":"1,09 €","price_unit":"(3,11 € / Kilo)","categories":["Supermercado","Alimentación General","Conservas vegetales","Tomate frito","SOLIS tomate frito casero envase 350 g"],"general_information":["Denominación del alimento: Tomate Frito","Nombre del operador: Nestlé España, S.A.","Dirección del operador: Avinguda Països Catalans, 51 - 08950 Esplugues de Llobregat (Barcelona)","Cantidad Neta: 350 g"],"ingredients":[" Tomate y concentrado de tomate (144 g de tomate para elaborar 100g de tomate frito), cebolla (6%), aceite de girasol (5,7%), azúcar, aceite de oliva (1%), sal."],"conservation":" Una vez abierto, mantener en el frigorífico máximo de 3 a 5 días.","ean":"7613032875008"},{"full_name":"SOLIS tomate frito casero frasco 350 g","name":"tomate frito casero frasco 350 g","brand":"SOLIS ","img":"https://sgfm.elcorteingles.es/SGFM/01/42/0/0118043501420/0118043501420000g01011.jpg","price":"1,35 €","price_unit":"(3,38 € / Kilo)","categories":["Supermercado","Alimentación General","Conservas vegetales","Tomate frito","SOLIS tomate frito casero frasco 350 g"],"general_information":["Denominación del alimento: Tomate Frito","Nombre del operador: Nestlé España, S.A.","Dirección del operador: Avinguda Països Catalans, 51 - 08950 Esplugues de Llobregat (Barcelona)","Cantidad Neta: 350 g"],"ingredients":[" Tomate y concentrado de tomate (144 g de tomate para elaborar 100g de tomate frito), cebolla (6%), aceite de girasol (5,7%), azúcar, aceite de oliva (1%), sal."],"conservation":" Una vez abierto, mantener en el frigorífico.","ean":"7613031631674"},{"full_name":"SOLIS tomate frito lata 140 g","name":"tomate frito lata 140 g","brand":"SOLIS ","img":"https://sgfm.elcorteingles.es/SGFM/00/81/0/0118043500810/0118043500810000g01011.jpg","price":"0,55 €","price_unit":"(3,93 € / Kilo)","categories":["Supermercado","Alimentación General","Conservas vegetales","Tomate frito","SOLIS tomate frito lata 140 g"],"general_information":["Denominación del alimento: TOMATE FRITO","Nombre del operador: Nestlé España, S.A.","Dirección del operador: Nestlé España S.A. Edificio Nestlé 08950 Esplugues de Llobregat (Barcelona)","Cantidad Neta: 140 g"],"ingredients":[" Ingredientes: Tomate y concentrado de tomate (167 g de tomate para elaborar 100g de tomate frito), aceite de girasol, azúcar, almidón modificado de maíz, sal, cebolla, ajo, pimienta blanca, aromas naturales."],"conservation":" Una vez abierto, mantener en el frigorífico un máximo de 7 días","ean":"8413000064675"},{"full_name":"HERO tomate frito preparación casera frasco 370 g","name":"tomate frito preparación casera frasco 370 g","brand":"HERO ","img":"https://sgfm.elcorteingles.es/SGFM/dctm/MEDIA03/201704/27/00118043500034____2__600x600.jpg","price":"1,59 €            ","price_unit":"(3,92 € / Kilo)","categories":["Supermercado","Alimentación General","Conservas vegetales","Tomate frito","HERO tomate frito preparación casera frasco 370 g"],"general_information":["Denominación del alimento: Tomate Frito","País de origen: España","Nombre del operador: Hero España, S.A.","Dirección del operador: Avda. Murcia, 1 30820 Alcantarilla, Murcia","Cantidad Neta: 370 g"],"ingredients":[" Tomate (157 g/100g), azúcar, aceite de girasol, sal, almidón de maíz y cebolla"],"conservation":" Conservar en lugar fresco y seco. Una vez abierto conservar en el frigorífico.","ean":"8410175090409"},{"full_name":"HERO tomate frito Selección Cosecha frasco 370 g","name":"tomate frito Selección Cosecha frasco 370 g","brand":"HERO ","img":"https://sgfm.elcorteingles.es/SGFM/01/20/6/0118043501206/0118043501206000g01011.jpg","price":"2,09 €            ","price_unit":"(4,46 € / Kilo)","categories":["Supermercado","Alimentación General","Conservas vegetales","Tomate frito","HERO tomate frito Selección Cosecha frasco 370 g"],"general_information":["Denominación del alimento: Tomate Frito Temporada","País de origen: España","Nombre del operador: Hero España, S.A.","Dirección del operador: Avda. Murcia, 1 30820 Alcantarilla, Murcia","Cantidad Neta: 370 g"],"ingredients":[" Tomate (157 g/100g),  aceite de girasol, azúcar y sal."],"conservation":" Conservar en lugar fresco y seco. Una vez abierto, mantener en el frigorífico.","ean":"8410175009890"},{"full_name":"PEDRO LUIS tomate frito casero ecológico frasco 340 g","name":"tomate frito casero ecológico frasco 340 g","brand":"PEDRO LUIS ","img":"https://sgfm.elcorteingles.es/SGFM/dctm/MEDIA02/CONTENIDOS/201503/27/00118043700014____1__600x600.jpg","price":"2,39 €","price_unit":"(7,03 € / Kilo)","categories":["Supermercado","Alimentación General","Conservas vegetales","Tomate frito","PEDRO LUIS tomate frito casero ecológico frasco 340 g"],"general_information":["Denominación del alimento: Tomate frito","Nombre del operador: Conservas Pedro Luís, S.L.","Dirección del operador: Pol.Industrial El Ramal, C/ Del Ramal 19 -31580- Lodosa (Navarra)","Cantidad Neta: 340,0 g","Otras menciones obligatorias en la etiqueta: Producto de temporada. Recolección: Agosto / Septiembre. Procedente de la agricultura ecológica. ES-ECO-025-NA. Agricultura de España."],"ingredients":[" Tomate* (160 g. de tomate por 100 g. de producto final), aceite de oliva virgen extra (4.5%)*, cebolla*, puerro*,sal, azúcar de caña*, ajo* y regulador de acidez: ácido cítrico. *Procedente de la agricultura ecológica."],"conservation":" Conservar en un lugar fresco y seco protegido de la luz. Una vez abierto, conservar en el frigorífico y consumir antes de 5 días.","ean":"8425205011057"},{"full_name":"PEDRO LUIS tomate frito con pimiento del piquillo de agricultura ecológica frasco 340 g","name":"tomate frito con pimiento del piquillo de agricultura ecológica frasco 340 g","brand":"PEDRO LUIS ","img":"https://sgfm.elcorteingles.es/SGFM/dctm/MEDIA02/CONTENIDOS/201503/27/00118043700055____1__600x600.jpg","price":"3,25 €","price_unit":"(9,56 € / Kilo)","categories":["Supermercado","Alimentación General","Conservas vegetales","Tomate frito","PEDRO LUIS tomate frito con pimiento del piquillo de agricultura ecológica frasco 340 g"],"general_information":["Denominación del alimento: Tomate frito con pimiento del piquillo","Nombre del operador: Conservas Pedro Luís, S.L.","Dirección del operador: Pol.Industrial El Ramal, C/ Del Ramal 19 -31580- Lodosa (Navarra)","Cantidad Neta: 340 g","Otras menciones obligatorias en la etiqueta: Agricultura ecológica. ES-ECO-025-NA."],"ingredients":[" Tomate* (160g de tomate por 100g de producto final), pimientos del piquillo* (6%), aceite de oliva virgen extra* (4.5%), cebolla*, puerro*, sal, azúcar de caña*, ajo* y regulador de acidez: ácido cítrico. *Procedente de la agricultura ecológica."],"conservation":" Conservar en lugar fresco y seco protegido de la luz. Una vez abierto, conservar en el frigorífico y consumir antes de 5 días.","ean":"8425205012474"},{"full_name":"HELIOS tomate frito frasco 570 g","name":"tomate frito frasco 570 g","brand":"HELIOS ","img":"https://sgfm.elcorteingles.es/SGFM/00/01/8/0118043500018/0118043500018000g01011.jpg","price":"1,59 €","price_unit":"(2,79 € / Kilo)","categories":["Supermercado","Alimentación General","Conservas vegetales","Tomate frito","HELIOS tomate frito frasco 570 g"],"general_information":["Denominación del alimento: Tomate Frito","Nombre del operador: DULCES Y CONSERVAS HELIOS S.A.","Dirección del operador: Carretera de Salamanca, nº44, 47195 Arroyo de la Encomienda","Cantidad Neta: 570 g"],"ingredients":[" Tomate, cebolla, azúcar, jarabe de glucosa y fructosa, aceite de girasol, almidón modificado, sal, acidulante: ácido cítrico y especias"],"conservation":" Conservese en lugar fresco y seco. Una vez abierto conservesé en el frigorifico","ean":"8410095007013"},{"full_name":"HELIOS tomate frito receta artesana con aceite de oliva frasco 300 g","name":"tomate frito receta artesana con aceite de oliva frasco 300 g","brand":"HELIOS ","img":"https://sgfm.elcorteingles.es/SGFM/dctm/MEDIA03/201709/26/00118043502097____2__600x600.jpg","price":"1,45 €","price_unit":"(4,83 € / Kilo)","categories":["Supermercado","Alimentación General","Conservas vegetales","Tomate frito","HELIOS tomate frito receta artesana con aceite de oliva frasco 300 g"],"general_information":["Denominación del alimento: Tomate Frito Receta Artesana","Nombre del operador: DULCES Y CONSERVAS HELIOS S.A.","Dirección del operador: Carretera de Salamanca, nº44, 47195 Arroyo de la Encomienda","Cantidad Neta: 300 g"],"ingredients":[" Tomate, aceite de oliva, azúcar, sal y especias"],"conservation":" Conservese en lugar fresco y seco. Una vez abierto conservesé en el frigorifico","ean":"8410095007341"},{"full_name":"HELIOS tomate frito estilo Mediterráneo con aceite oliva virgen extra frasco 560 g","name":"tomate frito estilo Mediterráneo con aceite oliva virgen extra frasco 560 g","brand":"HELIOS ","img":"https://sgfm.elcorteingles.es/SGFM/00/89/3/0118043500893/0118043500893000g01011.jpg","price":"1,69 €","price_unit":"(3,02 € / Kilo)","categories":["Supermercado","Alimentación General","Conservas vegetales","Tomate frito","HELIOS tomate frito estilo Mediterráneo con aceite oliva virgen extra frasco 560 g"],"general_information":["Denominación del alimento: TOMATE FRITO ESTILO MEDITERRÁNEO","Nombre del operador: DULCES Y CONSERVAS HELIOS S.A.","Dirección del operador: Carretera de Salamanca, nº44, 47195 Arroyo de la Encomienda","Cantidad Neta: 560 g"],"ingredients":[" Tomate, aceite de oliva, azúcar, sal."],"conservation":" Conservese en lugar fresco y seco. Una vez abierto conservesé en el frigorifico","ean":"8410095501450"},{"full_name":"HELIOS salsa de tomate casero frasco 570 g","name":"salsa de tomate casero frasco 570 g","brand":"HELIOS ","img":"https://sgfm.elcorteingles.es/SGFM//00/05/9/0118043500059/0118043500059000g01011.jpg","price":"1,59 €","price_unit":"(2,79 € / Kilo)","categories":["Supermercado","Alimentación General","Conservas vegetales","Tomate frito","HELIOS salsa de tomate casero frasco 570 g"],"general_information":["Denominación del alimento: Salsa Casera","Nombre del operador: DULCES Y CONSERVAS HELIOS S.A.","Dirección del operador: Carretera de Salamanca, nº44, 47195 Arroyo de la Encomienda","Cantidad Neta: 570 g"],"ingredients":[" Tomate, cebolla, azúcar, aceite de girasol, zanahoria, almidón modificado, sal, acidulante: ácido cítrico y especias,"],"conservation":" Conservese en lugar fresco y seco. Una vez abierto conservesé en el frigorifico","ean":"8410095007242"},{"full_name":"HELIOS salsa de tomate casera frasco 300 g","name":"salsa de tomate casera frasco 300 g","brand":"HELIOS ","img":"https://sgfm.elcorteingles.es/SGFM/dctm/MEDIA03/201709/26/00118017603160____1__600x600.jpg","price":"1,55 €","price_unit":"(5,17 € / Kilo)","categories":["Supermercado","Alimentación General","Conservas vegetales","Tomate frito","HELIOS salsa de tomate casera frasco 300 g"],"general_information":["Denominación del alimento: Salsa Casera","Nombre del operador: DULCES Y CONSERVAS HELIOS S.A.","Dirección del operador: Carretera de Salamanca, nº44, 47195 Arroyo de la Encomienda","Cantidad Neta: 300 g"],"ingredients":[" Tomate, cebolla, azúcar, jarabe de glucosa y fructosa, aceite de girasol, zanahoria, almidón modificado de maiz, sal, acidulante:ácido cítrico, especias"],"conservation":" Conservese en lugar fresco y seco. Una vez abierto conservesé en el frigorifico","ean":"8410095010013"},{"full_name":"GALLINA BLANCA tomate frito 100% natural con aceite de oliva virgen extra frasco 350 g","name":"tomate frito 100% natural con aceite de oliva virgen extra frasco 350 g","brand":"GALLINA BLANCA ","img":"https://sgfm.elcorteingles.es/SGFM/01/39/6/0118043501396/0118043501396000g01011.jpg","price":"1,50 €","price_unit":"(4,29 € / Kilo)","categories":["Supermercado","Alimentación General","Conservas vegetales","Tomate frito","GALLINA BLANCA tomate frito 100% natural con aceite de oliva virgen extra frasco 350 g"],"general_information":["Denominación del alimento: Tomate frito","Nombre del operador: Gallina Blanca, S.A.","Dirección del operador: Plaza Europa 42, 08902 - Hospitalet de Llobregat (Barcelona)","Cantidad Neta: 350 g","Número de raciones por envase: 7","Otras menciones obligatorias en la etiqueta: Sello FEC (Federación Española del Corazón). Sin conservantes ni colorantes."],"ingredients":[" Tomate (concentrado)(145 g de tomate para preparar 100 g de producto), aceite de oliva virgen extra (3%), azúcar, almidón de arroz, cebolla, sal y ajo."],"conservation":" Conservar a temperatura ambiente, en un lugar fresco y seco, al abrigo de la luz. Una vez abierto, mantener en frigorífico un máximo de 5 días.","ean":"0000084103284"},{"full_name":"GALLINA BLANCA sofrito de tomate y cebolla 100% natural con aceite de oliva virgen extra frasco 350 g","name":"sofrito de tomate y cebolla 100% natural con aceite de oliva virgen extra frasco 350 g","brand":"GALLINA BLANCA ","img":"https://sgfm.elcorteingles.es/SGFM/01/40/4/0118043501404/0118043501404000g01011.jpg","price":"1,65 €","price_unit":"(4,71 € / Kilo)","categories":["Supermercado","Alimentación General","Conservas vegetales","Tomate frito","GALLINA BLANCA sofrito de tomate y cebolla 100% natural con aceite de oliva virgen extra frasco 350 g"],"general_information":["Denominación del alimento: Sofrito de tomate y cebolla","Nombre del operador: Gallina Blanca, S.A.","Dirección del operador: Plaza Europa 42, 08902 - Hospitalet de Llobregat (Barcelona)","Cantidad Neta: 350 g","Número de raciones por envase: 7","Otras menciones obligatorias en la etiqueta: Sello FEC (Federación Española del Corazón). Sin grasas hidrogenadas. Sin conservantes ni colorantes."],"ingredients":[" Tomate (50%) (pulpa y concentrado), cebolla (37%), aceite de oliva virgen extra (9%), sal."],"conservation":" Conservar a temperatura ambiente, en un lugar fresco y seco, al abrigo de la luz. Una vez abierto, mantener en frigorífico un máximo de 5 días.","ean":"0000084103291"},{"full_name":"IBSA fritada casera de tomate de cosecha con aceite de oliva frasco 350 g","name":"fritada casera de tomate de cosecha con aceite de oliva frasco 350 g","brand":"IBSA ","img":"https://sgfm.elcorteingles.es/SGFM/dctm/MEDIA03/201703/02/00118043501230____1__600x600.jpg","price":"1,35 €","price_unit":"(3,86 € / Kilo)","categories":["Supermercado","Alimentación General","Conservas vegetales","Tomate frito","IBSA fritada casera de tomate de cosecha con aceite de oliva frasco 350 g"],"general_information":["Denominación del alimento: FRITADA DE TOMATE ?CON CALCIO?","Nombre del operador: INDUSTRIAS DEL BIERZO S.A.","Dirección del operador: C/ San Roque s/n Carracedelo, 24549","Cantidad Neta: 350 g"],"ingredients":[" Tomate (87%), cebolla (5%), pimiento (2%), aceite de oliva (1.5%), azúcar, almidón modificado de maíz, lactato cálcico (1%), sal y\nacidulante: ácido cítrico."],"ean":"8412464023006"},{"full_name":"IBSA sofrito de tomate frasco 350 g","name":"sofrito de tomate frasco 350 g","brand":"IBSA ","img":"https://sgfm.elcorteingles.es/SGFM/dctm/MEDIA03/201702/27/00118043500174____1__600x600.jpg","price":"0,99 €","price_unit":"(2,83 € / Kilo)","categories":["Supermercado","Alimentación General","Conservas vegetales","Tomate frito","IBSA sofrito de tomate frasco 350 g"],"general_information":["Denominación del alimento: Sofrito de tomate","Nombre del operador: Industrias del Bierzo S.A","Dirección del operador: C/ San Roque, s/n 24549 Carracedelo (León) España","Cantidad Neta: 350 g","Otras menciones obligatorias en la etiqueta: Sin gluten. Sin colorantes ni conservantes."],"ingredients":[" Tomate (90%), cebolla, aceite de girasol, azúcar, almidón de maíz y sal."],"conservation":" Una vez abierto conservar en el frigorífico máximo 5 días.","ean":"8412464131503"},{"full_name":"APIS tomate frito lote ahorro pack 3 envase 400 g","name":"tomate frito lote ahorro pack 3 envase 400 g","brand":"APIS ","img":"https://sgfm.elcorteingles.es/SGFM/02/02/2/0118043502022/0118043502022000g01011.jpg","price":"1,99 €","price_unit":"(1,66 € / Kilo)","categories":["Supermercado","Alimentación General","Conservas vegetales","Tomate frito","APIS tomate frito lote ahorro pack 3 envase 400 g"],"general_information":["Denominación del alimento: Tomate frito","Nombre del operador: CARNES Y VEGETALES, SL","Dirección del operador: Pol. Ind. El Prado c/Sevilla P. 1 y 2 Mérida  (Badajoz) - ESPAÑA","Cantidad Neta: 1200 g"],"ingredients":[" Tomate (170g para elaborar 100g de producto), aceite de girasol, jarabe de glucosa y fructosa, azúcar, manzana, almidón modificado, sal, aromas y especias."],"ean":"8410000828474"},{"full_name":"APIS tomate frito pack 3 envase 215 g","name":"tomate frito pack 3 envase 215 g","brand":"APIS ","img":"https://sgfm.elcorteingles.es/SGFM/01/04/0/0118043501040/0118043501040000g01011.jpg","price":"1,55 €","price_unit":"(2,40 € / Kilo)","categories":["Supermercado","Alimentación General","Conservas vegetales","Tomate frito","APIS tomate frito pack 3 envase 215 g"],"general_information":["Denominación del alimento: Tomate frito","Nombre del operador: CARNES Y VEGETALES, SL","Dirección del operador: Pol. Ind. El Prado c/Sevilla P. 1 y 2 Mérida  (Badajoz) - ESPAÑA","Cantidad Neta: 645 g"],"ingredients":[" Tomate (170g para elaborar 100g de producto), aceite de girasol, jarabe de glucosa y fructosa, azúcar, manzana, almidón modificado, sal, aromas y especias."],"ean":"8410000814927"},{"full_name":"APIS tomate frito envase 350 g","name":"tomate frito envase 350 g","brand":"APIS ","img":"https://sgfm.elcorteingles.es/SGFM/01/25/5/0118043501255/0118043501255000g01011.jpg","price":"0,79 €","price_unit":"(2,26 € / Kilo)","categories":["Supermercado","Alimentación General","Conservas vegetales","Tomate frito","APIS tomate frito envase 350 g"],"general_information":[],"ingredients":[],"ean":"8410218209706"},{"full_name":"APIS sofrito de tomate mediterráneo frasco 300 g","name":"sofrito de tomate mediterráneo frasco 300 g","brand":"APIS ","img":"https://sgfm.elcorteingles.es/SGFM/01/97/4/0118043501974/0118043501974000g01011.jpg","price":"1,65 €","price_unit":"(5,50 € / Kilo)","categories":["Supermercado","Alimentación General","Conservas vegetales","Tomate frito","APIS sofrito de tomate mediterráneo frasco 300 g"],"general_information":["Denominación del alimento: Sofrito de tomate","Nombre del operador: CARNES Y VEGETALES, SL","Dirección del operador: Pol. Ind. El Prado c/Sevilla P. 1 y 2 Mérida  (Badajoz) - ESPAÑA","Cantidad Neta: 300 g"],"ingredients":[" Tomate (160g para elaborar 100g de producto), cebolla frita (5%), azúcar, aceite de oliva virgen extra (33%), almidón modificado, sal y especias."],"ean":"8410218201328"},{"full_name":"FRUCO tomate frito frasco 380 g","name":"tomate frito frasco 380 g","brand":"FRUCO ","img":"https://sgfm.elcorteingles.es/SGFM/00/21/6/0118043500216/0118043500216000g01011.jpg","price":"0,79 €","price_unit":"(2,08 € / Kilo)","categories":["Supermercado","Alimentación General","Conservas vegetales","Tomate frito","FRUCO tomate frito frasco 380 g"],"general_information":[],"ingredients":[],"ean":"8410218174974"},{"full_name":"FERRER tomate sofrito casero frasco 300 g","name":"tomate sofrito casero frasco 300 g","brand":"FERRER ","img":"https://sgfm.elcorteingles.es/SGFM/01/46/1/0118043501461/0118043501461000g01011.jpg","price":"1,69 €            ","price_unit":"(4,83 € / Kilo)","categories":["Supermercado","Alimentación General","Conservas vegetales","Tomate frito","FERRER tomate sofrito casero frasco 300 g"],"general_information":["Denominación del alimento: Tomate sofrito casero","Nombre del operador: Ferrer tradicional, S.L.","Dirección del operador: Pol.  Ind.  Sta. Anna, Crta. Santpedor a Navarcles, Km4  -08251 Santpedor (Barcelona)","Cantidad Neta: 350,0 g"],"ingredients":[" tomate (70%), agua, cebolla frita (cebolla, aceite de oliva virgen, sal, corrector de acidez: ácido cítrico), aceite de girasol, azúcar, ajo, sal y almendra (0.4%)."],"conservation":" Una vez abierto, mantener refrigerado y consumir en el plazo de un mes.","ean":"8411026030001"},{"full_name":"ARANCA tomate frito con aceite de oliva virgen frasco 420 g","name":"tomate frito con aceite de oliva virgen frasco 420 g","brand":"ARANCA ","img":"https://sgfm.elcorteingles.es/SGFM/01/59/4/0118043501594/0118043501594000g01011.jpg","price":"2,15 €            ","price_unit":"(4,40 € / Kilo)","categories":["Supermercado","Alimentación General","Conservas vegetales","Tomate frito","ARANCA tomate frito con aceite de oliva virgen frasco 420 g"],"general_information":["Denominación del alimento: Tomate frito con aceite de oliva","Nombre del operador: Selfoods SAU","Dirección del operador: El Rebato s/n 08739 SUBIRATS (Barcelona)","Cantidad Neta: 420 g","Otras menciones obligatorias en la etiqueta: No contiene alérgenos."],"ingredients":[" Tomate 91%, aceite de oliva8%, ajos y sal"],"conservation":" Una vez abierto conservar en el frigorífico","ean":"8436021663856"},{"full_name":"ARANCA tomate frito auténtico sabor casero sin sal frasco 420 g neto escurrido","name":"tomate frito auténtico sabor casero sin sal frasco 420 g neto escurrido","brand":"ARANCA ","img":"https://sgfm.elcorteingles.es/SGFM/01/90/9/0118043501909/0118043501909000g01011.jpg","price":"2,15 €            ","price_unit":"(4,40 € / Kilo)","categories":["Supermercado","Alimentación General","Conservas vegetales","Tomate frito","ARANCA tomate frito auténtico sabor casero sin sal frasco 420 g neto escurrido"],"general_information":["Denominación del alimento: TOMATES FRITO CON ACEITE DE OLIVA","Nombre del operador: Selfoods SAU","Dirección del operador: El Rebato s/n 08739 SUBIRATS (Barcelona)","Cantidad Neta: 420 g"],"ingredients":[" Tomates 91%, aceite de oliva 8%, azúcar, ajos y sal"],"conservation":" Después de abierto mantener en refrigeración.","ean":"8436021664174"},{"full_name":"GVTARRA tomate frito cocinado frasco 660 g","name":"tomate frito cocinado frasco 660 g","brand":"GVTARRA ","img":"https://sgfm.elcorteingles.es/SGFM/dctm/MEDIA03/201612/12/00118043500182____1__600x600.jpg","price":"2,25 €            ","price_unit":"(3,26 € / Kilo)","categories":["Supermercado","Alimentación General","Conservas vegetales","Tomate frito","GVTARRA tomate frito cocinado frasco 660 g"],"general_information":["Denominación del alimento: Tomate cocinado","País de origen: España","Nombre del operador: RIBEREBRO INTEGRAL, SAU","Dirección del operador: Poligono Industrial La Llanada - 26540 Alfaro La Rioja","Cantidad Neta: 660 g","Número de raciones por envase: 1"],"ingredients":[" Tomate, cobolla, aceite de girasol, azúcar, sal, ajo, estabilizantes: E-412 y E-415 y acidulante: E-330 ácido cítrico"],"conservation":" Una vez abierto el tarro conservar en el frigorífico","ean":"8410514140109"},{"full_name":"IBERITOS surtido de tomate para desayunos 5 unidades envase 125 g","name":"surtido de tomate para desayunos 5 unidades envase 125 g","brand":"IBERITOS ","img":"https://sgfm.elcorteingles.es/SGFM/01/02/4/0118027501024/0118027501024000g01011.jpg","price":"1,45 €            ","price_unit":"(210 € / Kilo)","categories":["Supermercado","Alimentación General","Conservas vegetales","Tomate frito","IBERITOS surtido de tomate para desayunos 5 unidades envase 125 g"],"general_information":["Denominación del alimento: Surtido de tomates","Nombre del operador: Huerta dehesa el Alcornocal, S.L.","Dirección del operador: Crta. Ex -206, s/n -06410 Santa Amalia (Badajoz)","Cantidad Neta: 25 g","Número de raciones por envase: 5"],"ingredients":[" Tomate natural: Tomate natural. Tomate, aceite y sal:Tomate natural, aceite de oliva virgen extra, sal y antioxidante E-316. Tomate, aceite y ajo: Tomate natural 75%, aceite de oliva virgen extra 25%, sal, ajo y antioxidante E-316."],"conservation":" No necestia frío.","ean":"8437012690264"},{"full_name":"SANDOVAL tomate frito con aceite de oliva pack 3 latas 220 g","name":"tomate frito con aceite de oliva pack 3 latas 220 g","brand":"SANDOVAL ","img":"https://sgfm.elcorteingles.es/SGFM/00/06/7/0118043500067/0118043500067000g01011.jpg","price":"1,85 €","price_unit":"(2,80 € / Kilo)","categories":["Supermercado","Alimentación General","Conservas vegetales","Tomate frito","SANDOVAL tomate frito con aceite de oliva pack 3 latas 220 g"],"general_information":[],"ingredients":[],"ean":"8436007461575"},{"full_name":"MATA salsa de tomate frito en aceite de oliva frasco 370 g","name":"salsa de tomate frito en aceite de oliva frasco 370 g","brand":"MATA ","img":"https://sgfm.elcorteingles.es/SGFM/01/03/2/0118043501032/0118043501032000g01011.jpg","price":"3,50 €","price_unit":"(9,46 € / Kilo)","categories":["Supermercado","Alimentación General","Conservas vegetales","Tomate frito","MATA salsa de tomate frito en aceite de oliva frasco 370 g"],"general_information":["Denominación del alimento: TOMATE FRITO","Nombre del operador: PRODUCTOS MATA, S.A.","Dirección del operador: C/ Muralla s/n - 23660 Alcaudete (Jaén) , ESPAÑA","Cantidad Neta: 370 g"],"ingredients":[" Tomate, aceite de oliva, azúcar, sal y especias."],"ean":"8410163010174"},{"full_name":"PEDRO LUIS tomate frito de cultivo ecológico frasco 660 g","name":"tomate frito de cultivo ecológico frasco 660 g","brand":"PEDRO LUIS ","img":"https://sgfm.elcorteingles.es/SGFM/00/03/7/0200143700037/0200143700037000g01011.jpg","price":"2,69 €","price_unit":"(4,08 € / Kilo)","categories":["Supermercado","Alimentación General","Conservas vegetales","Tomate frito","PEDRO LUIS tomate frito de cultivo ecológico frasco 660 g"],"general_information":["Denominación del alimento: Tomate de agricultura ecológica, frito.","País de origen: España","Nombre del operador: Conservas Pedro Luís, S.L.","Dirección del operador: Pol.Industrial El Ramal, C/Del Ramal 19 -31580- Lodosa (Navarra)","Cantidad Neta: 660 g","Otras menciones obligatorias en la etiqueta: Procedente de la agricultura ecológica. ES-ECO-025-NA. Agricultura de España"],"ingredients":[" Tomate*, aceite de oliva virgen extra*, cebolla*, puerro*, sal, azúcar de caña*, ajo* y corrector de acidez: ácido cítrico.    *Procedente de agricultura ecologica"],"conservation":" Conservar en lugar fresco y seco, protegido de la luz. Una vez abierto, conservar en el frigorifico y consumir antes de 5 dias.","ean":"8425205012047"},{"full_name":"SANDOVAL tomate frito con aceite de oliva lata 420 g","name":"tomate frito con aceite de oliva lata 420 g","brand":"SANDOVAL ","img":"https://sgfm.elcorteingles.es/SGFM/01/29/4/0200143501294/0200143501294000g01011.jpg","price":"0,99 €","price_unit":"(2,36 € / Kilo)","categories":["Supermercado","Alimentación General","Conservas vegetales","Tomate frito","SANDOVAL tomate frito con aceite de oliva lata 420 g"],"general_information":[],"ingredients":[],"ean":"8436007461544"},{"full_name":"A ROSALEIRA fritada al natural lata 310 g neto escurrido","name":"fritada al natural lata 310 g neto escurrido","brand":"A ROSALEIRA ","img":"https://sgfm.elcorteingles.es/SGFM/01/34/7/0118043501347/0118043501347000g01011.jpg","price":"1,69 €","price_unit":"(5,45 € / Kilo)","categories":["Supermercado","Alimentación General","Conservas vegetales","Tomate frito","A ROSALEIRA fritada al natural lata 310 g neto escurrido"],"general_information":["Denominación del alimento: Base para fritada al natural","País de origen: España","Nombre del operador: Conservas A Rosaleira, S.L.","Dirección del operador: C/ Cumieira, 30 -36770 O Rosal (Pontevedra)","Lugar de procedencia del alimento: GALICIA/ESPAÑA","Cantidad Neta: 400 g","Peso neto escurrido: 310 g"],"ingredients":[" Tomate y pimiento verde"],"conservation":" TEMPERATURA AMBIENTE","ean":"8427802114001"},{"full_name":"EL ARTESANO fritada berciana de tomate frasco 280 g","name":"fritada berciana de tomate frasco 280 g","brand":"EL ARTESANO ","img":"https://sgfm.elcorteingles.es/SGFM/00/69/5/0118043500695/0118043500695000g01011.jpg","price":"1,81 €","price_unit":"(6,24 € / Kilo)","categories":["Supermercado","Alimentación General","Conservas vegetales","Tomate frito","EL ARTESANO fritada berciana de tomate frasco 280 g"],"general_information":[],"ingredients":[],"ean":"8424608200020"},{"full_name":"EL CORTE INGLES tomate natural triturado calidad extra lata 800 g neto escurrido","name":"tomate natural triturado calidad extra lata 800 g neto escurrido","brand":"EL CORTE INGLES ","img":"https://sgfm.elcorteingles.es/SGFM/dctm/MEDIA03/201604/08/00118027500091____1__600x600.jpg","price":"1,10 €","price_unit":"(1,38 € / Kilo)","categories":["Supermercado","Alimentación General","Conservas vegetales","Tomate natural triturado","EL CORTE INGLES tomate natural triturado calidad extra lata 800 g neto escurrido"],"general_information":["Denominación del alimento: TOMATE TRITURADO EXTRA","Nombre del operador: Elaborado para El Corte Inglés\npor Conservas El Cidacos S.A.\nCarretera de Calahorra, km 1\n26560 AUTOL (La Rioja). España","Lugar de procedencia del alimento: PRODUCTO DE ESPAÑA","Cantidad Neta: 800 g","Número de raciones por envase: 5"],"ingredients":[" Ingredientes: Tomate, sal, acidulante (ácido cítrico)."],"ean":"8433329016155"},{"full_name":"EL CORTE INGLES tomate natural triturado calidad extra lata 400 g neto escurrido","name":"tomate natural triturado calidad extra lata 400 g neto escurrido","brand":"EL CORTE INGLES ","img":"https://sgfm.elcorteingles.es/SGFM/dctm/MEDIA03/201604/08/00118027500117____1__600x600.jpg","price":"0,75 €","price_unit":"(1,88 € / Kilo)","categories":["Supermercado","Alimentación General","Conservas vegetales","Tomate natural triturado","EL CORTE INGLES tomate natural triturado calidad extra lata 400 g neto escurrido"],"general_information":["Denominación del alimento: Tomate triturado","Nombre del operador: Conservas El Cidacos, S.A.","Dirección del operador: Ctra. Calhorra, Km 1 26560 Autol (La Rioja)","Cantidad Neta: 400,0 g","Otras menciones obligatorias en la etiqueta: Calidad Extra"],"ingredients":[" Tomate, sal, acidulante (ácido cítrico)."],"conservation":"Modo de empleo: Listo para freír","ean":"8410313641821"},{"full_name":"ALIADA tomate extra triturado lata 780 g","name":"tomate extra triturado lata 780 g","brand":"ALIADA ","img":"https://sgfm.elcorteingles.es/SGFM/dctm/MEDIA02/CONTENIDOS/201408/20/00118027500620____1__600x600.jpg","price":"0,81 €","price_unit":"(1,04 € / Kilo)","categories":["Supermercado","Alimentación General","Conservas vegetales","Tomate natural triturado","ALIADA tomate extra triturado lata 780 g"],"general_information":["Denominación del alimento: TOMATE TRITURADO CATEGORÍA EXTRA","Nombre del operador: Distribuido para el\nGrupo El Corte Inglés\nHermosilla, 112   28009 Madrid - España\npor NIF: A-31180060","Cantidad Neta: 780 g","Número de raciones por envase: 6"],"ingredients":[" Ingredientes: Tomate, sal y acidulante: ácido cítrico."],"conservation":" Consevar en lugar fresco y seco. Una vez abierto, verter en un recipiente de cristal y mantener el producto cerrado y refrigerado un máximo de 48 horas.","ean":"8433329042291"},{"full_name":"ALIADA tomate extra triturado lata 400 g","name":"tomate extra triturado lata 400 g","brand":"ALIADA ","img":"https://sgfm.elcorteingles.es/SGFM/dctm/MEDIA02/CONTENIDOS/201408/20/00118027500729____1__600x600.jpg","price":"0,44 €","price_unit":"(1,10 € / Kilo)","categories":["Supermercado","Alimentación General","Conservas vegetales","Tomate natural triturado","ALIADA tomate extra triturado lata 400 g"],"general_information":["Denominación del alimento: TOMATE TRITURADO CATEGORÍA EXTRA","Nombre del operador: Distribuido para el\nGrupo El Corte Inglés\nHermosilla, 112   28009 Madrid - España\npor NIF: A-31180060","Cantidad Neta: 400 g","Número de raciones por envase: 6"],"ingredients":[" Ingredientes: Tomate, sal y acidulante: ácido cítrico."],"conservation":" Consevar en lugar fresco y seco. Una vez abierto, verter en un recipiente de cristal y mantener el producto cerrado y refrigerado un máximo de 48 horas.","ean":"8433329000239"},{"full_name":"APIS tomate natural triturado lata 810 g","name":"tomate natural triturado lata 810 g","brand":"APIS ","img":"https://sgfm.elcorteingles.es/SGFM/dctm/MEDIA02/CONTENIDOS/201408/20/00118027500182____1__600x600.jpg","price":"1,19 €","price_unit":"(1,47 € / Kilo)","categories":["Supermercado","Alimentación General","Conservas vegetales","Tomate natural triturado","APIS tomate natural triturado lata 810 g"],"general_information":["Denominación del alimento: TOMATE NATURAL TRITURADO CALIDAD EXTRA","Nombre del operador: CARNES Y VEGETALES","Dirección del operador: Pol. Ind. el Prado c/Seviila P.1 y 2 Mérida (Badajoz) ESPAÑA","Cantidad Neta: 0.92 Kilogramos"],"ingredients":[" Tomate (99,4%), sal y corrector de acidez (ácido cítrico)"],"ean":"8410000816051"},{"full_name":"APIS tomate natural triturado lata 410 g","name":"tomate natural triturado lata 410 g","brand":"APIS ","img":"https://sgfm.elcorteingles.es/SGFM/dctm/MEDIA02/CONTENIDOS/201408/20/00118027500190____1__600x600.jpg","price":"0,65 €","price_unit":"(1,59 € / Kilo)","categories":["Supermercado","Alimentación General","Conservas vegetales","Tomate natural triturado","APIS tomate natural triturado lata 410 g"],"general_information":["Denominación del alimento: TOMATE NATURAL TRITURADO CALIDAD EXTRA","Nombre del operador: CARNES Y VEGETALES","Dirección del operador: POL. IND. EL PRADO C/SEVILLA P. 1 Y 2 MERIDA ( BADAJOZ ) ESPAÑA","Cantidad Neta: 0.48 g"],"ingredients":[" Tomate (99.4%), sal y corrector de acidez (ácido cítrico)."],"ean":"8410000816044"},{"full_name":"APIS tomate natural triturado con cebolla lata 410 g","name":"tomate natural triturado con cebolla lata 410 g","brand":"APIS ","img":"https://sgfm.elcorteingles.es/SGFM/00/23/2/0118027500232/0118027500232000g01011.jpg","price":"1,00 €","price_unit":"(2,44 € / Kilo)","categories":["Supermercado","Alimentación General","Conservas vegetales","Tomate natural triturado","APIS tomate natural triturado con cebolla lata 410 g"],"general_information":[],"ingredients":[],"ean":"8410000814965"},{"full_name":"APIS tomate natural triturado ecológico lata 400 g neto escurrido","name":"tomate natural triturado ecológico lata 400 g neto escurrido","brand":"APIS ","img":"https://sgfm.elcorteingles.es/SGFM/dctm/MEDIA03/201611/11/00118027700121____1__600x600.jpg","price":"0,95 €            ","price_unit":"(1,98 € / Kilo)","categories":["Supermercado","Alimentación General","Conservas vegetales","Tomate natural triturado","APIS tomate natural triturado ecológico lata 400 g neto escurrido"],"general_information":[],"ingredients":[],"ean":"8410218209324"},{"full_name":"CIDACOS tomate natural triturado extra lata 800 g","name":"tomate natural triturado extra lata 800 g","brand":"CIDACOS ","img":"https://sgfm.elcorteingles.es/SGFM/00/03/4/0118027500034/0118027500034000g01011.jpg","price":"1,35 €","price_unit":"(1,69 € / Kilo)","categories":["Supermercado","Alimentación General","Conservas vegetales","Tomate natural triturado","CIDACOS tomate natural triturado extra lata 800 g"],"general_information":["Denominación del alimento: Tomate triturado","Nombre del operador: Conservas el Cidacos S.A.","Dirección del operador: Crta. De Calahorra km. 1 26560 Autol (La Rioja)","Lugar de procedencia del alimento: DO España","Cantidad Neta: 800,0 g"],"ingredients":[" Tomate y sal. Acidulante: ácido cítrico."],"conservation":" Mantener en lugar fresco y seco.","ean":"8410313141628"},{"full_name":"CIDACOS tomate natural triturado extra lata 400 g","name":"tomate natural triturado extra lata 400 g","brand":"CIDACOS ","img":"https://sgfm.elcorteingles.es/SGFM/00/01/8/0118027500018/0118027500018000g01011.jpg","price":"0,85 €            ","price_unit":"(1,75 € / Kilo)","categories":["Supermercado","Alimentación General","Conservas vegetales","Tomate natural triturado","CIDACOS tomate natural triturado extra lata 400 g"],"general_information":["Denominación del alimento: Tomate triturado","Nombre del operador: Conservas el Cidacos S.A.","Dirección del operador: Crta. De Calahorra km. 1 26560 Autol (La Rioja)","Lugar de procedencia del alimento: DO España","Cantidad Neta: 400,0 g"],"ingredients":[" Tomate y sal. Acidulante: ácido cítrico."],"conservation":" Mantener en lugar fresco y seco.","ean":"8410313141826"},{"full_name":"CIDACOS tumaca listo para untar frasco 300 g","name":"tumaca listo para untar frasco 300 g","brand":"CIDACOS ","img":"https://sgfm.elcorteingles.es/SGFM/00/38/0/0118027500380/0118027500380000g01011.jpg","price":"2,15 €","price_unit":"(7,17 € / Kilo)","categories":["Supermercado","Alimentación General","Salsas, ketchup y tomate frito","Salsas usos diversos","CIDACOS tumaca listo para untar frasco 300 g"],"general_information":["Denominación del alimento: Tumaca (tomate para untar)","Nombre del operador: Conservas el Cidacos S.A.","Dirección del operador: Crta. De Calahorra km. 1 26560 Autol (La Rioja)","Lugar de procedencia del alimento: DO España","Cantidad Neta: 300,0 g"],"ingredients":[" Tomate fresco, aceite de oliva virgen extra (4%) y sal."],"conservation":" Mantener en lugar fresco y seco.","ean":"8410313296700"},{"full_name":"ORLANDO tomate natural triturado extra con abrefácil envase 800 g","name":"tomate natural triturado extra con abrefácil envase 800 g","brand":"ORLANDO ","img":"https://sgfm.elcorteingles.es/SGFM/00/28/1/0118027500281/0118027500281000g01011.jpg","price":"1,09 €","price_unit":"(1,36 € / Kilo)","categories":["Supermercado","Alimentación General","Conservas vegetales","Tomate natural triturado","ORLANDO tomate natural triturado extra con abrefácil envase 800 g"],"general_information":["Denominación del alimento: Tomate triturado","Nombre del operador: H.J. Heinz Foods Spin S.L.","Dirección del operador: Ctra. Rincón de Soto-Corella km 2,8. 26540 Alfaro (La Rioja)","Cantidad Neta: 800 g"],"ingredients":[" Tomate (99,5%), sal y corrector de acidez: ácido citrico."],"conservation":" Una vez abierto, conservar en frigorifíco y consumir antes de 3 días.","ean":"8410066105526"},{"full_name":"ORLANDO tomate triturado envase 510 g","name":"tomate triturado envase 510 g","brand":"ORLANDO ","img":"https://sgfm.elcorteingles.es/SGFM//00/86/9/0118027500869/0118027500869000g01011.jpg","price":"0,65 €","price_unit":"(1,27 € / Kilo)","categories":["Supermercado","Alimentación General","Conservas vegetales","Tomate natural triturado","ORLANDO tomate triturado envase 510 g"],"general_information":["Denominación del alimento: Tomate triturado","Nombre del operador: H.J. Heinz Foods Spin S.L.","Dirección del operador: Ctra. Rincón de Soto-Corello km 2,8. 26540 Alfaro (La Rioja)","Cantidad Neta: 510 g"],"ingredients":[" Tomate (99,5%), sal y corrector de acidez: ácido citrico."],"conservation":" Conservar en lugar fresco y seco. Una vez abierto, conservar en frigorifico y consumir antes de 3 dias. Agitar antes de servir.","ean":"8410066118199"},{"full_name":"ORLANDO tomate natural triturado extra al estilo casero lata 400 g","name":"tomate natural triturado extra al estilo casero lata 400 g","brand":"ORLANDO ","img":"https://sgfm.elcorteingles.es/SGFM/00/61/2/0118027500612/0118027500612000g01011.jpg","price":"1,05 €","price_unit":"(2,62 € / Kilo)","categories":["Supermercado","Alimentación General","Conservas vegetales","Tomate natural triturado","ORLANDO tomate natural triturado extra al estilo casero lata 400 g"],"general_information":["Denominación del alimento: Tomate Frito","Nombre del operador: H.J. Heinz Foods Spin S.L.","Dirección del operador: Ctra. Rincón de Soto-Corello km 2,8. 26540 Alfaro (La Rioja)","Cantidad Neta: 400,0 g"],"ingredients":[" Tomate triturado (tomate, sal y corrector de acidez: ácido citrico) y trozos de tomate pelado. Contiene 99,8g de tomate por 10 0g de producto"],"conservation":" Conservar en lugar fresco y seco. Agitar antes de usar. Una vez abierto, conservar en frigorifíco y consumir antes de 3 días.","ean":"8410066111329"},{"full_name":"MONJARDIN tomate natural triturado de cultivo ecológico frasco 660","name":"tomate natural triturado de cultivo ecológico frasco 660 ","brand":"MONJARDIN ","img":"https://sgfm.elcorteingles.es/SGFM/dctm/MEDIA02/CONTENIDOS/201408/20/00118027700022____1__600x600.jpg","price":"1,99 €","price_unit":"(3,02 € / Kilo)","categories":["Supermercado","Alimentación General","Conservas vegetales","Tomate natural triturado","MONJARDIN tomate natural triturado de cultivo ecológico frasco 660"],"general_information":[],"ingredients":[],"ean":"8413239005227"},{"full_name":"MUTTI pulpa tomate triturado lata 400 g","name":"pulpa tomate triturado lata 400 g","brand":"MUTTI ","img":"https://sgfm.elcorteingles.es/SGFM/dctm/MEDIA02/CONTENIDOS/201407/04/00118027501040____1__600x600.jpg","price":"1,59 €","price_unit":"(3,98 € / Kilo)","categories":["Supermercado","Alimentación General","Conservas vegetales","Tomate natural triturado","MUTTI pulpa tomate triturado lata 400 g"],"general_information":["Denominación del alimento: Tomate Polpa Fine","Nombre del operador: Garda Import, S.L.","Dirección del operador: C/ Joan Torruella i Urpina, 37 Nave 1 - 08758 Cervelló - Barcelona","Cantidad Neta: 400 g"],"ingredients":[" Tomate."],"conservation":" Temperatura ambiente (20 - 25°C)","ean":"0000080042556"},{"full_name":"MUTTI tomate passata botella 400 g","name":"tomate passata botella 400 g","brand":"MUTTI ","img":"https://sgfm.elcorteingles.es/SGFM/dctm/MEDIA02/CONTENIDOS/201504/27/00118027501230____1__600x600.jpg","price":"1,65 €","price_unit":"(4,12 € / Kilo)","categories":["Supermercado","Alimentación General","Conservas vegetales","Tomate natural triturado","MUTTI tomate passata botella 400 g"],"general_information":["Denominación del alimento: Tomate Passata","Nombre del operador: Garda Import, S.L.","Dirección del operador: C/ Joan Torruella i Urpina, 37 Nave 1 - 08758 Cervelló - Barcelona","Cantidad Neta: 400,0 g"],"ingredients":[" Tomate, sal."],"conservation":" Temperatura ambiente (20 - 25°C)","ean":"8005110630408"},{"full_name":"MUTTI tomate triturado con pulpa pack 2 lata 210 g","name":"tomate triturado con pulpa pack 2 lata 210 g","brand":"MUTTI ","img":"https://sgfm.elcorteingles.es/SGFM/dctm/MEDIA02/CONTENIDOS/201509/01/00118027501222____2__600x600.jpg","price":"1,90 €","price_unit":"(4,52 € / Kilo)","categories":["Supermercado","Alimentación General","Conservas vegetales","Tomate natural triturado","MUTTI tomate triturado con pulpa pack 2 lata 210 g"],"general_information":["Denominación del alimento: Tomate Polpa Fine","Nombre del operador: Garda Import, S.L.","Dirección del operador: C/ Joan Torruella i Urpina, 37 Nave 1 - 08758 Cervelló - Barcelona","Cantidad Neta: 420,0 g"],"ingredients":[" Tomate."],"conservation":" Temperatura ambiente (20 - 25°C)","ean":"8005110170324"},{"full_name":"CARRETILLA tomate natural triturado lata 400 g","name":"tomate natural triturado lata 400 g","brand":"CARRETILLA ","img":"https://sgfm.elcorteingles.es/SGFM/dctm/MEDIA03/201612/19/00118027500067____2__600x600.jpg","price":"0,55 €","price_unit":"(1,38 € / Kilo)","categories":["Supermercado","Alimentación General","Conservas vegetales","Tomate natural triturado","CARRETILLA tomate natural triturado lata 400 g"],"general_information":["Denominación del alimento: Tomate triturado","Nombre del operador: Ind. Alim. de Navarra, S.A.U.","Dirección del operador: Pol.Peñalfons, s/n. 31330 Villafranca. Navarra - España","Cantidad Neta: 400 g"],"ingredients":[" Tomate, sal y acidulante: ácido cítrico."],"conservation":" Mantener en ambiente fresco y seco. Una vez abierto el envase, conservar el sobrante en un recipiente de vidrio o plástico en el frigorífico hasta 3 días.","ean":"8410416501206"},{"full_name":"CARRETILLA tumaca natural con aceite de oliva pack 2 envase 185 g","name":"tumaca natural con aceite de oliva pack 2 envase 185 g","brand":"CARRETILLA ","img":"https://sgfm.elcorteingles.es/SGFM/dctm/MEDIA03/201709/06/00118027500497____1__600x600.jpg","price":"1,99 €","price_unit":"(5,38 € / Kilo)","categories":["Supermercado","Alimentación General","Salsas, ketchup y tomate frito","Salsas usos diversos","CARRETILLA tumaca natural con aceite de oliva pack 2 envase 185 g"],"general_information":["Denominación del alimento: Preparado de tomate para untar","Nombre del operador: Ind. Alim. de Navarra, S.A.U.","Dirección del operador: Pol.Peñalfons, s/n. 31330 Villafranca. Navarra - España","Cantidad Neta: 370 g"],"ingredients":[" Tomate fresco, aceite de oliva virgen extra (4%) sal y corrector de acidez: E-270."],"conservation":" Guardar en lugar fresco y seco. Una vez abierto el envase, conservar refrigerado y consumir antes de 3 días.","ean":"8410416002475"},{"full_name":"HIDA tomate natural en trozos lata 400 g","name":"tomate natural en trozos lata 400 g","brand":"HIDA ","img":"https://sgfm.elcorteingles.es/SGFM/dctm/MEDIA03/201702/08/00118027500877____1__600x600.jpg","price":"0,99 €","price_unit":"(2,48 € / Kilo)","categories":["Supermercado","Alimentación General","Conservas vegetales","Tomate natural triturado","HIDA tomate natural en trozos lata 400 g"],"general_information":["Denominación del alimento: Tomate natural triturado.","Nombre del operador: Hida Alimentación, S.A.","Dirección del operador: Pol. El Arreaque. Apdo. 70 -30.170 Mula (Murcia)-España.","Cantidad Neta: 400 g","Otras menciones obligatorias en la etiqueta: Sin gluten. No OGM's."],"ingredients":[" Tomate, jugo de tomate, sal y acidulante: ácido cítrico."],"conservation":"Modo de empleo: Consumo directo o utilización del mismo como ingrediente o guarnición en la elaboración de otros platos.","ean":"8424523040060"},{"full_name":"PEDRO LUIS tomate triturado de agricultura ecológica frasco 660 g neto escurrido","name":"tomate triturado de agricultura ecológica frasco 660 g neto escurrido","brand":"PEDRO LUIS ","img":"https://sgfm.elcorteingles.es/SGFM/dctm/MEDIA03/201606/29/00118027700113____1__600x600.jpg","price":"2,49 €","price_unit":"(3,77 € / Kilo)","categories":["Supermercado","Alimentación General","Conservas vegetales","Tomate natural triturado","PEDRO LUIS tomate triturado de agricultura ecológica frasco 660 g neto escurrido"],"general_information":["Denominación del alimento: Tomate Triturado","Nombre del operador: Conservas Pedro Luís, S.L.","Dirección del operador: Pol.Industrial El Ramal, C/ Del Ramal 19 -31580- Lodosa (Navarra)","Cantidad Neta: 660 g","Otras menciones obligatorias en la etiqueta: Procedente de la agricultura ecológica. ES-ECO-025-NA. Agricultura de España."],"ingredients":[" Tomate* y regulador de acidez: ácido cítrico. *Procedente de la agricultura ecológica."],"conservation":" Conservar en lugar fresco y seco. Una vez abierto, conservar en el frigorífico y consumir antes de 5 días.","ean":"8425205010463"},{"full_name":"PEDRO LUIS tumaca con aceite de oliva y ajo de agricultura ecológica frasco 235 g neto escurrido","name":"tumaca con aceite de oliva y ajo de agricultura ecológica frasco 235 g neto escurrido","brand":"PEDRO LUIS ","img":"https://sgfm.elcorteingles.es/SGFM/dctm/MEDIA02/CONTENIDOS/201503/27/00118027700097____1__600x600.jpg","price":"2,15 €","price_unit":"(9,15 € / Kilo)","categories":["Supermercado","Alimentación General","Salsas, ketchup y tomate frito","Salsas usos diversos","PEDRO LUIS tumaca con aceite de oliva y ajo de agricultura ecológica frasco 235 g neto escurrido"],"general_information":["Denominación del alimento: Tomate para untar","Nombre del operador: Conservas Pedro Luís, S.L.","Dirección del operador: Pol.Industrial El Ramal, C/ Del Ramal 19 -31580- Lodosa (Navarra)","Cantidad Neta: 235,0 g","Otras menciones obligatorias en la etiqueta: Procedente de la agricultura ecológica. ES-ECO-025-NA. Agricultura de España."],"ingredients":[" Tomate*, aceite de oliva virgen extra (6.5%)*, ajo*, azúcar de caña*, sal y regulador de la acidez : ácido cítrico. *Procedente de la agricultura ecológica."],"ean":"8425205012566"},{"full_name":"IBSA Bio tomate natural triturado ecológico frasco 350 g","name":"Bio tomate natural triturado ecológico frasco 350 g","brand":"IBSA ","img":"https://sgfm.elcorteingles.es/SGFM/dctm/MEDIA03/201709/14/00118027700089____1__600x600.jpg","price":"1,30 €","price_unit":"(3,71 € / Kilo)","categories":["Supermercado","Alimentación General","Conservas vegetales","Tomate natural triturado","IBSA Bio tomate natural triturado ecológico frasco 350 g"],"general_information":["Denominación del alimento: Tomate triturado","Nombre del operador: Industrias del Bierzo S.A","Dirección del operador: C/ San Roque, s/n 24549 Carracedelo (León) España","Cantidad Neta: 350 g","Otras menciones obligatorias en la etiqueta: Sin gluten."],"ingredients":[" Tomate, sal y ácido cítrico."],"conservation":" Una vez abierto conservar en el frigorífico máximo 5 días.","ean":"8412464024126"},{"full_name":"KETVEG mix vegetal listo para servir frasco 325 g","name":"mix vegetal listo para servir frasco 325 g","brand":"KETVEG ","img":"https://sgfm.elcorteingles.es/SGFM//02/84/0/0118029902840/0118029902840000g01011.jpg","price":"1,73 €","price_unit":"(5,32 € / Kilo)","categories":["Supermercado","Alimentación General","Platos preparados","Platos preparados de vegetales y legumbres","KETVEG mix vegetal listo para servir frasco 325 g"],"general_information":[],"ingredients":[],"ean":"8424134004376"},{"full_name":"EL CORTE INGLES tomate pelado calidad extra lata 480 g neto escurrido","name":"tomate pelado calidad extra lata 480 g neto escurrido","brand":"EL CORTE INGLES ","img":"https://sgfm.elcorteingles.es/SGFM/dctm/MEDIA03/201604/08/00118027500083____1__600x600.jpg","price":"1,25 €","price_unit":"(2,60 € / Kilo)","categories":["Supermercado","Alimentación General","Conservas vegetales","Tomate entero / troceado","EL CORTE INGLES tomate pelado calidad extra lata 480 g neto escurrido"],"general_information":["Denominación del alimento: TOMATE ENTERO PELADO EXTRA","Nombre del operador: Elaborado  para El Corte Inglés\npor Conservas El Cidacos S.A.\nCarretera de Calahorra, km 1\n26560 AUTOL (La Rioja). España","Lugar de procedencia del alimento: PRODUCTO DE ESPAÑA","Cantidad Neta: 800 g","Peso neto escurrido: 480 g","Número de raciones por envase: 5"],"ingredients":[" Ingredientes: Tomate, jugo de tomate, sal, acidulante (ácido cítrico) y endurecedor (cloruro cálcico)."],"ean":"8433329016179"},{"full_name":"EL CORTE INGLES tomate pelado calidad extra lata 240 g neto escurrido","name":"tomate pelado calidad extra lata 240 g neto escurrido","brand":"EL CORTE INGLES ","img":"https://sgfm.elcorteingles.es/SGFM/dctm/MEDIA03/201604/08/00118027500109____1__600x600.jpg","price":"0,75 €","price_unit":"(3,12 € / Kilo)","categories":["Supermercado","Alimentación General","Conservas vegetales","Tomate entero / troceado","EL CORTE INGLES tomate pelado calidad extra lata 240 g neto escurrido"],"general_information":["Denominación del alimento: TOMATE ENTERO PELADO EXTRA","Nombre del operador: Elaborado para El Corte Inglés\npor Conservas El Cidacos S.A.\nCarretera de Calahorra, km 1\n26560 AUTOL (La Rioja). España","Lugar de procedencia del alimento: PRODUCTO DE ESPAÑA","Cantidad Neta: 400 g","Peso neto escurrido: 240 g","Número de raciones por envase: 2"],"ingredients":[" Ingredientes: Tomate, jugo de tomate, sal, acidulante (ácido cítrico) y endurecedor (cloruro cálcico)."],"ean":"8433329016148"},{"full_name":"EL CORTE INGLES tomate pelado troceado extra lata 410 g neto escurrido","name":"tomate pelado troceado extra lata 410 g neto escurrido","brand":"EL CORTE INGLES ","img":"https://sgfm.elcorteingles.es/SGFM/dctm/MEDIA03/201604/08/00118027500679____2__600x600.jpg","price":"0,89 €","price_unit":"(2,17 € / Kilo)","categories":["Supermercado","Alimentación General","Conservas vegetales","Tomate entero / troceado","EL CORTE INGLES tomate pelado troceado extra lata 410 g neto escurrido"],"general_information":["Denominación del alimento: Tomate pelado troceado en daditos. En su jugo.","Nombre del operador: Elaborado  para El Corte Inglés\npor Conservas El Cidacos S.A.\nCarretera de Calahorra, km 1\n26560 AUTOL (La Rioja). España","Lugar de procedencia del alimento: PRODUCTO DE ESPAÑA","Cantidad Neta: 410 g","Número de raciones por envase: 2"],"ingredients":[" Ingredientes: Tomate, sal , acidulante (ácido cítrico) y endurecedor (cloruro cálcico)."],"ean":"8433329016216"},{"full_name":"ALIADA tomate entero pelado lata 480 g neto escurrido","name":"tomate entero pelado lata 480 g neto escurrido","brand":"ALIADA ","img":"https://sgfm.elcorteingles.es/SGFM/00/73/7/0118027500737/0118027500737000g01011.jpg","price":"0,90 €","price_unit":"(1,88 € / Kilo)","categories":["Supermercado","Alimentación General","Conservas vegetales","Tomate entero / troceado","ALIADA tomate entero pelado lata 480 g neto escurrido"],"general_information":["Denominación del alimento: TOMATE ENTERO PELADO EN SU JUGO. CATEGORÍA PRIMERA","Nombre del operador: Distribuido para el\nGrupo El Corte Inglés\nHermosilla, 112   28009 Madrid - España\npor NIF: A-31180060","Cantidad Neta: 780 g","Peso neto escurrido: 480 g","Número de raciones por envase: 6"],"ingredients":[" Ingredientes: Tomate Entero, jugo de tomate, sal, acidulante: ácido cítrico y endurecedor: cloruro cálcico."],"conservation":" Consevar en lugar fresco y seco. Una vez abierto, verter en un recipiente de cristal y mantener el producto cerrado y refrigerado un máximo de 48 horas.","ean":"8433329000222"},{"full_name":"ALIADA tomate entero pelado lata 240 g neto escurrido","name":"tomate entero pelado lata 240 g neto escurrido","brand":"ALIADA ","img":"https://sgfm.elcorteingles.es/SGFM/00/95/0/0118027500950/0118027500950000g01011.jpg","price":"0,51 €","price_unit":"(2,12 € / Kilo)","categories":["Supermercado","Alimentación General","Conservas vegetales","Tomate entero / troceado","ALIADA tomate entero pelado lata 240 g neto escurrido"],"general_information":["Denominación del alimento: TOMATE ENTERO PELADO EN SU JUGO. CATEGORÍA PRIMERA","Nombre del operador: Distribuido para el\nGrupo El Corte Inglés\nHermosilla, 112   28009 Madrid - España\npor NIF: A-31180060","Cantidad Neta: 390 g","Peso neto escurrido: 240 g","Número de raciones por envase: 2"],"ingredients":[" Ingredientes: Tomate Entero, jugo de tomate, sal, acidulante: ácido cítrico y endurecedor: cloruro cálcico."],"conservation":" Consevar en lugar fresco y seco. Una vez abierto, verter en un recipiente de cristal y mantener el producto cerrado y refrigerado un máximo de 48 horas.","ean":"8433329033534"},{"full_name":"CIDACOS tomate entero pelado primera lata 480 g neto escurrido","name":"tomate entero pelado primera lata 480 g neto escurrido","brand":"CIDACOS ","img":"https://sgfm.elcorteingles.es/SGFM/00/05/9/0118027500059/0118027500059000g01011.jpg","price":"1,39 €","price_unit":"(2,90 € / Kilo)","categories":["Supermercado","Alimentación General","Conservas vegetales","Tomate entero / troceado","CIDACOS tomate entero pelado primera lata 480 g neto escurrido"],"general_information":["Denominación del alimento: Tomate entero","Nombre del operador: Conservas el Cidacos S.A.","Dirección del operador: Crta. De Calahorra km. 1 26560 Autol (La Rioja)","Lugar de procedencia del alimento: DO España","Cantidad Neta: 800,0 g","Peso neto escurrido: 480,0 g"],"ingredients":[" Tomate, jugo de tomate y sal. Acidulante: ácido cítrico. Endurecedor: cloruro cálcico."],"conservation":" Mantener en lugar fresco y seco.","ean":"8410313141604"},{"full_name":"CIDACOS tomate entero pelado primera lata 240 g neto escurrido","name":"tomate entero pelado primera lata 240 g neto escurrido","brand":"CIDACOS ","img":"https://sgfm.elcorteingles.es/SGFM/00/02/6/0118027500026/0118027500026000g01011.jpg","price":"0,85 €","price_unit":"(3,54 € / Kilo)","categories":["Supermercado","Alimentación General","Conservas vegetales","Tomate entero / troceado","CIDACOS tomate entero pelado primera lata 240 g neto escurrido"],"general_information":["Denominación del alimento: Tomate entero","Nombre del operador: Conservas el Cidacos S.A.","Dirección del operador: Crta. De Calahorra km. 1 26560 Autol (La Rioja)","Lugar de procedencia del alimento: DO España","Cantidad Neta: 400,0 g","Peso neto escurrido: 240,0 g"],"ingredients":[" Tomate, jugo de tomate y sal. Acidulante: ácido cítrico. Endurecedor: cloruro cálcico."],"conservation":" Mantener en lugar fresco y seco.","ean":"8410313141802"},{"full_name":"MONJARDIN tomate al natural pelado de cultivo ecológico frasco 400 g neto escurrido","name":"tomate al natural pelado de cultivo ecológico frasco 400 g neto escurrido","brand":"MONJARDIN ","img":"https://sgfm.elcorteingles.es/SGFM/dctm/MEDIA02/CONTENIDOS/201411/19/00118027700014____1__600x600.jpg","price":"2,25 €","price_unit":"(5,62 € / Kilo)","categories":["Supermercado","Alimentación General","Conservas vegetales","Tomate entero / troceado","MONJARDIN tomate al natural pelado de cultivo ecológico frasco 400 g neto escurrido"],"general_information":[],"ingredients":[],"ean":"8413239200509"},{"full_name":"ROMBO D'ORO tomate al natural pelado lata 480 g neto escurrido","name":"tomate al natural pelado lata 480 g neto escurrido","brand":"ROMBO D'ORO ","img":"https://sgfm.elcorteingles.es/SGFM/00/20/8/0118027500208/0118027500208000g01011.jpg","price":"1,39 €","price_unit":"(2,90 € / Kilo)","categories":["Supermercado","Alimentación General","Conservas vegetales","Tomate entero / troceado","ROMBO D'ORO tomate al natural pelado lata 480 g neto escurrido"],"general_information":[],"ingredients":[],"ean":"8411916084367"},{"full_name":"MUTTI tomate entero pelado lata 260 g neto escurrido","name":"tomate entero pelado lata 260 g neto escurrido","brand":"MUTTI ","img":"https://sgfm.elcorteingles.es/SGFM/dctm/MEDIA02/CONTENIDOS/201407/04/00118027501057____1__600x600.jpg","price":"1,45 €","price_unit":"(5,58 € / Kilo)","categories":["Supermercado","Alimentación General","Conservas vegetales","Tomate entero / troceado","MUTTI tomate entero pelado lata 260 g neto escurrido"],"general_information":["Denominación del alimento: Tomate Pomodori Pelati","Nombre del operador: Garda Import, S.L.","Dirección del operador: C/ Joan Torruella i Urpina, 37 Nave 1 - 08758 Cervelló - Barcelona","Cantidad Neta: 260 g"],"ingredients":[" Tomates pelados, zumo de tomate, corrector de acidez: ácido cítrico."],"conservation":" Temperatura ambiente (20 - 25°C)","ean":"8005110060007"},{"full_name":"HIDA tomate al natural pelado lata 240 g neto escurrido","name":"tomate al natural pelado lata 240 g neto escurrido","brand":"HIDA ","img":"https://sgfm.elcorteingles.es/SGFM/00/75/2/0118027500752/0118027500752000g01011.jpg","price":"0,75 €","price_unit":"(3,12 € / Kilo)","categories":["Supermercado","Alimentación General","Conservas vegetales","Tomate entero / troceado","HIDA tomate al natural pelado lata 240 g neto escurrido"],"general_information":["Denominación del alimento: Tomate de pera al natural.","Nombre del operador: Hida Alimentación, S.A.","Dirección del operador: Pol. El Arreaque. Apdo. 70 -30.170 Mula (Murcia)-España.","Cantidad Neta: 390 g","Otras menciones obligatorias en la etiqueta: Sin gluten. No OGM's."],"ingredients":[" Tomate, jugo de tomate, sal, endurecedor: cloruro cálcico y acidulante: ácido cítrico."],"conservation":"Modo de empleo: Consumo directo o utilización del mismo como ingrediente o guarnición en la elaboración de otros platos.","ean":"8424523040039"},{"full_name":"AROSALEIRA tomate natural extra lata 310 g neto escurrido","name":"tomate natural extra lata 310 g neto escurrido","brand":"AROSALEIRA ","img":"https://sgfm.elcorteingles.es/SGFM/00/74/5/0118027500745/0118027500745000g01011.jpg","price":"1,95 €","price_unit":"(6,29 € / Kilo)","categories":["Supermercado","Alimentación General","Conservas vegetales","Tomate entero / troceado","AROSALEIRA tomate natural extra lata 310 g neto escurrido"],"general_information":["Denominación del alimento: Tomate al natural","País de origen: España","Nombre del operador: Conservas A Rosaleira S.L.","Dirección del operador: 36770 O Rosal (Pontevedra)","Lugar de procedencia del alimento: Galicia/España","Cantidad Neta: 420 g","Peso neto escurrido: 420 g"],"ingredients":[],"conservation":" TEMPERATURA AMBIENTE","ean":"8427802112106"},{"full_name":"MARCELO tomate pera entero frasco 480 g neto escurrido","name":"tomate pera entero frasco 480 g neto escurrido","brand":"MARCELO ","img":"https://sgfm.elcorteingles.es/SGFM/dctm/MEDIA03/201709/21/00118027501347____1__600x600.jpg","price":"1,90 €","price_unit":"(3,96 € / Kilo)","categories":["Supermercado","Alimentación General","Conservas vegetales","Tomate entero / troceado","MARCELO tomate pera entero frasco 480 g neto escurrido"],"general_information":[],"ingredients":[],"ean":"8435352821010"},{"full_name":"PEDRO LUIS tomate troceado de agricultura ecológica frasco 400 g neto escurrido","name":"tomate troceado de agricultura ecológica frasco 400 g neto escurrido","brand":"PEDRO LUIS ","img":"https://sgfm.elcorteingles.es/SGFM/dctm/MEDIA03/201607/27/00200127700102____1__600x600.jpg","price":"2,55 €","price_unit":"(3,86 € / Kilo)","categories":["Supermercado","Alimentación General","Conservas vegetales","Tomate entero / troceado","PEDRO LUIS tomate troceado de agricultura ecológica frasco 400 g neto escurrido"],"general_information":[],"ingredients":[],"ean":"8425205013044"},{"full_name":"PO NEZHENSKI tomate conservado con eneldo y ajo frasco 440 g neto escurrido","name":"tomate conservado con eneldo y ajo frasco 440 g neto escurrido","brand":"PO NEZHENSKI ","img":"https://sgfm.elcorteingles.es/SGFM/dctm/MEDIA03/201704/06/00118027501305____1__600x600.jpg","price":"2,59 €","categories":["Supermercado","Alimentación General","Conservas vegetales","Tomate entero / troceado","PO NEZHENSKI tomate conservado con eneldo y ajo frasco 440 g neto escurrido"],"general_information":[],"ingredients":[],"ean":"4260099274010"},{"full_name":"MILAFRUIT tomate entero pelado lata 240 g neto escurrido","name":"tomate entero pelado lata 240 g neto escurrido","brand":"MILAFRUIT ","img":"https://sgfm.elcorteingles.es/SGFM/dctm/MEDIA03/201710/10/00118027501461____1__600x600.jpg","price":"0,69 €","price_unit":"(2,88 € / Kilo)","categories":["Supermercado","Alimentación General","Conservas vegetales","Tomate entero / troceado","MILAFRUIT tomate entero pelado lata 240 g neto escurrido"],"general_information":[],"ingredients":[],"ean":"8423743052112"},{"full_name":"HIDA tomate doble concentrado lata 170 g","name":"tomate doble concentrado lata 170 g","brand":"HIDA ","img":"https://sgfm.elcorteingles.es/SGFM/00/88/5/0118027500885/0118027500885000g01011.jpg","price":"0,85 €","price_unit":"(5 € / Kilo)","categories":["Supermercado","Alimentación General","Conservas vegetales","Tomate concentrado","HIDA tomate doble concentrado lata 170 g"],"general_information":["Denominación del alimento: Tomate doble concentrado.","Nombre del operador: Hida Alimentación, S.A.","Dirección del operador: Pol. El Arreaque. Apdo. 70 -30.170 Mula (Murcia)-España.","Cantidad Neta: 170 g","Otras menciones obligatorias en la etiqueta: Sin gluten. No OGM's."],"ingredients":[" Concentrado de tomate y sal."],"conservation":"Modo de empleo: Utilización como ingrediente en la elaboración de otros platos.","ean":"8424523030245"},{"full_name":"IBERITOS tomate concentrado con ajo y aceite de oliva virgen pack 4 envases 4","name":"tomate concentrado con ajo y aceite de oliva virgen pack 4 envases 4 ","brand":"IBERITOS ","img":"https://sgfm.elcorteingles.es/SGFM/00/94/3/0118027500943/0118027500943000g01011.jpg","price":"1,05 €            ","price_unit":"(0,21 € / Unidad)","categories":["Supermercado","Alimentación General","Conservas vegetales","Tomate concentrado","IBERITOS tomate concentrado con ajo y aceite de oliva virgen pack 4 envases 4"],"general_information":[],"ingredients":[],"ean":"8436561571291"},{"full_name":"CIDACOS tomate doble concentrado lata 170 g","name":"tomate doble concentrado lata 170 g","brand":"CIDACOS ","img":"https://sgfm.elcorteingles.es/SGFM/00/27/3/0118027500273/0118027500273000g01011.jpg","price":"1,19 €","price_unit":"(7 € / Kilo)","categories":["Supermercado","Alimentación General","Conservas vegetales","Tomate concentrado","CIDACOS tomate doble concentrado lata 170 g"],"general_information":["Denominación del alimento: Tomate concentrado","Nombre del operador: Conservas el Cidacos S.A.","Dirección del operador: Crta. De Calahorra km. 1 26560 Autol (La Rioja)","Lugar de procedencia del alimento: DO España","Cantidad Neta: 170,0 g"],"ingredients":[" Tomate concentrado, sal (0,5%)."],"conservation":" Mantener en lugar fresco y seco.","ean":"8410313272605"},{"full_name":"CATALIMENT perlas de tomate envase 100 g","name":"perlas de tomate envase 100 g","brand":"CATALIMENT ","img":"https://sgfm.elcorteingles.es/SGFM/dctm/MEDIA03/201705/25/00118835501018____1__600x600.jpg","price":"2,09 €","price_unit":"(20,90 € / Kilo)","categories":["Supermercado","Alimentación General","Conservas vegetales","Tomate concentrado","CATALIMENT perlas de tomate envase 100 g"],"general_information":[],"ingredients":[],"ean":"8437012580312"},{"full_name":"EL CORTE INGLES espárragos blancos extra gruesos D.O. Navarra 8 piezas lata 500 g neto escurrido","name":"espárragos blancos extra gruesos D.O. Navarra 8 piezas lata 500 g neto escurrido","brand":"EL CORTE INGLES ","img":"https://sgfm.elcorteingles.es/SGFM/dctm/MEDIA03/201602/11/00118023700224____2__600x600.jpg","price":"16,75 €            ","price_unit":"(28,90 € / Kilo)","categories":["Supermercado","Alimentación General","Conservas vegetales","Espárragos blancos","EL CORTE INGLES espárragos blancos extra gruesos D.O. Navarra 8 piezas lata 500 g neto escurrido"],"general_information":["Denominación del alimento: ESPÁRRAGOS EXTRA. CALIBRE EXTRA GRUESO. 7/9 UNIDADES","Nombre del operador: Elaborado para \nEl Corte Inglés por \nBAJAMAR, S.A \nCtra. Sangüesa, s/n \n31310 - Carcastillo (Navarra) \nEspaña","Lugar de procedencia del alimento: Producto cultivado en Navarra","Cantidad Neta: 780 g","Peso neto escurrido: 500 g","Número de raciones por envase: 4"],"ingredients":[" Ingredientes: Espárragos, agua, sal y acidulante           E-330"],"conservation":" Conservar en lugar fresco y seco. Una vez abierto el envase, mantener el producto refrigerado un máximo de 48 horas.","ean":"8433329064613"},{"full_name":"EL CORTE INGLES espárragos blancos extra gruesos calidad extra 9-12 piezas lata 500 g neto escurrido","name":"espárragos blancos extra gruesos calidad extra 9-12 piezas lata 500 g neto escurrido","brand":"EL CORTE INGLES ","img":"https://sgfm.elcorteingles.es/SGFM/dctm/MEDIA02/CONTENIDOS/201511/13/00118023700430____2__600x600.jpg","price":"13,50 €            ","price_unit":"(23 € / Kilo)","categories":["Supermercado","Alimentación General","Conservas vegetales","Espárragos blancos","EL CORTE INGLES espárragos blancos extra gruesos calidad extra 9-12 piezas lata 500 g neto escurrido"],"general_information":["Denominación del alimento: ESPÁRRAGOS EXTRA. CALIBRE EXTRA GRUESO. 9/12 UNIDADES","Nombre del operador: Elaborado para \nEl Corte Inglés por \nBAJAMAR, S.A \nCtra. Sangüesa, s/n \n31310 - Carcastillo (Navarra) \nEspaña","Lugar de procedencia del alimento: Producto cultivado en Navarra","Cantidad Neta: 780 g","Peso neto escurrido: 500 g","Número de raciones por envase: 4"],"ingredients":[" Ingredientes: Espárragos, agua, sal y acidulante           E-330"],"conservation":" Conservar en lugar fresco y seco. Una vez abierto el envase, mantener el producto refrigerado un máximo de 48 horas.","ean":"8433329064620"},{"full_name":"EL CORTE INGLES espárragos blancos muy gruesos D.O. Navarra 6-8 piezas lata 250 g neto escurrido","name":"espárragos blancos muy gruesos D.O. Navarra 6-8 piezas lata 250 g neto escurrido","brand":"EL CORTE INGLES ","img":"https://sgfm.elcorteingles.es/SGFM/dctm/MEDIA02/CONTENIDOS/201511/16/00118023701461____1__600x600.jpg","price":"6,50 €            ","price_unit":"(21,80 € / Kilo)","categories":["Supermercado","Alimentación General","Conservas vegetales","Espárragos blancos","EL CORTE INGLES espárragos blancos muy gruesos D.O. Navarra 6-8 piezas lata 250 g neto escurrido"],"general_information":["Denominación del alimento: ESPÁRRAGOS EXTRA. CALIBRE MUY GRUESO. 6/8 UNIDADES","Nombre del operador: Elaborado para \nEl Corte Inglés por \nBAJAMAR, S.A \nCtra. Sangüesa, s/n \n31310 - Carcastillo (Navarra) \nEspaña","Lugar de procedencia del alimento: Producto cultivado en Navarra","Cantidad Neta: 390 g","Peso neto escurrido: 250 g","Número de raciones por envase: 2"],"ingredients":[" Ingredientes: Espárragos, agua, sal y acidulante           E-330"],"conservation":" Conservar en lugar fresco y seco. Una vez abierto el envase, mantener el producto refrigerado un máximo de 48 horas.","ean":"8433329064644"},{"full_name":"EL CORTE INGLES espárragos blancos gruesos extra D.O. Navarra 7-10 piezas frasco 205 g neto escurrido","name":"espárragos blancos gruesos extra D.O. Navarra 7-10 piezas frasco 205 g neto escurrido","brand":"EL CORTE INGLES ","img":"https://sgfm.elcorteingles.es/SGFM/dctm/MEDIA02/CONTENIDOS/201512/04/00118023700406____1__600x600.jpg","price":"5,25 €            ","price_unit":"(20,24 € / Kilo)","categories":["Supermercado","Alimentación General","Conservas vegetales","Espárragos blancos","EL CORTE INGLES espárragos blancos gruesos extra D.O. Navarra 7-10 piezas frasco 205 g neto escurrido"],"general_information":["Denominación del alimento: ESPÁRRAGOS EXTRA. CALIBRE  GRUESO. 7/10 UNIDADES","Nombre del operador: Elaborado para \nEl Corte Inglés por \nBAJAMAR, S.A \nCtra. Sangüesa, s/n \n31310 - Carcastillo (Navarra) \nEspaña","Lugar de procedencia del alimento: Producto cultivado en Navarra","Cantidad Neta: 345 g","Peso neto escurrido: 205 g","Número de raciones por envase: 1"],"ingredients":[" Ingredientes: Espárragos, agua, sal y acidulante           E-330"],"conservation":" Conservar en lugar fresco y seco. Una vez abierto el envase, mantener el producto refrigerado un máximo de 48 horas.","ean":"8433329064675"},{"full_name":"EL CORTE INGLES espárragos blancos D.O. Navarra 6-12 piezas lata 125 g neto escurrido","name":"espárragos blancos D.O. Navarra 6-12 piezas lata 125 g neto escurrido","brand":"EL CORTE INGLES ","img":"https://sgfm.elcorteingles.es/SGFM/dctm/MEDIA02/CONTENIDOS/201512/04/00118023700257____1__600x600.jpg","price":"3,50 €","price_unit":"(28 € / Kilo)","categories":["Supermercado","Alimentación General","Conservas vegetales","Espárragos blancos","EL CORTE INGLES espárragos blancos D.O. Navarra 6-12 piezas lata 125 g neto escurrido"],"general_information":["Denominación del alimento: ESPÁRRAGOS EXTRA. CALIBRE MEDIANO. 6/12 UNIDADES","Nombre del operador: Elaborado para \nEl Corte Inglés por \nBAJAMAR, S.A \nCtra. Sangüesa, s/n \n31310 - Carcastillo (Navarra) \nEspaña","Lugar de procedencia del alimento: Producto cultivado en Navarra","Cantidad Neta: 185 g","Peso neto escurrido: 125 g","Número de raciones por envase: 1"],"ingredients":[" Ingredientes: Espárragos, agua, sal y acidulante           E-330"],"conservation":" Conservar en lugar fresco y seco. Una vez abierto el envase, mantener el producto refrigerado un máximo de 48 horas.","ean":"8433329064651"},{"full_name":"EL CORTE INGLES espárragos blancos enteros gruesos D.O. Navarra 8-12 piezas lata 220 g neto escurrido","name":"espárragos blancos enteros gruesos D.O. Navarra 8-12 piezas lata 220 g neto escurrido","brand":"EL CORTE INGLES ","img":"https://sgfm.elcorteingles.es/SGFM/dctm/MEDIA02/CONTENIDOS/201511/05/00200123700312____1__600x600.jpg","price":"4,95 €","price_unit":"(22,50 € / Kilo)","categories":["Supermercado","Alimentación General","Conservas vegetales","Espárragos blancos","EL CORTE INGLES espárragos blancos enteros gruesos D.O. Navarra 8-12 piezas lata 220 g neto escurrido"],"general_information":["Denominación del alimento: ESPÁRRAGOS EXTRA. CALIBRE GRUESO. 8/12 UNIDADES","Nombre del operador: Elaborado para \nHipercor por \nBAJAMAR, S.A \nCtra. Sangüesa, s/n \n31310 - Carcastillo (Navarra) \nEspaña","Lugar de procedencia del alimento: Producto cultivado en Navarra","Cantidad Neta: 350 g","Peso neto escurrido: 220 g","Número de raciones por envase: 2"],"ingredients":[" Ingredientes: Espárragos, agua, sal y acidulante           E-330"],"conservation":" Conservar en lugar fresco y seco. Una vez abierto el envase, mantener el producto refrigerado un máximo de 48 horas.","ean":"8433329066020"},{"full_name":"EL CORTE INGLES espárragos blancos muy gruesos calidad extra 7-10 piezas D.O. frasco 325 g neto escurrido","name":"espárragos blancos muy gruesos calidad extra 7-10 piezas D.O. frasco 325 g neto escurrido","brand":"EL CORTE INGLES ","img":"https://sgfm.elcorteingles.es/SGFM/dctm/MEDIA02/CONTENIDOS/201512/04/00118023700240____1__600x600.jpg","price":"9,75 €            ","price_unit":"(24,46 € / Kilo)","categories":["Supermercado","Alimentación General","Conservas vegetales","Espárragos blancos","EL CORTE INGLES espárragos blancos muy gruesos calidad extra 7-10 piezas D.O. frasco 325 g neto escurrido"],"general_information":["Denominación del alimento: ESPÁRRAGOS EXTRA. CALIBRE MUY GRUESO. 7/10 UNIDADES","Nombre del operador: Elaborado para \nEl Corte Inglés por \nBAJAMAR, S.A \nCtra. Sangüesa, s/n \n31310 - Carcastillo (Navarra) \nEspaña","Lugar de procedencia del alimento: Producto cultivado en Navarra","Cantidad Neta: 530 g","Peso neto escurrido: 325 g","Número de raciones por envase: 2"],"ingredients":[" Ingredientes: Espárragos, agua, sal y acidulante           E-330"],"conservation":" Conservar en lugar fresco y seco. Una vez abierto el envase, mantener el producto refrigerado un máximo de 48 horas.","ean":"8433329064668"},{"full_name":"ALIADA espárragos blancos extra gruesos 13-16 piezas lata 425 g neto escurrido","name":"espárragos blancos extra gruesos 13-16 piezas lata 425 g neto escurrido","brand":"ALIADA ","img":"https://sgfm.elcorteingles.es/SGFM/02/55/0/0118023702550/0118023702550000g01011.jpg","price":"4,15 €","price_unit":"(9,76 € / Kilo)","categories":["Supermercado","Alimentación General","Conservas vegetales","Espárragos blancos","ALIADA espárragos blancos extra gruesos 13-16 piezas lata 425 g neto escurrido"],"general_information":["Denominación del alimento: Espárragos blancos extra","Lugar de procedencia del alimento: Producto originario de China","Cantidad Neta: 660 g","Peso neto escurrido: 425 g","Número de raciones por envase: Contiene 6 po"],"ingredients":[" Ingredientes: Espárrago, agua, sal y acidulante (ácido cítrico)."],"conservation":" Conservar en lugar fresco y seco. Una vez abierto, conservar refrigerado, en un recipiente de cristal, con su líquido de cobertura y consumir en 24 horas","ean":"8433329003780"},{"full_name":"ALIADA espárragos blancos extra muy grueso  6-12 piezas frasco 325 g neto escurrido","name":"espárragos blancos extra muy grueso  6-12 piezas frasco 325 g neto escurrido","brand":"ALIADA ","img":"https://sgfm.elcorteingles.es/SGFM/dctm/MEDIA02/CONTENIDOS/201409/22/00118023702568____1__600x600.jpg","price":"2,84 €","price_unit":"(8,74 € / Kilo)","categories":["Supermercado","Alimentación General","Conservas vegetales","Espárragos blancos","ALIADA espárragos blancos extra muy grueso  6-12 piezas frasco 325 g neto escurrido"],"general_information":["Denominación del alimento: Espárragos blancos extra","Nombre del operador: Importado para el / Importado para o\nGrupo El Corte Inglés\nHermosilla, 112 - 28009 Madrid ? España / Espanha\npor NIF: A31204175","Lugar de procedencia del alimento: Producto originario de China","Cantidad Neta: 540 g","Peso neto escurrido: 325 g"],"ingredients":[" Ingredientes: Espárrago, agua, sal y acidulante: ácido cítrico."],"conservation":" Conservar en lugar fresco y seco. Una vez abierto, conservar refrigereado, con su líquido de cobertura y consumir en 24h","ean":"8433329003797"},{"full_name":"ALIADA espárragos blancos gruesos extra 8-12 piezas lata 220 g neto escurrido","name":"espárragos blancos gruesos extra 8-12 piezas lata 220 g neto escurrido","brand":"ALIADA ","img":"https://sgfm.elcorteingles.es/SGFM/dctm/MEDIA02/CONTENIDOS/201512/21/00118023702220____1__600x600.jpg","price":"3,36 €","price_unit":"(15,27 € / Kilo)","categories":["Supermercado","Alimentación General","Conservas vegetales","Espárragos blancos","ALIADA espárragos blancos gruesos extra 8-12 piezas lata 220 g neto escurrido"],"general_information":["Denominación del alimento: ESPÁRRAGOS EXTRA. CALIBRE GRUESO. 8/12 UNIDADES","Nombre del operador: Elaborado para\nEl  Grupo El Corte Inglés \nHermosilla, 112 ? 28009 Madrid ? España \npor NIF: A-31017106","Cantidad Neta: 350 g","Peso neto escurrido: 220 g","Número de raciones por envase: 2"],"ingredients":[" Ingredientes: Espárragos, agua, sal y acidulante (ácido cítrico)"],"conservation":" Consevar en lugar fresco y seco. Una vez abierto el envase, mantener el producto refrigerado un máximo de 48 horas.","ean":"8433329064811"},{"full_name":"ALIADA espárragos blancos gruesos extra 6-12 piezas frasco 205 g neto escurrido","name":"espárragos blancos gruesos extra 6-12 piezas frasco 205 g neto escurrido","brand":"ALIADA ","img":"https://sgfm.elcorteingles.es/SGFM/dctm/MEDIA02/CONTENIDOS/201512/21/00118023702204____2__600x600.jpg","price":"2,47 €","price_unit":"(12,05 € / Kilo)","categories":["Supermercado","Alimentación General","Conservas vegetales","Espárragos blancos","ALIADA espárragos blancos gruesos extra 6-12 piezas frasco 205 g neto escurrido"],"general_information":["Denominación del alimento: ESPÁRRAGOS EXTRA. CALIBRE GRUESO. 6/12 UNIDADES","Nombre del operador: Elaborado para\nEl  Grupo El Corte Inglés \nHermosilla, 112 ? 28009 Madrid ? España \npor NIF: A-31017106","Cantidad Neta: 345 g","Peso neto escurrido: 205 g","Número de raciones por envase: 2"],"ingredients":[" Ingredientes: Espárragos, agua, sal y acidulante (ácido cítrico)"],"conservation":" Consevar en lugar fresco y seco. Una vez abierto el envase, mantener el producto refrigerado un máximo de 48 horas.","ean":"8433329064835"},{"full_name":"ALIADA espárragos blancos extra 6-12 piezas lata 125 g neto escurrido","name":"espárragos blancos extra 6-12 piezas lata 125 g neto escurrido","brand":"ALIADA ","img":"https://sgfm.elcorteingles.es/SGFM/dctm/MEDIA02/CONTENIDOS/201512/21/00118023702212____3__600x600.jpg","price":"2,26 €","price_unit":"(18,08 € / Kilo)","categories":["Supermercado","Alimentación General","Conservas vegetales","Espárragos blancos","ALIADA espárragos blancos extra 6-12 piezas lata 125 g neto escurrido"],"general_information":["Denominación del alimento: ESPÁRRAGOS EXTRA. CALIBRE MEDIANO.6/12 UNIDADES.","Nombre del operador: Elaborado para\nEl  Grupo El Corte Inglés \nHermosilla, 112 ? 28009 Madrid ? España \npor NIF: A-31017106","Cantidad Neta: 185 g","Peso neto escurrido: 125 g","Número de raciones por envase: 1"],"ingredients":[" Ingredientes: Espárragos, agua, sal y acidulante (ácido cítrico)"],"conservation":" Consevar en lugar fresco y seco. Una vez abierto el envase, mantener el producto refrigerado un máximo de 48 horas.","ean":"8433329064828"},{"full_name":"ALIADA espárragos blancos cortos medianos frasco 110 g neto escurrido","name":"espárragos blancos cortos medianos frasco 110 g neto escurrido","brand":"ALIADA ","img":"https://sgfm.elcorteingles.es/SGFM/03/05/3/0118023703053/0118023703053000g01011.jpg","price":"1,84 €","price_unit":"(16,73 € / Kilo)","categories":["Supermercado","Alimentación General","Conservas vegetales","Espárragos blancos","ALIADA espárragos blancos cortos medianos frasco 110 g neto escurrido"],"general_information":["Denominación del alimento: ESPÁRRAGOS CORTOS EXTRA. CALIBRE MEDIO","Nombre del operador: Elaborado para\nEl  Grupo El Corte Inglés \nHermosilla, 112 ? 28009 Madrid ? España \npor NIF: A-31017106","Cantidad Neta: 185 g","Peso neto escurrido: 110 g","Número de raciones por envase: 1"],"ingredients":[" Ingredientes: Espárragos, agua, sal y acidulante (ácido cítrico)"],"conservation":" Consevar en lugar fresco y seco. Una vez abierto el envase, mantener el producto refrigerado un máximo de 48 horas.","ean":"8433329045834"},{"full_name":"CARRETILLA espárragos blanco extra muy gruesos 20-30 piezas frasco 950 g neto escurrido","name":"espárragos blanco extra muy gruesos 20-30 piezas frasco 950 g neto escurrido","brand":"CARRETILLA ","img":"https://sgfm.elcorteingles.es/SGFM/dctm/MEDIA03/201711/22/00118023701974____6__600x600.jpg","price":"10,95 €            ","price_unit":"(10 € / Kilo)","categories":["Supermercado","Alimentación General","Conservas vegetales","Espárragos blancos","CARRETILLA espárragos blanco extra muy gruesos 20-30 piezas frasco 950 g neto escurrido"],"general_information":["Denominación del alimento: Espárragos blancos extra","País de origen: Perú","Nombre del operador: Ind. Alim. de Navarra, S.A.U.","Dirección del operador: Pol.Peñalfons, s/n. 31330 Villafranca. Navarra - España","Cantidad Neta: 1580 g","Peso neto escurrido: 950 g","Número de raciones por envase: 20","Otras menciones obligatorias en la etiqueta: Calibre muy grueso."],"ingredients":[" espárragos, agua, sal y acidulante: ácido cítrico."],"ean":"8410416938019"},{"full_name":"CARRETILLA lote de espárragos blancos extra gruesos 13-16 piezas pack 2 latas 425 g neto escurrido","name":"lote de espárragos blancos extra gruesos 13-16 piezas pack 2 latas 425 g neto escurrido","brand":"CARRETILLA ","img":"https://sgfm.elcorteingles.es/SGFM//03/13/7/0118023703137/0118023703137000g01011.jpg","price":"9,95 €","price_unit":"(11,71 € / Kilo)","categories":["Supermercado","Alimentación General","Conservas vegetales","Espárragos blancos","CARRETILLA lote de espárragos blancos extra gruesos 13-16 piezas pack 2 latas 425 g neto escurrido"],"general_information":["Denominación del alimento: Espárragos blancos","País de origen: China","Nombre del operador: Ind. Alim. de Navarra, S.A.U.","Dirección del operador: Pol.Peñalfons, s/n. 31330 Villafranca. Navarra - España","Cantidad Neta: 1320 g","Peso neto escurrido: 850 g"],"ingredients":[" Espárragos, agua, sal y acidulante: ácido cítrico."],"conservation":" Mantener en lugar fresco y seco.","ean":"8410416007937"},{"full_name":"CARRETILLA espárragos blancos extra muy gruesos 13-16 piezas lata 425 g neto escurrido","name":"espárragos blancos extra muy gruesos 13-16 piezas lata 425 g neto escurrido","brand":"CARRETILLA ","img":"https://sgfm.elcorteingles.es/SGFM/03/02/0/0118023703020/0118023703020000g01011.jpg","price":"4,95 €","price_unit":"(11,65 € / Kilo)","categories":["Supermercado","Alimentación General","Conservas vegetales","Espárragos blancos","CARRETILLA espárragos blancos extra muy gruesos 13-16 piezas lata 425 g neto escurrido"],"general_information":["Denominación del alimento: Espárrago blanco extra calibre muy grueso","Nombre del operador: Ind. Alim. de Navarra, S.A.U.","Dirección del operador: Pol.Peñalfons, s/n. 31330 Villafranca. Navarra - España","Cantidad Neta: 660 g","Peso neto escurrido: 425 g","Otras menciones obligatorias en la etiqueta: Calibre: 14-19MM. Calidad: Extra."],"ingredients":[" Espárragos blancos, agua, sal y acidulante: ácido cítrico."],"conservation":" Mantener en lugar fresco y seco.","ean":"8410416931027"},{"full_name":"CARRETILLA espárragos blancos extra gruesos 9-12 piezas lata 500 g neto escurrido","name":"espárragos blancos extra gruesos 9-12 piezas lata 500 g neto escurrido","brand":"CARRETILLA ","img":"https://sgfm.elcorteingles.es/SGFM/dctm/MEDIA03/201709/06/00118023700075____2__600x600.jpg","price":"9,95 €","price_unit":"(19,90 € / Kilo)","categories":["Supermercado","Alimentación General","Conservas vegetales","Espárragos blancos","CARRETILLA espárragos blancos extra gruesos 9-12 piezas lata 500 g neto escurrido"],"general_information":["Denominación del alimento: Espárragos blancos","País de origen: China","Nombre del operador: Ind. Alim. de Navarra, S.A.U.","Dirección del operador: Pol.Peñalfons, s/n. 31330 Villafranca. Navarra - España","Cantidad Neta: 780 g","Peso neto escurrido: 500 g"],"ingredients":[" Espárragos, agua, sal y acidulante: ácido cítrico."],"ean":"8410416931119"},{"full_name":"CARRETILLA espárragos blancos extra 4-7 piezas lata 150 g neto escurrido","name":"espárragos blancos extra 4-7 piezas lata 150 g neto escurrido","brand":"CARRETILLA ","img":"https://sgfm.elcorteingles.es/SGFM/dctm/MEDIA03/201709/06/00118023700091____1__600x600.jpg","price":"3,25 €","price_unit":"(21,67 € / Kilo)","categories":["Supermercado","Alimentación General","Conservas vegetales","Espárragos blancos","CARRETILLA espárragos blancos extra 4-7 piezas lata 150 g neto escurrido"],"general_information":["Denominación del alimento: Espárragos blancos","País de origen: China","Nombre del operador: Ind. Alim. de Navarra, S.A.U.","Dirección del operador: Pol.Peñalfons, s/n. 31330 Villafranca. Navarra - España","Cantidad Neta: 230 g","Peso neto escurrido: 150 g"],"ingredients":[" Espárragos, agua, sal y acidulante: ácido cítrico."],"ean":"8410416931324"},{"full_name":"CARRETILLA esparragos blancos extra 5-7 piezas frasco 325 g neto escurrido","name":"esparragos blancos extra 5-7 piezas frasco 325 g neto escurrido","brand":"CARRETILLA ","img":"https://sgfm.elcorteingles.es/SGFM/dctm/MEDIA03/201709/06/00118023701255____1__600x600.jpg","price":"5,95 €","price_unit":"(18,31 € / Kilo)","categories":["Supermercado","Alimentación General","Conservas vegetales","Espárragos blancos","CARRETILLA esparragos blancos extra 5-7 piezas frasco 325 g neto escurrido"],"general_information":["Denominación del alimento: Espárragos blancos","País de origen: China","Nombre del operador: Ind. Alim. de Navarra, S.A.U.","Dirección del operador: Pol.Peñalfons, s/n. 31330 Villafranca. Navarra - España","Cantidad Neta: 540 g","Peso neto escurrido: 325 g"],"ingredients":[" Espárragos, agua, sal y acidulante: ácido cítrico."],"ean":"8410416011514"},{"full_name":"CARRETILLA espárragos blancos extra 5-7 piezas frasco 205 g neto escurrido","name":"espárragos blancos extra 5-7 piezas frasco 205 g neto escurrido","brand":"CARRETILLA ","img":"https://sgfm.elcorteingles.es/SGFM/dctm/MEDIA03/201709/06/00118023700109____1__600x600.jpg","price":"4,10 €","price_unit":"(20 € / Kilo)","categories":["Supermercado","Alimentación General","Conservas vegetales","Espárragos blancos","CARRETILLA espárragos blancos extra 5-7 piezas frasco 205 g neto escurrido"],"general_information":["Denominación del alimento: Espárragos blancos","País de origen: China","Nombre del operador: Ind. Alim. de Navarra, S.A.U.","Dirección del operador: Pol.Peñalfons, s/n. 31330 Villafranca. Navarra - España","Cantidad Neta: 345 g","Peso neto escurrido: 205 g"],"ingredients":[" Espárragos, agua, sal y acidulante: ácido cítrico."],"ean":"8410416931508"},{"full_name":"CARRETILLA espárragos blancos extra muy gruesos 5-7 piezas lata 250 g neto escurrido","name":"espárragos blancos extra muy gruesos 5-7 piezas lata 250 g neto escurrido","brand":"CARRETILLA ","img":"https://sgfm.elcorteingles.es/SGFM/dctm/MEDIA03/201709/06/00118023702063____1__600x600.jpg","price":"4,80 €            ","price_unit":"(17,40 € / Kilo)","categories":["Supermercado","Alimentación General","Conservas vegetales","Espárragos blancos","CARRETILLA espárragos blancos extra muy gruesos 5-7 piezas lata 250 g neto escurrido"],"general_information":["Denominación del alimento: Espárragos blancos","País de origen: China","Nombre del operador: Ind. Alim. de Navarra, S.A.U.","Dirección del operador: Pol.Peñalfons, s/n. 31330 Villafranca. Navarra - España","Cantidad Neta: 390 g","Peso neto escurrido: 250 g"],"ingredients":[" Espárragos, agua, sal y acidulante: ácido cítrico."],"ean":"8410416003656"},{"full_name":"CARRETILLA espárragos blancos cortos muy gruesos 5-8 piezas frasco 110 g neto escurrido","name":"espárragos blancos cortos muy gruesos 5-8 piezas frasco 110 g neto escurrido","brand":"CARRETILLA ","img":"https://sgfm.elcorteingles.es/SGFM/dctm/MEDIA03/201709/06/00118023701214____1__600x600.jpg","price":"2,99 €","price_unit":"(27,18 € / Kilo)","categories":["Supermercado","Alimentación General","Conservas vegetales","Espárragos blancos","CARRETILLA espárragos blancos cortos muy gruesos 5-8 piezas frasco 110 g neto escurrido"],"general_information":["Denominación del alimento: Espárragos blancos cortos","País de origen: Perú","Nombre del operador: Ind. Alim. de Navarra, S.A.U.","Dirección del operador: Pol.Peñalfons, s/n. 31330 Villafranca. Navarra - España","Cantidad Neta: 185 g","Peso neto escurrido: 110 g"],"ingredients":[" Espárragos, agua, sal y acidulante: ácido cítrico."],"ean":"8410416931799"},{"full_name":"CARRETILLA espárragos blancos pack 2 frasco 110 g neto escurrido","name":"espárragos blancos pack 2 frasco 110 g neto escurrido","brand":"CARRETILLA ","img":"https://sgfm.elcorteingles.es/SGFM/dctm/MEDIA03/201705/17/00118023702816____1__600x600.jpg","price":"4,00 €","price_unit":"(18,18 € / Kilo)","categories":["Supermercado","Alimentación General","Conservas vegetales","Espárragos blancos","CARRETILLA espárragos blancos pack 2 frasco 110 g neto escurrido"],"general_information":["Denominación del alimento: Espárragos blancos cortos","País de origen: Perú","Nombre del operador: Ind. Alim. de Navarra, S.A.U.","Dirección del operador: Pol.Peñalfons, s/n. 31330 Villafranca. Navarra - España","Cantidad Neta: 370 g","Peso neto escurrido: 220 g"],"ingredients":[" Espárragos, agua, sal y acidulante: ácido cítrico."],"ean":"8410416006909"},{"full_name":"CARRETILLA 2 frascos espárragos blancos muy gruesos + 1 frasco pimientos del piquillo pack 635 g neto escurrido","name":"2 frascos espárragos blancos muy gruesos + 1 frasco pimientos del piquillo pack  635 g neto escurrido","brand":"CARRETILLA ","img":"https://sgfm.elcorteingles.es/SGFM/dctm/MEDIA03/201604/07/00200123702714____1__600x600.jpg","price":"8,50 €            ","price_unit":"(19,49 € / Kilo)","categories":["Supermercado","Alimentación General","Conservas vegetales","Espárragos blancos","CARRETILLA 2 frascos espárragos blancos muy gruesos + 1 frasco pimientos del piquillo pack 635 g neto escurrido"],"general_information":["Denominación del alimento: Espárragos blancos + Pimiento entero","Nombre del operador: Ind. Alim. de Navarra, S.A.U.","Dirección del operador: Pol.Peñalfons, s/n. 31330 Villafranca. Navarra - España","Cantidad Neta: 980 g","Peso neto escurrido: 635 g"],"ingredients":[" Espárrago: Espárragos, agua, sal y acidulante: ácido cítrico. Pimiento: Pimiento del piquillo, azúcar, sal, acidulante (ácido cítrico) y endurecedor (cloruro cálcico)."],"ean":"8410416007395"},{"full_name":"LODOSA espárragos blancos D.O. Lodosa 10 piezas lata 530 g neto escurrido","name":"espárragos blancos D.O. Lodosa 10 piezas lata 530 g neto escurrido","brand":"LODOSA ","img":"https://sgfm.elcorteingles.es/SGFM/dctm/MEDIA03/201611/17/00118023700604____2__600x600.jpg","price":"14,25 €","price_unit":"(26,89 € / Kilo)","categories":["Supermercado","Alimentación General","Conservas vegetales","Espárragos blancos","LODOSA espárragos blancos D.O. Lodosa 10 piezas lata 530 g neto escurrido"],"general_information":["Denominación del alimento: Espárragos blancos","País de origen: España","Nombre del operador: Cooperativa del Campo S. Coop. De Lodosa","Dirección del operador: c/ El Ramal, 3 - 31580 Lodosa (Navarra)","Lugar de procedencia del alimento: D.O. Navarra","Cantidad Neta: 780 g","Peso neto escurrido: 530 g","Otras menciones obligatorias en la etiqueta: Calibre: extra grueso. Categoría Extra."],"ingredients":[" Espárragos, agua, sal, acidulante: ácido cítrico."],"conservation":" Conservar en lugar fresco y seco.","ean":"8411467011263"},{"full_name":"LODOSA espárragos blancos D.O. Lodosa 17-24 piezas lata 500 g neto escurrido","name":"espárragos blancos D.O. Lodosa 17-24 piezas lata 500 g neto escurrido","brand":"LODOSA ","img":"https://sgfm.elcorteingles.es/SGFM/dctm/MEDIA02/CONTENIDOS/201412/10/00118023700570____1__600x600.jpg","price":"10,95 €            ","price_unit":"(17,50 € / Kilo)","categories":["Supermercado","Alimentación General","Conservas vegetales","Espárragos blancos","LODOSA espárragos blancos D.O. Lodosa 17-24 piezas lata 500 g neto escurrido"],"general_information":["Denominación del alimento: Espárragos blancos","País de origen: España","Nombre del operador: Cooperativa del Campo S. Coop. De Lodosa","Dirección del operador: c/ El Ramal, 3 - 31580 Lodosa (Navarra)","Lugar de procedencia del alimento: D.O. Navarra","Cantidad Neta: 780 g","Peso neto escurrido: 500 g","Otras menciones obligatorias en la etiqueta: Este espárrago tiene un grosor entre 11 y 14 mm. Calibre: grueso. Categoría Extra."],"ingredients":[" Espárragos, agua, sal, acidulante: ácido cítrico."],"conservation":" Conservar en lugar fresco y seco.","ean":"8411467011089"},{"full_name":"LODOSA espárragos blancos D.O. Navarra 13-16 piezas lata 500 g neto escurrido","name":"espárragos blancos D.O. Navarra 13-16 piezas lata 500 g neto escurrido","brand":"LODOSA ","img":"https://sgfm.elcorteingles.es/SGFM/dctm/MEDIA02/CONTENIDOS/201409/09/00118023702873____1__600x600.jpg","price":"12,55 €            ","price_unit":"(19,90 € / Kilo)","categories":["Supermercado","Alimentación General","Conservas vegetales","Espárragos blancos","LODOSA espárragos blancos D.O. Navarra 13-16 piezas lata 500 g neto escurrido"],"general_information":["Denominación del alimento: Espárragos blancos","País de origen: España","Nombre del operador: Cooperativa del Campo S. Coop. De Lodosa","Dirección del operador: c/ El Ramal, 3 - 31580 Lodosa (Navarra)","Lugar de procedencia del alimento: D.O. Navarra","Cantidad Neta: 780 g","Peso neto escurrido: 500 g","Otras menciones obligatorias en la etiqueta: Este espárrago tiene un grosor entre 14 y 19 mm. Calibre: muy grueso. Categoría Extra."],"ingredients":[" Espárragos, agua, sal, acidulante: ácido cítrico."],"conservation":" Conservar en lugar fresco y seco.","ean":"8411467011065"},{"full_name":"LODOSA espárragos blancos D.O. Navarra 12-16 piezas lata 250 g neto escurrido","name":"espárragos blancos D.O. Navarra 12-16 piezas lata 250 g neto escurrido","brand":"LODOSA ","img":"https://sgfm.elcorteingles.es/SGFM/dctm/MEDIA02/CONTENIDOS/201409/09/00118023700562____1__600x600.jpg","price":"5,40 €","price_unit":"(21,60 € / Kilo)","categories":["Supermercado","Alimentación General","Conservas vegetales","Espárragos blancos","LODOSA espárragos blancos D.O. Navarra 12-16 piezas lata 250 g neto escurrido"],"general_information":["Denominación del alimento: Espárragos blancos","País de origen: España","Nombre del operador: Cooperativa del Campo S. Coop. De Lodosa","Dirección del operador: c/ El Ramal, 3 - 31580 Lodosa (Navarra)","Lugar de procedencia del alimento: D.O. Navarra","Cantidad Neta: 390 g","Peso neto escurrido: 250 g","Otras menciones obligatorias en la etiqueta: Calibre: medio. Categoría Extra."],"ingredients":[" Espárragos, agua, sal, acidulante: ácido cítrico."],"conservation":" Conservar en lugar fresco y seco.","ean":"8411467011324"},{"full_name":"LODOSA espárragos blancos D.O. Navarra 6-10 piezas lata 250 g neto escurrido","name":"espárragos blancos D.O. Navarra 6-10 piezas lata 250 g neto escurrido","brand":"LODOSA ","img":"https://sgfm.elcorteingles.es/SGFM/dctm/MEDIA02/CONTENIDOS/201409/09/00118023702741____1__600x600.jpg","price":"6,05 €","price_unit":"(24,20 € / Kilo)","categories":["Supermercado","Alimentación General","Conservas vegetales","Espárragos blancos","LODOSA espárragos blancos D.O. Navarra 6-10 piezas lata 250 g neto escurrido"],"general_information":["Denominación del alimento: Espárragos blancos","País de origen: España","Nombre del operador: Cooperativa del Campo S. Coop. De Lodosa","Dirección del operador: c/ El Ramal, 3 - 31580 Lodosa (Navarra)","Lugar de procedencia del alimento: D.O. Navarra","Cantidad Neta: 390 g","Peso neto escurrido: 250 g","Otras menciones obligatorias en la etiqueta: Calibre: muy grueso. Categoría Extra."],"ingredients":[" Espárragos, agua, sal, acidulante: ácido cítrico."],"conservation":" Conservar en lugar fresco y seco.","ean":"8411467011317"},{"full_name":"LODOSA espárragos blancos D.O. Navarra 5-7 piezas lata 150 g neto escurrido","name":"espárragos blancos D.O. Navarra 5-7 piezas lata 150 g neto escurrido","brand":"LODOSA ","img":"https://sgfm.elcorteingles.es/SGFM/dctm/MEDIA02/CONTENIDOS/201509/08/00200123703142____1__600x600.jpg","price":"3,25 €","price_unit":"(21,67 € / Kilo)","categories":["Supermercado","Alimentación General","Conservas vegetales","Espárragos blancos","LODOSA espárragos blancos D.O. Navarra 5-7 piezas lata 150 g neto escurrido"],"general_information":["Denominación del alimento: Pimientos piquillo","País de origen: España","Nombre del operador: Cooperativa del Campo S. Coop. De Lodosa","Dirección del operador: c/ El Ramal, 3 - 31580 Lodosa (Navarra)","Lugar de procedencia del alimento: D.O. Navarra","Cantidad Neta: 235 g","Peso neto escurrido: 150 g","Otras menciones obligatorias en la etiqueta: Calibre: grueso. Categoría Extra."],"ingredients":[" Espárragos, agua, sal, acidulante: ácido cítrico."],"conservation":" Conservar en lugar fresco y seco.","ean":"8411467011508"},{"full_name":"LODOSA espárragos blancos de Navarra extra gruesos 10-14 piezas galon 625 g neto escurrido","name":"espárragos blancos de Navarra extra gruesos 10-14 piezas galon 625 g neto escurrido","brand":"LODOSA ","img":"https://sgfm.elcorteingles.es/SGFM/dctm/MEDIA03/201711/14/00118023702675____1__600x600.jpg","price":"17,95 €            ","price_unit":"(26,80 € / Kilo)","categories":["Supermercado","Alimentación General","Conservas vegetales","Espárragos blancos","LODOSA espárragos blancos de Navarra extra gruesos 10-14 piezas galon 625 g neto escurrido"],"general_information":[],"ingredients":[],"ean":"8411467012123"},{"full_name":"GIGANTE VERDE espárragos blancos 8-12 piezas frasco 325 g neto escurrido","name":"espárragos blancos 8-12 piezas frasco 325 g neto escurrido","brand":"GIGANTE VERDE ","img":"https://sgfm.elcorteingles.es/SGFM/dctm/MEDIA03/201709/19/00118023700943____1__600x600.jpg","price":"6,05 €            ","price_unit":"(15,23 € / Kilo)","categories":["Supermercado","Alimentación General","Conservas vegetales","Espárragos blancos","GIGANTE VERDE espárragos blancos 8-12 piezas frasco 325 g neto escurrido"],"general_information":["Denominación del alimento: Espárragos blancos. CALIBRE MUY GRUESO. 8/12 unidades. CATEGORÍA EXTRA","Nombre del operador: GENERAL MILLS IBERICA S.A.U.","Dirección del operador: C/Serrano Galvache, 56, Complejo Parque Norte, Edificio Álamo, planta 12, 28033 Madrid, España.","Lugar de procedencia del alimento: Producto originario de Perú.","Cantidad Neta: 530 g","Peso neto escurrido: 325 g","Número de raciones por envase: 4"],"ingredients":[" Espárragos blancos, agua, sal, acidulante: ácido cítrico."],"conservation":" Una vez abierto, mantener en el frigorífico y consumir en 2 días.","ean":"8410076000330"},{"full_name":"GIGANTE VERDE espárragos blanco cortos pack 2 tarro 100 g neto escurrido","name":"espárragos blanco cortos pack 2 tarro 100 g neto escurrido","brand":"GIGANTE VERDE ","img":"https://sgfm.elcorteingles.es/SGFM/dctm/MEDIA03/201709/19/00118023701016____1__600x600.jpg","price":"4,95 €","price_unit":"(24,75 € / Kilo)","categories":["Supermercado","Alimentación General","Conservas vegetales","Espárragos blancos","GIGANTE VERDE espárragos blanco cortos pack 2 tarro 100 g neto escurrido"],"general_information":["Denominación del alimento: Espárragos cortos blancos. CALIBRE DELGADO. CATEGORÍA EXTRA","Nombre del operador: GENERAL MILLS IBERICA S.A.U.","Dirección del operador: C/Serrano Galvache, 56, Complejo Parque Norte, Edificio Álamo, planta 12, 28033 Madrid, España.","Lugar de procedencia del alimento: Producto originario de Perú.","Cantidad Neta: 380 g","Peso neto escurrido: 220 g"],"ingredients":[" Espárragos blancos, agua, sal, acidulante: ácido cítrico."],"conservation":" Una vez abierto, mantener en el frigorífico y consumir en 2 días.","ean":"8410076040299"},{"full_name":"GIGANTE VERDE espárragos blancos 8-12 piezas gruesos lata 250 g neto escurrido","name":"espárragos blancos 8-12 piezas gruesos lata 250 g neto escurrido","brand":"GIGANTE VERDE ","img":"https://sgfm.elcorteingles.es/SGFM/dctm/MEDIA03/201709/25/00118023701040____1__600x600.jpg","price":"4,75 €            ","price_unit":"(16,80 € / Kilo)","categories":["Supermercado","Alimentación General","Conservas vegetales","Espárragos blancos","GIGANTE VERDE espárragos blancos 8-12 piezas gruesos lata 250 g neto escurrido"],"general_information":[],"ingredients":[],"ean":"8410076014504"},{"full_name":"GIGANTE VERDE espárragos blancos medios extra 8-12 piezas lata 125 g neto escurrido","name":"espárragos blancos medios extra 8-12 piezas lata 125 g neto escurrido","brand":"GIGANTE VERDE ","img":"https://sgfm.elcorteingles.es/SGFM/dctm/MEDIA03/201709/25/00118023701032____1__600x600.jpg","price":"2,49 €","price_unit":"(19,92 € / Kilo)","categories":["Supermercado","Alimentación General","Conservas vegetales","Espárragos blancos","GIGANTE VERDE espárragos blancos medios extra 8-12 piezas lata 125 g neto escurrido"],"general_information":[],"ingredients":[],"ean":"8410076018502"},{"full_name":"CIDACOS espárragos blancos frasco 575 g","name":"espárragos blancos frasco 575 g","brand":"CIDACOS ","img":"https://sgfm.elcorteingles.es/SGFM/dctm/MEDIA03/201709/27/00118023703681____1__600x600.jpg","price":"8,75 €","price_unit":"(15,22 € / Kilo)","categories":["Supermercado","Alimentación General","Conservas vegetales","Espárragos blancos","CIDACOS espárragos blancos frasco 575 g"],"general_information":[],"ingredients":[],"ean":"8410313105330"},{"full_name":"CIDACOS espárragos blancos enteros extra Selección 6-8 piezas lata 425 g neto escurrido","name":"espárragos blancos enteros extra Selección 6-8 piezas lata 425 g neto escurrido","brand":"CIDACOS ","img":"https://sgfm.elcorteingles.es/SGFM/00/12/2/0200123700122/0200123700122000g01011.jpg","price":"8,25 €            ","price_unit":"(18,71 € / Kilo)","categories":["Supermercado","Alimentación General","Conservas vegetales","Espárragos blancos","CIDACOS espárragos blancos enteros extra Selección 6-8 piezas lata 425 g neto escurrido"],"general_information":["Denominación del alimento: Esparrago muy grueso 6/8","Nombre del operador: Conservas el Cidacos S.A.","Dirección del operador: Crta. De Calahorra km. 1 26560 Autol (La Rioja)","Lugar de procedencia del alimento: DO Peru - DO China","Cantidad Neta: 680,0 g","Peso neto escurrido: 425,0 g"],"ingredients":[" Esparrago, agua, sal, azucar. Antoxidantes: acido citrico y acido ascorbico (vitamina C)"],"conservation":" Mantener en lugar fresco y seco.","ean":"8410313600002"},{"full_name":"CIDACOS espárragos blancos 6-12 piezas extra gruesos frasco 205 g neto escurrido","name":"espárragos blancos 6-12 piezas extra gruesos frasco 205 g neto escurrido","brand":"CIDACOS ","img":"https://sgfm.elcorteingles.es/SGFM/03/01/2/0118023703012/0118023703012000g01011.jpg","price":"4,25 €            ","price_unit":"(18,29 € / Kilo)","categories":["Supermercado","Alimentación General","Conservas vegetales","Espárragos blancos","CIDACOS espárragos blancos 6-12 piezas extra gruesos frasco 205 g neto escurrido"],"general_information":["Denominación del alimento: Esparrago blanco extra 6/12 (grueso)","Nombre del operador: Conservas el Cidacos S.A.","Dirección del operador: Crta. De Calahorra km. 1 26560 Autol (La Rioja)","Lugar de procedencia del alimento: DO Peru - DO China","Cantidad Neta: 345,0 g","Peso neto escurrido: 205,0 g"],"ingredients":[" Esparrago, agua, sal, azucar. Antoxidantes: acido citrico y acido ascorbico (vitamina C)"],"conservation":" Mantener en lugar fresco y seco.","ean":"8410313105910"},{"full_name":"CIDACOS espárragos blancos muy gruesos 6-12 piezas frasco 325 g neto escurrido","name":"espárragos blancos muy gruesos 6-12 piezas frasco 325 g neto escurrido","brand":"CIDACOS ","img":"https://sgfm.elcorteingles.es/SGFM/00/02/6/0118023700026/0118023700026000g01011.jpg","price":"6,50 €            ","price_unit":"(18 € / Kilo)","categories":["Supermercado","Alimentación General","Conservas vegetales","Espárragos blancos","CIDACOS espárragos blancos muy gruesos 6-12 piezas frasco 325 g neto escurrido"],"general_information":["Denominación del alimento: Espárragos blancos 4/6 extra (grueso)","Nombre del operador: Conservas el Cidacos S.A.","Dirección del operador: Crta. De Calahorra km. 1 26560 Autol (La Rioja)","Lugar de procedencia del alimento: DO Peru - DO China","Cantidad Neta: 540 g","Peso neto escurrido: 325 g"],"ingredients":[" Espárragos, agua, sal, azúcar. Antioxidantes: ácido cítrico y ácido ascórbico (vitamina C)."],"ean":"8410313105606"},{"full_name":"CIDACOS espárragos blancos cortos extra medio frasco 115 g neto escurrido","name":"espárragos blancos cortos extra medio frasco 115 g neto escurrido","brand":"CIDACOS ","img":"https://sgfm.elcorteingles.es/SGFM/00/01/5/0200123700015/0200123700015000g01011.jpg","price":"2,59 €","price_unit":"(23,55 € / Kilo)","categories":["Supermercado","Alimentación General","Conservas vegetales","Espárragos blancos","CIDACOS espárragos blancos cortos extra medio frasco 115 g neto escurrido"],"general_information":["Denominación del alimento: Esparragos cortos blancos extra (delgados)","Nombre del operador: Conservas el Cidacos S.A.","Dirección del operador: Crta. De Calahorra km. 1 26560 Autol (La Rioja)","Lugar de procedencia del alimento: DO Peru - DO China","Cantidad Neta: 200,0 g","Peso neto escurrido: 110,0 g"],"ingredients":[" Esparrago, agua, sal, azucar. Antoxidantes: acido citrico y acido ascorbico (vitamina C)"],"conservation":" Mantener en lugar fresco y seco.","ean":"8410313106412"},{"full_name":"DANTZA espárragos blancos D.O. Navarra extra gruesos 6-10 piezas lata 425 g neto escurrido","name":"espárragos blancos D.O. Navarra extra gruesos 6-10 piezas lata 425 g neto escurrido","brand":"DANTZA ","img":"https://sgfm.elcorteingles.es/SGFM/dctm/MEDIA03/201709/21/00118023703715____1__600x600.jpg","price":"12,00 €","price_unit":"(28,24 € / Kilo)","categories":["Supermercado","Alimentación General","Conservas vegetales","Espárragos blancos","DANTZA espárragos blancos D.O. Navarra extra gruesos 6-10 piezas lata 425 g neto escurrido"],"general_information":[],"ingredients":[],"ean":"8411108603567"},{"full_name":"DANTZA espárragos blancos D.O. Navarra medio 6-10 piezas lata 125 g neto escurrido","name":"espárragos blancos D.O. Navarra medio 6-10 piezas lata 125 g neto escurrido","brand":"DANTZA ","img":"https://sgfm.elcorteingles.es/SGFM/dctm/MEDIA03/201709/21/00118023703723____1__600x600.jpg","price":"3,50 €","price_unit":"(28 € / Kilo)","categories":["Supermercado","Alimentación General","Conservas vegetales","Espárragos blancos","DANTZA espárragos blancos D.O. Navarra medio 6-10 piezas lata 125 g neto escurrido"],"general_information":["Denominación del alimento: Espárragos","Nombre del operador: Conservas Dantza, S.A.","Dirección del operador: Crta. N-113, km 77 -31590 Castejón (Navarra)","Cantidad Neta: 185 g","Número de raciones por envase: 8"],"ingredients":[" Esparrago, Agua, Sal y Acidulante (Ácido cítrico E-330)."],"conservation":" Envase Cerrado: El producto se mantendrá correctamente envasado en un lugar fresco y seco de manera que no quede expuesto al sol ni a temperaturas superiores a 45 °C. Envase abierto: Una vez abierto verter en un recipiente de cristal y mantener el envase cerrado en refrigeración 4°C durante 48 horas.","ean":"8411108602188"},{"full_name":"BAJAMAR espárragos blancos enteros muy gruesos 17-24 piezas frasco 1000 g neto escurrido","name":"espárragos blancos enteros muy gruesos 17-24 piezas frasco 1000 g neto escurrido","brand":"BAJAMAR ","img":"https://sgfm.elcorteingles.es/SGFM/01/95/5/0200123701955/0200123701955000g01011.jpg","price":"9,95 €            ","price_unit":"(9,50 € / Kilo)","categories":["Supermercado","Alimentación General","Conservas vegetales","Espárragos blancos","BAJAMAR espárragos blancos enteros muy gruesos 17-24 piezas frasco 1000 g neto escurrido"],"general_information":["Denominación del alimento: Espárragos","Nombre del operador: Bajamar S.A.","Dirección del operador: Ctra. Sangüesa, s/n. 31310 Carcastillo (Navarra)","Lugar de procedencia del alimento: China.","Cantidad Neta: 1560 g"],"ingredients":[" Espárragos, agua, sal y acidulante: ácido cítrico."],"conservation":" Una vez abierto el envase, mantener el producto refrigerado un máximo de 48 horas. A temperatura ambiente, en lugar fresco y seco / No requiere refrigeración.","ean":"8410465051004"},{"full_name":"BAJAMAR espárragos blancos enteros 6-12 piezas frasco 325 g neto escurrido","name":"espárragos blancos enteros 6-12 piezas frasco 325 g neto escurrido","brand":"BAJAMAR ","img":"https://sgfm.elcorteingles.es/SGFM/00/42/2/0118023700422/0118023700422000g01011.jpg","price":"5,40 €","price_unit":"(16,62 € / Kilo)","categories":["Supermercado","Alimentación General","Conservas vegetales","Espárragos blancos","BAJAMAR espárragos blancos enteros 6-12 piezas frasco 325 g neto escurrido"],"general_information":["Denominación del alimento: Espárrago","Nombre del operador: Bajamar S.A.","Dirección del operador: Ctra. Sangüesa, s/n. 31310 Carcastillo (Navarra)","Lugar de procedencia del alimento: China.","Cantidad Neta: 530 g","Peso neto escurrido: 325 g"],"ingredients":[" Espárragos, agua, sal y acidulante: ácido cítrico."],"conservation":" Una vez abierto, mantener en refrigeración un máximo de 48 horas. A temperatura ambiente, en lugar fresco y seco / no requiere refrigeración.","ean":"8410465001801"},{"full_name":"BAJAMAR espárragos blancos muy gruesos D.O. Navarra 10-12 piezas frasco 325 g neto escurrido","name":"espárragos blancos muy gruesos D.O. Navarra 10-12 piezas frasco 325 g neto escurrido","brand":"BAJAMAR ","img":"https://sgfm.elcorteingles.es/SGFM/02/85/7/0118023702857/0118023702857000g01011.jpg","price":"10,25 €","price_unit":"(31,54 € / Kilo)","categories":["Supermercado","Alimentación General","Conservas vegetales","Espárragos blancos","BAJAMAR espárragos blancos muy gruesos D.O. Navarra 10-12 piezas frasco 325 g neto escurrido"],"general_information":["Denominación del alimento: Espárragos","Nombre del operador: Bajamar S.A.","Dirección del operador: Ctra. Sangüesa, s/n. 31310 Carcastillo (Navarra)","Lugar de procedencia del alimento: DO Espárrago de Navarra","Cantidad Neta: 530 g","Peso neto escurrido: 325 g"],"ingredients":[" Espárragos, agua, sal y acidulante: ácido cítrico."],"conservation":" Una vez abierto, mantener en refrigeración un máximo de 48 horas. A temperatura ambiente, en lugar fresco y seco / No requiere refrigeración.","ean":"8410465001122"},{"full_name":"BAJAMAR espárragos blancos 6-12 piezas frasco 205 g neto escurrido","name":"espárragos blancos 6-12 piezas frasco 205 g neto escurrido","brand":"BAJAMAR ","img":"https://sgfm.elcorteingles.es/SGFM/00/41/4/0118023700414/0118023700414000g01011.jpg","price":"3,65 €","price_unit":"(17,80 € / Kilo)","categories":["Supermercado","Alimentación General","Conservas vegetales","Espárragos blancos","BAJAMAR espárragos blancos 6-12 piezas frasco 205 g neto escurrido"],"general_information":["Denominación del alimento: Espárragos","Nombre del operador: Bajamar S.A.","Dirección del operador: Ctra. Sangüesa, s/n. 31310 Carcastillo (Navarra)","Lugar de procedencia del alimento: Perú / China.","Cantidad Neta: 345 g"],"ingredients":[" Espárragos, agua, sal y acidulante: ácido cítrico."],"conservation":" Una vez abierto el envase, mantener el producto refrigerado un máximo de 48 horas. A temperatura ambiente, en lugar fresco y seco / No requiere refrigeración.","ean":"8410465051134"},{"full_name":"BAJAMAR espárragos blancos extra selección 6-8 piezas lata 125 g neto escurrido","name":"espárragos blancos extra selección 6-8 piezas lata 125 g neto escurrido","brand":"BAJAMAR ","img":"https://sgfm.elcorteingles.es/SGFM/dctm/MEDIA02/CONTENIDOS/201410/01/00200123701351____1__600x600.jpg","price":"2,60 €","price_unit":"(20,80 € / Kilo)","categories":["Supermercado","Alimentación General","Conservas vegetales","Espárragos blancos","BAJAMAR espárragos blancos extra selección 6-8 piezas lata 125 g neto escurrido"],"general_information":["Denominación del alimento: Espárragos","Nombre del operador: Bajamar S.A.","Dirección del operador: Ctra. Sangüesa, s/n. 31310 Carcastillo (Navarra)","Lugar de procedencia del alimento: China.","Cantidad Neta: 185 g"],"ingredients":[" Espárragos, agua, sal y acidulante: ácido cítrico."],"conservation":" Una vez abierto el envase, mantener el producto refrigerado un máximo de 48 horas. A temperatura ambiente, en lugar fresco y seco / No requiere refrigeración.","ean":"8410465051653"},{"full_name":"BAJAMAR espárragos blancos cortos 6-12 piezas frasco 110 g neto escurrido","name":"espárragos blancos cortos 6-12 piezas frasco 110 g neto escurrido","brand":"BAJAMAR ","img":"https://sgfm.elcorteingles.es/SGFM/dctm/MEDIA02/CONTENIDOS/201411/19/00118023701073____1__600x600.jpg","price":"2,95 €","price_unit":"(26,82 € / Kilo)","categories":["Supermercado","Alimentación General","Conservas vegetales","Espárragos blancos","BAJAMAR espárragos blancos cortos 6-12 piezas frasco 110 g neto escurrido"],"general_information":["Denominación del alimento: Espárragos","Nombre del operador: Bajamar S.A.","Dirección del operador: Ctra. Sangüesa, s/n. 31310 Carcastillo (Navarra)","Lugar de procedencia del alimento: Perú / China.","Cantidad Neta: 190 g"],"ingredients":[" Espárragos, agua, sal y acidulante: ácido cítrico."],"conservation":" Una vez abierto el envase, mantener el producto refrigerado un máximo de 48 horas. A temperatura ambiente, en lugar fresco y seco / No requiere refrigeración.","ean":"8410465051905"},{"full_name":"BAJAMAR espárragos blancos extra gruesos 7-9 piezas D.O. Navarra lata 500 g neto escurrido","name":"espárragos blancos extra gruesos 7-9 piezas D.O. Navarra lata 500 g neto escurrido","brand":"BAJAMAR ","img":"https://sgfm.elcorteingles.es/SGFM/02/64/2/0118023702642/0118023702642000g01011.jpg","price":"16,95 €","price_unit":"(33,90 € / Kilo)","categories":["Supermercado","Alimentación General","Conservas vegetales","Espárragos blancos","BAJAMAR espárragos blancos extra gruesos 7-9 piezas D.O. Navarra lata 500 g neto escurrido"],"general_information":["Denominación del alimento: Espárragos blancos","Nombre del operador: Bajamar S.A.","Dirección del operador: Ctra. Sangüesa, s/n. 31310 Carcastillo (Navarra)","Lugar de procedencia del alimento: DO Espárrago de Navarra","Cantidad Neta: 780 g","Peso neto escurrido: 500 g"],"ingredients":[" Espárragos, agua, sal y acidulante: ácido cítrico."],"conservation":" Una vez abierto, mantener en refrigeración un máximo de 48 horas. A temperatura ambiente, en lugar fresco y seco / No requiere refrigeración.","ean":"8410465001306"},{"full_name":"BAJAMAR espárragos blancos extra gruesos 5 piezas D.O. Navarra lata 250 g neto escurrido","name":"espárragos blancos extra gruesos 5 piezas D.O. Navarra lata 250 g neto escurrido","brand":"BAJAMAR ","img":"https://sgfm.elcorteingles.es/SGFM/02/83/2/0118023702832/0118023702832000g01011.jpg","price":"7,25 €","price_unit":"(29 € / Kilo)","categories":["Supermercado","Alimentación General","Conservas vegetales","Espárragos blancos","BAJAMAR espárragos blancos extra gruesos 5 piezas D.O. Navarra lata 250 g neto escurrido"],"general_information":["Denominación del alimento: Espárragos blancos","Nombre del operador: Bajamar S.A.","Dirección del operador: Ctra. Sangüesa, s/n. 31310 Carcastillo (Navarra)","Lugar de procedencia del alimento: DO Espárrago de Navarra","Cantidad Neta: 390 g","Peso neto escurrido: 250 g"],"ingredients":[" Espárragos, agua, sal y acidulante: ácido cítrico."],"conservation":" Una vez abierto, mantener en refrigeración un máximo de 48 horas. A temperatura ambiente, en lugar fresco y seco / No requiere refrigeración.","ean":"8410465001405"},{"full_name":"DANTZA espárragos blancos D.O. Navarra 5-8 piezas frasco 325 g neto escurrido","name":"espárragos blancos D.O. Navarra 5-8 piezas frasco 325 g neto escurrido","brand":"DANTZA ","img":"https://sgfm.elcorteingles.es/SGFM/00/79/4/0118023700794/0118023700794000g01011.jpg","price":"11,29 €            ","price_unit":"(27,54 € / Kilo)","categories":["Supermercado","Alimentación General","Conservas vegetales","Espárragos blancos","DANTZA espárragos blancos D.O. Navarra 5-8 piezas frasco 325 g neto escurrido"],"general_information":["Denominación del alimento: Espárragos","Nombre del operador: Conservas Dantza, S.A.","Dirección del operador: Crta. N-113, km 77 -31590 Castejón (Navarra)","Cantidad Neta: 520 g","Número de raciones por envase: 6"],"ingredients":[" Esparrago, Agua, Sal y Acidulante (Ácido cítrico E-330)."],"conservation":" Envase Cerrado: El producto se mantendrá correctamente envasado en un lugar fresco y seco de manera que no quede expuesto al sol ni a temperaturas superiores a 45 °C. Envase abierto: Una vez abierto verter en un recipiente de cristal y mantener el envase cerrado en refrigeración 4°C durante 48 horas.","ean":"8411108115121"},{"full_name":"DANTZA espárragos blancos D.O. Navarra extra muy gruesos 6-8 piezas frasco 205 g neto escurrido","name":"espárragos blancos D.O. Navarra extra muy gruesos 6-8 piezas frasco 205 g neto escurrido","brand":"DANTZA ","img":"https://sgfm.elcorteingles.es/SGFM/02/70/9/0118023702709/0118023702709000g01011.jpg","price":"6,25 €","price_unit":"(30,49 € / Kilo)","categories":["Supermercado","Alimentación General","Conservas vegetales","Espárragos blancos","DANTZA espárragos blancos D.O. Navarra extra muy gruesos 6-8 piezas frasco 205 g neto escurrido"],"general_information":["Denominación del alimento: Espárragos","Nombre del operador: Conservas Dantza, S.A.","Dirección del operador: Crta. N-113, km 77 -31590 Castejón (Navarra)","Cantidad Neta: 335 g","Número de raciones por envase: 7"],"ingredients":[" Esparrago, Agua, Sal y Acidulante (Ácido cítrico E-330)."],"conservation":" Envase Cerrado: El producto se mantendrá correctamente envasado en un lugar fresco y seco de manera que no quede expuesto al sol ni a temperaturas superiores a 45 °C. Envase abierto: Una vez abierto verter en un recipiente de cristal y mantener el envase cerrado en refrigeración 4°C durante 48 horas.","ean":"8411108125137"},{"full_name":"PEDRO LUIS espárragos blancos muy gruesos ecológicos 4-6 piezas frasco 205 g neto escurrido","name":"espárragos blancos muy gruesos ecológicos 4-6 piezas frasco 205 g neto escurrido","brand":"PEDRO LUIS ","img":"https://sgfm.elcorteingles.es/SGFM/dctm/MEDIA03/201611/10/00118023703244____3__600x600.jpg","price":"4,99 €","price_unit":"(24,34 € / Kilo)","categories":["Supermercado","Alimentación General","Conservas vegetales","Espárragos blancos","PEDRO LUIS espárragos blancos muy gruesos ecológicos 4-6 piezas frasco 205 g neto escurrido"],"general_information":["Denominación del alimento: Espárrago de agricultura ecológica, Blanco, Primera, 4/6 frutos, Muy Gruesos","País de origen: España","Nombre del operador: Conservas Pedro Luís, S.L.","Dirección del operador: Pol.Industrial El Ramal, C/Del Ramal 19 -31580- Lodosa (Navarra)","Cantidad Neta: 340 g","Peso neto escurrido: 205 g","Otras menciones obligatorias en la etiqueta: Procedente de la agricultura ecológica. ES-ECO-025-NA. Agricultura de España"],"ingredients":[" Espárragos*, agua, sal y antioxidante: ácido cítrico.   *Procedente de agricultura ecológica"],"conservation":" Conservar en lugar fresco y seco, protegido de la luz. Una vez abierto, conservar en el frigorifico con el maximo de su jugo y consumir antes de 3 dias.","ean":"8425205013662"},{"full_name":"VIUDA DE CAYO espárragos blancos D.O. Navarras extra muy gruesos 10 piezas lata 425 g neto escurrido","name":"espárragos blancos D.O. Navarras extra muy gruesos 10 piezas lata 425 g neto escurrido","brand":"VIUDA DE CAYO ","img":"https://sgfm.elcorteingles.es/SGFM/dctm/MEDIA03/201611/17/00118023703590____1__600x600.jpg","price":"15,50 €","categories":["Supermercado","Alimentación General","Conservas vegetales","Espárragos blancos","VIUDA DE CAYO espárragos blancos D.O. Navarras extra muy gruesos 10 piezas lata 425 g neto escurrido"],"general_information":["Denominación del alimento: Espárragos de Navarra","Nombre del operador: Viuda de Cayo Sainz, S.L","Dirección del operador: C/ Virgen de Legarda, 66. 31587 Mendavia, (Navarra) España","Lugar de procedencia del alimento: Indicación Geográfica Protegida Espárrago de Navarra","Cantidad Neta: 660 g","Peso neto escurrido: 425 g","Otras menciones obligatorias en la etiqueta: Calibre muy grueso"],"ingredients":[" Espárragos, agua, sal y acidulante: ácido cítrico."],"conservation":" Conservar en lugar fresco y seco.","ean":"8410850004158"},{"full_name":"VIUDA DE CAYO espárragos blancos enteros extra D.O. Navarra 8-12 piezas lata 220 g neto escurrido","name":"espárragos blancos enteros extra D.O. Navarra 8-12 piezas lata 220 g neto escurrido","brand":"VIUDA DE CAYO ","img":"https://sgfm.elcorteingles.es/SGFM/02/48/5/0118023702485/0118023702485000g01011.jpg","price":"6,35 €","price_unit":"(28,86 € / Kilo)","categories":["Supermercado","Alimentación General","Conservas vegetales","Espárragos blancos","VIUDA DE CAYO espárragos blancos enteros extra D.O. Navarra 8-12 piezas lata 220 g neto escurrido"],"general_information":["Denominación del alimento: Espárragos de Navarra","Nombre del operador: Viuda de Cayo Sainz, S.L","Dirección del operador: C/ Virgen de Legarda, 66. 31587 Mendavia, (Navarra) España","Lugar de procedencia del alimento: Indicación Geográfica Protegida Espárrago de Navarra","Cantidad Neta: 345 g","Peso neto escurrido: 220 g","Otras menciones obligatorias en la etiqueta: Calibre grueso"],"ingredients":[" Espárragos, agua, sal y acidulante: ácido cítrico."],"conservation":" Conservar en lugar fresco y seco.","ean":"8410850011316"},{"full_name":"VIUDA DE CAYO espárragos blancos D.O. Navarra 10-14 piezas lata 125 g neto escurrido","name":"espárragos blancos D.O. Navarra 10-14 piezas lata 125 g neto escurrido","brand":"VIUDA DE CAYO ","img":"https://sgfm.elcorteingles.es/SGFM/dctm/MEDIA03/201710/27/00118023702576____2__600x600.jpg","price":"3,45 €            ","price_unit":"(22,80 € / Kilo)","categories":["Supermercado","Alimentación General","Conservas vegetales","Espárragos blancos","VIUDA DE CAYO espárragos blancos D.O. Navarra 10-14 piezas lata 125 g neto escurrido"],"general_information":["Denominación del alimento: Espárragos de Navarra","Nombre del operador: Viuda de Cayo Sainz, S.L","Dirección del operador: C/ Virgen de Legarda, 66. 31587 Mendavia, (Navarra) España","Lugar de procedencia del alimento: Indicación Geográfica Protegida Espárrago de Navarra","Cantidad Neta: 185 g","Peso neto escurrido: 125 g","Otras menciones obligatorias en la etiqueta: Calibre medio"],"ingredients":[" Espárragos, agua, sal y acidulante: ácido cítrico."],"conservation":" Conservar en lugar fresco y seco.","ean":"8410850011484"},{"full_name":"VIUDA DE CAYO espárragos blancos extra 9-12 piezas D.O. Navarra frasco 205 g neto escurrido","name":"espárragos blancos extra 9-12 piezas D.O. Navarra frasco 205 g neto escurrido","brand":"VIUDA DE CAYO ","img":"https://sgfm.elcorteingles.es/SGFM/03/00/4/0118023703004/0118023703004000g01011.jpg","price":"6,95 €","price_unit":"(33,90 € / Kilo)","categories":["Supermercado","Alimentación General","Conservas vegetales","Espárragos blancos","VIUDA DE CAYO espárragos blancos extra 9-12 piezas D.O. Navarra frasco 205 g neto escurrido"],"general_information":["Denominación del alimento: Espárragos de Navarra","Nombre del operador: Viuda de Cayo Sainz, S.L","Dirección del operador: C/ Virgen de Legarda, 66. 31587 Mendavia, (Navarra) España","Lugar de procedencia del alimento: Indicación Geográfica Protegida Espárrago de Navarra","Cantidad Neta: 345 g","Peso neto escurrido: 205 g","Otras menciones obligatorias en la etiqueta: Calibre grueso"],"ingredients":[" Espárragos, agua, sal y acidulante: ácido cítrico."],"conservation":" Conservar en lugar fresco y seco.","ean":"8410850020103"},{"full_name":"VIUDA DE CAYO espárragos blancos D.O. Navarra 6-8 piezas lata 220 g neto escurrido","name":"espárragos blancos D.O. Navarra 6-8 piezas lata 220 g neto escurrido","brand":"VIUDA DE CAYO ","img":"https://sgfm.elcorteingles.es/SGFM//03/14/5/0118023703145/0118023703145000g01011.jpg","price":"8,35 €            ","price_unit":"(36,14 € / Kilo)","categories":["Supermercado","Alimentación General","Conservas vegetales","Espárragos blancos","VIUDA DE CAYO espárragos blancos D.O. Navarra 6-8 piezas lata 220 g neto escurrido"],"general_information":["Denominación del alimento: Espárragos de Navarra","Nombre del operador: Viuda de Cayo Sainz, S.L","Dirección del operador: C/ Virgen de Legarda, 66. 31587 Mendavia, (Navarra) España","Lugar de procedencia del alimento: Indicación Geográfica Protegida Espárrago de Navarra","Cantidad Neta: 345 g","Peso neto escurrido: 220 g","Otras menciones obligatorias en la etiqueta: Calibre muy grueso"],"ingredients":[" Espárragos, agua, sal y acidulante: ácido cítrico."],"conservation":" Conservar en lugar fresco y seco.","ean":"8410850011309"},{"full_name":"VIUDA DE CAYO espárragos blancos extra muy gruesos 9-12 piezas D.O. Navarra frasco 325 g neto escurrido","name":"espárragos blancos extra muy gruesos 9-12 piezas D.O. Navarra frasco 325 g neto escurrido","brand":"VIUDA DE CAYO ","img":"https://sgfm.elcorteingles.es/SGFM/03/08/7/0118023703087/0118023703087000g01011.jpg","price":"10,50 €            ","price_unit":"(30,62 € / Kilo)","categories":["Supermercado","Alimentación General","Conservas vegetales","Espárragos blancos","VIUDA DE CAYO espárragos blancos extra muy gruesos 9-12 piezas D.O. Navarra frasco 325 g neto escurrido"],"general_information":[],"ingredients":[],"ean":"8410850020011"},{"full_name":"J. VELA espárragos blancos extra D.O. 13-16 piezas lata 500 g","name":"espárragos blancos extra D.O. 13-16 piezas lata 500 g","brand":"J. VELA ","img":"https://sgfm.elcorteingles.es/SGFM/dctm/MEDIA03/201607/27/00118023700620____1__600x600.jpg","price":"14,50 €","price_unit":"(29 € / Kilo)","categories":["Supermercado","Alimentación General","Conservas vegetales","Espárragos blancos","J. VELA espárragos blancos extra D.O. 13-16 piezas lata 500 g"],"general_information":["Denominación del alimento: Espárragos blancos extra 13-16","País de origen: España","Nombre del operador: Conservas J. Vela.","Dirección del operador: Avda. de Estella 17 (31587 Mendavia, Navarra)","Cantidad Neta: 780 g","Peso neto escurrido: 500 g"],"ingredients":[" Espárragos, agua, sal y acidulante: ácido cítrico."],"ean":"8411904005046"},{"full_name":"J. VELA espárragos blancos extra D.O. 5-7 piezas lata 250 g neto escurrido","name":"espárragos blancos extra D.O. 5-7 piezas lata 250 g neto escurrido","brand":"J. VELA ","img":"https://sgfm.elcorteingles.es/SGFM/dctm/MEDIA02/CONTENIDOS/201601/12/00118023700653____1__600x600.jpg","price":"7,25 €","price_unit":"(29 € / Kilo)","categories":["Supermercado","Alimentación General","Conservas vegetales","Espárragos blancos","J. VELA espárragos blancos extra D.O. 5-7 piezas lata 250 g neto escurrido"],"general_information":["Denominación del alimento: Espárragos Blancos Extra 5-7","País de origen: España","Nombre del operador: Conservas J. Vela.","Dirección del operador: Avda. de Estella 17 (31587 Mendavia, Navarra)","Cantidad Neta: 410 g","Peso neto escurrido: 250 g"],"ingredients":[" Espárragos, agua, sal y acidulante: ácido cítrico."],"ean":"8411904000034"},{"full_name":"J. VELA esparragos blancos extra D.O. 7-9 piezas frasco 115 g neto escurrido","name":"esparragos blancos extra D.O. 7-9 piezas frasco 115 g neto escurrido","brand":"J. VELA ","img":"https://sgfm.elcorteingles.es/SGFM/dctm/MEDIA03/201607/27/00118023700646____1__600x600.jpg","price":"2,95 €","price_unit":"(25,65 € / Kilo)","categories":["Supermercado","Alimentación General","Conservas vegetales","Espárragos blancos","J. VELA esparragos blancos extra D.O. 7-9 piezas frasco 115 g neto escurrido"],"general_information":["Denominación del alimento: Espárragos blancos extra 7-9","País de origen: España","Nombre del operador: Conservas J. Vela.","Dirección del operador: Avda. de Estella 17 (31587 Mendavia, Navarra)","Cantidad Neta: 200 g","Peso neto escurrido: 125 g"],"ingredients":[" Espárragos, agua, sal y acidulante: ácido cítrico."],"ean":"8411904001062"},{"full_name":"VITER espárragos blancos extra gruesos 9-12 piezas lata 425 g neto escurrido","name":"espárragos blancos extra gruesos 9-12 piezas lata 425 g neto escurrido","brand":"VITER ","img":"https://sgfm.elcorteingles.es/SGFM/02/93/1/0118023702931/0118023702931000g01011.jpg","price":"4,95 €            ","price_unit":"(11,18 € / Kilo)","categories":["Supermercado","Alimentación General","Conservas vegetales","Espárragos blancos","VITER espárragos blancos extra gruesos 9-12 piezas lata 425 g neto escurrido"],"general_information":["Denominación del alimento: Espárragos blancos Extra 9/12 muy gruesos","País de origen: España","Nombre del operador: RIBEREBRO INTEGRAL, SAU","Dirección del operador: Poligono Industrial La Llanada - 26540 Alfaro La Rioja","Lugar de procedencia del alimento: Perú","Cantidad Neta: 660 g","Peso neto escurrido: 425 g","Número de raciones por envase: 1"],"ingredients":[" Espárragos, agua , sal,  regulador pH: ácido cítrico (E-330)"],"conservation":" Una vez abierto el tarro conservar en el frigorífico","ean":"8410139100540"},{"full_name":"VITER espárragos blancos 9-12 piezas frasco 325 g neto escurrido","name":"espárragos blancos 9-12 piezas frasco 325 g neto escurrido","brand":"VITER ","img":"https://sgfm.elcorteingles.es/SGFM/02/92/3/0118023702923/0118023702923000g01011.jpg","price":"4,95 €            ","price_unit":"(10,62 € / Kilo)","categories":["Supermercado","Alimentación General","Conservas vegetales","Espárragos blancos","VITER espárragos blancos 9-12 piezas frasco 325 g neto escurrido"],"general_information":["Denominación del alimento: Espárragos blancos  Extra 9/12 muy grueso","País de origen: España","Nombre del operador: RIBEREBRO INTEGRAL, SAU","Dirección del operador: Poligono Industrial La Llanada - 26540 Alfaro La Rioja","Lugar de procedencia del alimento: Perú","Cantidad Neta: 530 g","Peso neto escurrido: 325 g","Número de raciones por envase: 1"],"ingredients":[" Espárragos, agua , sal,  regulador pH: ácido cítrico (E-330)"],"conservation":" Una vez abierto el tarro conservar en el frigorífico","ean":"8410139100274"},{"full_name":"ZALEA Real espárragos blancos extra gruesos 20-25 piezas frasco 900 g neto escurrido","name":"Real espárragos blancos extra gruesos 20-25 piezas frasco 900 g neto escurrido","brand":"ZALEA ","img":"https://sgfm.elcorteingles.es/SGFM/dctm/MEDIA02/CONTENIDOS/201511/11/00118023703400____1__600x600.jpg","price":"9,90 €            ","price_unit":"(10,56 € / Kilo)","categories":["Supermercado","Alimentación General","Conservas vegetales","Espárragos blancos","ZALEA Real espárragos blancos extra gruesos 20-25 piezas frasco 900 g neto escurrido"],"general_information":[],"ingredients":[],"ean":"8436549527609"},{"full_name":"ZALEA Real espárragos blancos extra 16-20 piezas frasco 580 g neto escurrido","name":"Real espárragos blancos extra 16-20 piezas frasco 580 g neto escurrido","brand":"ZALEA ","img":"https://sgfm.elcorteingles.es/SGFM/dctm/MEDIA03/201610/25/00118023703483____6__600x600.jpg","price":"6,00 €            ","categories":["Supermercado","Alimentación General","Conservas vegetales","Espárragos blancos","ZALEA Real espárragos blancos extra 16-20 piezas frasco 580 g neto escurrido"],"general_information":[],"ingredients":[],"ean":"8436549527616"},{"full_name":"ZALEA Gourmet espárragos blancos 6-8 piezas frasco 325 g neto escurrido","name":"Gourmet espárragos blancos 6-8 piezas frasco 325 g neto escurrido","brand":"ZALEA ","img":"https://sgfm.elcorteingles.es/SGFM/dctm/MEDIA03/201609/27/00118023703525____1__600x600.jpg","price":"8,25 €            ","categories":["Supermercado","Alimentación General","Conservas vegetales","Espárragos blancos","ZALEA Gourmet espárragos blancos 6-8 piezas frasco 325 g neto escurrido"],"general_information":[],"ingredients":[],"ean":"8436549528033"},{"full_name":"ZALEA gourmet espárragos blancos extra muy gruesos 13-16 piezas lata 500 g neto escurrido","name":"gourmet espárragos blancos extra muy gruesos 13-16 piezas lata 500 g neto escurrido","brand":"ZALEA ","img":"https://sgfm.elcorteingles.es/SGFM/dctm/MEDIA03/201611/15/00118023703491____1__600x600.jpg","price":"13,75 €            ","categories":["Supermercado","Alimentación General","Conservas vegetales","Espárragos blancos","ZALEA gourmet espárragos blancos extra muy gruesos 13-16 piezas lata 500 g neto escurrido"],"general_information":[],"ingredients":[],"ean":"8436549528279"},{"full_name":"ZALEA Gourmet espárragos blancos extra 8-12 piezas frasco 205 g neto escurrido","name":"Gourmet espárragos blancos extra 8-12 piezas frasco 205 g neto escurrido","brand":"ZALEA ","img":"https://sgfm.elcorteingles.es/SGFM/dctm/MEDIA03/201609/27/00118023703517____1__600x600.jpg","price":"5,25 €            ","categories":["Supermercado","Alimentación General","Conservas vegetales","Espárragos blancos","ZALEA Gourmet espárragos blancos extra 8-12 piezas frasco 205 g neto escurrido"],"general_information":[],"ingredients":[],"ean":"8436549528040"},{"full_name":"ZALEA gourmet espárragos blancos extra 9-12 piezas lata 250 g","name":"gourmet espárragos blancos extra 9-12 piezas lata 250 g","brand":"ZALEA ","img":"https://sgfm.elcorteingles.es/SGFM/dctm/MEDIA03/201611/15/00200123703332____1__600x600.jpg","price":"5,65 €            ","categories":["Supermercado","Alimentación General","Conservas vegetales","Espárragos blancos","ZALEA gourmet espárragos blancos extra 9-12 piezas lata 250 g"],"general_information":[],"ingredients":[],"ean":"8436549528286"},{"full_name":"DANTZA espárragos blancos de Navarra frasco 325 g neto escurrido + frasco de pimientos del piquillo frasco 220 gne","name":"espárragos blancos de Navarra frasco 325 g neto escurrido","brand":"DANTZA ","img":"https://sgfm.elcorteingles.es/SGFM/dctm/MEDIA03/201611/15/00118023703582____1__600x600.jpg","price":"9,50 €","categories":["Supermercado","Alimentación General","Conservas vegetales","Espárragos blancos","DANTZA espárragos blancos de Navarra frasco 325 g neto escurrido + frasco de pimientos del piquillo frasco 220 gne"],"general_information":[],"ingredients":[],"ean":"8411108604038"},{"full_name":"EL CORTE INGLES yemas de espárragos blancos gruesas I.G.P. Navarra lata 135 g neto escurrido","name":"yemas de espárragos blancos gruesas I.G.P. Navarra lata 135 g neto escurrido","brand":"EL CORTE INGLES ","img":"https://sgfm.elcorteingles.es/SGFM/dctm/MEDIA02/CONTENIDOS/201511/13/00118023700331____2__600x600.jpg","price":"5,95 €            ","price_unit":"(36,67 € / Kilo)","categories":["Supermercado","Alimentación General","Conservas vegetales","Yemas de espárragos","EL CORTE INGLES yemas de espárragos blancos gruesas I.G.P. Navarra lata 135 g neto escurrido"],"general_information":["Denominación del alimento: ESPÁRRAGOS EXTRA. CALIBRE GRUESO.","Nombre del operador: Elaborado para \nEl Corte Inglés por \nBAJAMAR, S.A \nCtra. Sangüesa, s/n \n31310 - Carcastillo (Navarra) \nEspaña","Lugar de procedencia del alimento: Producto cultivado en Navarra","Cantidad Neta: 205 g","Peso neto escurrido: 135 g","Número de raciones por envase: 1"],"ingredients":[" Ingredientes: Espárragos, agua, sal y acidulante           E-330"],"conservation":" Conservar en lugar fresco y seco. Una vez abierto el envase, mantener el producto refrigerado un máximo de 48 horas.","ean":"8433329064699"},{"full_name":"EL CORTE INGLES yemas de espárragos blancos I.G.P. medianas lata 135 g neto escurrido","name":"yemas de espárragos blancos I.G.P. medianas lata 135 g neto escurrido","brand":"EL CORTE INGLES ","img":"https://sgfm.elcorteingles.es/SGFM/dctm/MEDIA02/CONTENIDOS/201512/04/00200123700759____1__600x600.jpg","price":"5,45 €","price_unit":"(40,37 € / Kilo)","categories":["Supermercado","Alimentación General","Conservas vegetales","Yemas de espárragos","EL CORTE INGLES yemas de espárragos blancos I.G.P. medianas lata 135 g neto escurrido"],"general_information":["Denominación del alimento: ESPÁRRAGOS EXTRA. CALIBRE MEDIANO.","Nombre del operador: Elaborado para \nEl Corte Inglés por \nBAJAMAR, S.A \nCtra. Sangüesa, s/n \n31310 - Carcastillo (Navarra) \nEspaña","Lugar de procedencia del alimento: Producto cultivado en Navarra","Cantidad Neta: 205 g","Peso neto escurrido: 135 g","Número de raciones por envase: 1"],"ingredients":[" Ingredientes: Espárragos, agua, sal y acidulante           E-330"],"conservation":" Conservar en lugar fresco y seco. Una vez abierto el envase, mantener el producto refrigerado un máximo de 48 horas.","ean":"8433329066037"},{"full_name":"EL CORTE INGLES yemas de espárragos blancos muy gruesos de Navarra calidad extra frasco 110 g neto escurrido","name":"yemas de espárragos blancos muy gruesos de Navarra calidad extra frasco 110 g neto escurrido","brand":"EL CORTE INGLES ","img":"https://sgfm.elcorteingles.es/SGFM/dctm/MEDIA03/201709/04/00118023703707____1__600x600.jpg","price":"6,15 €            ","price_unit":"(45 € / Kilo)","categories":["Supermercado","Alimentación General","Conservas vegetales","Yemas de espárragos","EL CORTE INGLES yemas de espárragos blancos muy gruesos de Navarra calidad extra frasco 110 g neto escurrido"],"general_information":["Denominación del alimento: YEMAS DE ESPÁRRAGOS  BLANCAS.CALIDAD EXTRA.MUY GRUESAS","Nombre del operador: Elaborado para \nEl Corte Inglés por \nBAJAMAR, S.A \nCtra. Sangüesa, s/n \n31310 - Carcastillo (Navarra) \nEspaña","Lugar de procedencia del alimento: Producto cultivado en Navarra","Cantidad Neta: 190 g","Peso neto escurrido: 110 g","Número de raciones por envase: 1"],"ingredients":[" Ingredientes: Yemas de espárragos, agua, sal y acidulante E-330"],"conservation":" Conservar en lugar fresco y seco. Una vez abierto el envase, mantener el producto refrigerado un máximo de 48 horas.","ean":"8433329084697"},{"full_name":"ALIADA yemas de espárragos blancos extra frasco 110 g neto escurrido","name":"yemas de espárragos blancos extra frasco 110 g neto escurrido","brand":"ALIADA ","img":"https://sgfm.elcorteingles.es/SGFM/dctm/MEDIA02/CONTENIDOS/201512/21/00118023702238____3__600x600.jpg","price":"2,68 €","price_unit":"(24,36 € / Kilo)","categories":["Supermercado","Alimentación General","Conservas vegetales","Yemas de espárragos","ALIADA yemas de espárragos blancos extra frasco 110 g neto escurrido"],"general_information":["Denominación del alimento: ESPÁRRAGOS CORTOS EXTRA  CALIBRE MEDIANO","Nombre del operador: Elaborado para\nEl  Grupo El Corte Inglés \nHermosilla, 112 ? 28009 Madrid ? España \npor NIF: A-31017106","Cantidad Neta: 195 g","Peso neto escurrido: 110 g","Número de raciones por envase: 1"],"ingredients":[" Ingredientes: Espárragos, agua, sal y acidulante (ácido cítrico)"],"conservation":" Consevar en lugar fresco y seco. Una vez abierto el envase, mantener el producto refrigerado un máximo de 48 horas.","ean":"8433329064842"},{"full_name":"CARRETILLA yemas de espárragos muy gruesos lata 135 g neto escurrido","name":"yemas de espárragos muy gruesos lata 135 g neto escurrido","brand":"CARRETILLA ","img":"https://sgfm.elcorteingles.es/SGFM/dctm/MEDIA02/CONTENIDOS/201408/20/00118023702246____1__600x600.jpg","price":"3,95 €","price_unit":"(29,26 € / Kilo)","categories":["Supermercado","Alimentación General","Conservas vegetales","Yemas de espárragos","CARRETILLA yemas de espárragos muy gruesos lata 135 g neto escurrido"],"general_information":["Denominación del alimento: Yemas de espárragos blancos","País de origen: China","Nombre del operador: Ind. Alim. de Navarra, S.A.U.","Dirección del operador: Pol.Peñalfons, s/n. 31330 Villafranca. Navarra - España","Cantidad Neta: 205 g","Peso neto escurrido: 135 g"],"ingredients":[" Yema de espárragos, agua, sal y acidulante: ácido cítrico."],"ean":"8410416004172"},{"full_name":"CARRETILLA yemas de espárragos muy gruesas frasco 185 g neto escurrido","name":"yemas de espárragos muy gruesas frasco 185 g neto escurrido","brand":"CARRETILLA ","img":"https://sgfm.elcorteingles.es/SGFM/dctm/MEDIA02/CONTENIDOS/201407/18/00118023703194____1__600x600.jpg","price":"3,95 €","price_unit":"(21,35 € / Kilo)","categories":["Supermercado","Alimentación General","Conservas vegetales","Yemas de espárragos","CARRETILLA yemas de espárragos muy gruesas frasco 185 g neto escurrido"],"general_information":["Denominación del alimento: Yemas de espárragos blancos","País de origen: Perú","Nombre del operador: Ind. Alim. de Navarra, S.A.U.","Dirección del operador: Pol.Peñalfons, s/n. 31330 Villafranca. Navarra - España","Cantidad Neta: 185 g","Peso neto escurrido: 110 g"],"ingredients":[" Yema de espárragos, agua, sal y acidulante: ácido cítrico."],"ean":"8410416931737"},{"full_name":"BAJAMAR yemas de espárragos extra gruesos frasco 110 g neto escurrido","name":"yemas de espárragos extra gruesos frasco 110 g neto escurrido","brand":"BAJAMAR ","img":"https://sgfm.elcorteingles.es/SGFM/dctm/MEDIA02/CONTENIDOS/201408/20/00118023700349____1__600x600.jpg","price":"3,75 €            ","price_unit":"(25 € / Kilo)","categories":["Supermercado","Alimentación General","Conservas vegetales","Yemas de espárragos","BAJAMAR yemas de espárragos extra gruesos frasco 110 g neto escurrido"],"general_information":["Denominación del alimento: Yemas de espárragos","Nombre del operador: Bajamar S.A.","Dirección del operador: Ctra. Sangüesa, s/n. 31310 Carcastillo (Navarra)","Lugar de procedencia del alimento: Perú / China.","Cantidad Neta: 195 g"],"ingredients":[" Espárragos, agua, sal y acidulante: ácido cítrico."],"conservation":" Una vez abierto el envase, mantener el producto refrigerado un máximo de 48 horas. A temperatura ambiente, en lugar fresco y seco / No requiere refrigeración.","ean":"8410465051707"},{"full_name":"BAJAMAR yemas de espárragos blancos extra de Navarra gruesos frasco 110 g neto escurrido","name":"yemas de espárragos blancos extra de Navarra gruesos frasco 110 g neto escurrido","brand":"BAJAMAR ","img":"https://sgfm.elcorteingles.es/SGFM/dctm/MEDIA02/CONTENIDOS/201601/08/00118023703343____2__600x600.jpg","price":"4,90 €            ","price_unit":"(35,91 € / Kilo)","categories":["Supermercado","Alimentación General","Conservas vegetales","Yemas de espárragos","BAJAMAR yemas de espárragos blancos extra de Navarra gruesos frasco 110 g neto escurrido"],"general_information":["Denominación del alimento: Yemas de espárragos","Nombre del operador: Bajamar S.A.","Dirección del operador: Ctra. Sangüesa, s/n. 31310 Carcastillo (Navarra)","Lugar de procedencia del alimento: DO Espárrago de Navarra","Cantidad Neta: 190 g","Peso neto escurrido: 110 g"],"ingredients":[" Espárragos, agua, sal y acidulante: ácido cítrico."],"conservation":" Una vez abierto, mantener en refrigeración un máximo de 48 horas. A temperatura ambiente, en lugar fresco y seco / No requiere refrigeración.","ean":"8410465001764"},{"full_name":"BAJAMAR yemas de espárragos medianas frasco 110 g neto escurrido","name":"yemas de espárragos medianas frasco 110 g neto escurrido","brand":"BAJAMAR ","img":"https://sgfm.elcorteingles.es/SGFM/dctm/MEDIA02/CONTENIDOS/201504/27/00118023703335____1__600x600.jpg","price":"2,15 €","price_unit":"(19,55 € / Kilo)","categories":["Supermercado","Alimentación General","Conservas vegetales","Yemas de espárragos","BAJAMAR yemas de espárragos medianas frasco 110 g neto escurrido"],"general_information":[],"ingredients":[],"ean":"8410465051745"},{"full_name":"LODOSA yemas de espárragos medianas blancos I.G.P. lata 135 g neto escurrido","name":"yemas de espárragos medianas blancos I.G.P. lata 135 g neto escurrido","brand":"LODOSA ","img":"https://sgfm.elcorteingles.es/SGFM/00/63/8/0118023700638/0118023700638000g01011.jpg","price":"4,95 €","price_unit":"(36,67 € / Kilo)","categories":["Supermercado","Alimentación General","Conservas vegetales","Yemas de espárragos","LODOSA yemas de espárragos medianas blancos I.G.P. lata 135 g neto escurrido"],"general_information":["Denominación del alimento: Yemas de espárragos","País de origen: España","Nombre del operador: Cooperativa del Campo S. Coop. De Lodosa","Dirección del operador: c/ El Ramal, 3 - 31580 Lodosa (Navarra)","Lugar de procedencia del alimento: D.O. Navarra","Cantidad Neta: 205 g","Peso neto escurrido: 135 g","Otras menciones obligatorias en la etiqueta: Calibre: medianas. Categoría Extra."],"ingredients":[" Espárragos, agua, sal, acidulante: ácido cítrico."],"conservation":" Conservar en lugar fresco y seco.","ean":"8411467011614"},{"full_name":"GIGANTE VERDE yemas de espárragos blancos frasco 110 g neto escurrido","name":"yemas de espárragos blancos frasco 110 g neto escurrido","brand":"GIGANTE VERDE ","img":"https://sgfm.elcorteingles.es/SGFM/dctm/MEDIA03/201709/19/00118023701305____1__600x600.jpg","price":"3,25 €            ","price_unit":"(27,18 € / Kilo)","categories":["Supermercado","Alimentación General","Conservas vegetales","Yemas de espárragos","GIGANTE VERDE yemas de espárragos blancos frasco 110 g neto escurrido"],"general_information":["Denominación del alimento: Yemas de espárragos blancos. CALIBRE MEDIO. CATEGORÍA EXTRA","Nombre del operador: GENERAL MILLS IBERICA S.A.U.","Dirección del operador: C/Serrano Galvache, 56, Complejo Parque Norte, Edificio Álamo, planta 12, 28033 Madrid, España.","Lugar de procedencia del alimento: Producto originario de Perú.","Cantidad Neta: 190 g","Peso neto escurrido: 110 g","Número de raciones por envase: 1"],"ingredients":[" Espárragos blancos, agua, sal, acidulante: ácido cítrico."],"conservation":" Conservar en lugar fresco y seco.Una vez abierto, mantener en el frigorífico y consumir en 2 días.","ean":"8410076059208"},{"full_name":"CIDACOS yemas de espárragos blancos extra gruesos frasco 205 g neto escurrido","name":"yemas de espárragos blancos extra gruesos frasco 205 g neto escurrido","brand":"CIDACOS ","img":"https://sgfm.elcorteingles.es/SGFM/dctm/MEDIA03/201608/08/00118023703210____4__600x600.jpg","price":"5,79 €            ","price_unit":"(24,15 € / Kilo)","categories":["Supermercado","Alimentación General","Conservas vegetales","Yemas de espárragos","CIDACOS yemas de espárragos blancos extra gruesos frasco 205 g neto escurrido"],"general_information":["Denominación del alimento: Yemas Esparrago","Nombre del operador: Conservas el Cidacos S.A.","Dirección del operador: Crta. De Calahorra km. 1 26560 Autol (La Rioja)","Lugar de procedencia del alimento: DO Peru - DO China","Cantidad Neta: 345,0 g","Peso neto escurrido: 205,0 g"],"ingredients":[" Esparrago, agua, sal, azucar. Antoxidantes: acido citrico y acido ascorbico (vitamina C)"],"conservation":" Mantener en lugar fresco y seco.","ean":"8410313106139"},{"full_name":"CIDACOS yemas de esparragos 6-9 piezas extra gruesas lata 100 g","name":"yemas de esparragos 6-9 piezas extra gruesas lata 100 g","brand":"CIDACOS ","img":"https://sgfm.elcorteingles.es/SGFM/00/16/6/0118023700166/0118023700166000g01011.jpg","price":"3,99 €","price_unit":"(39,90 € / Kilo)","categories":["Supermercado","Alimentación General","Conservas vegetales","Yemas de espárragos","CIDACOS yemas de esparragos 6-9 piezas extra gruesas lata 100 g"],"general_information":["Denominación del alimento: Yemas de esparrago blancos extras 6/9","Nombre del operador: Conservas el Cidacos S.A.","Dirección del operador: Crta. De Calahorra km. 1 26560 Autol (La Rioja)","Lugar de procedencia del alimento: DO Peru - DO China","Cantidad Neta: 155,0 g","Peso neto escurrido: 100,0 g"],"ingredients":[" Esparrago, agua, sal, azucar. Antoxidantes: acido citrico y acido ascorbico (vitamina C)"],"conservation":" Mantener en lugar fresco y seco.","ean":"8410313602600"},{"full_name":"DANTZA yemas de espárragos gruesas D. O. Navarra frasco 135 g neto escurrido","name":"yemas de espárragos gruesas D. O. Navarra frasco 135 g neto escurrido","brand":"DANTZA ","img":"https://sgfm.elcorteingles.es/SGFM/02/80/8/0118023702808/0118023702808000g01011.jpg","price":"6,25 €","price_unit":"(46,30 € / Kilo)","categories":["Supermercado","Alimentación General","Conservas vegetales","Yemas de espárragos","DANTZA yemas de espárragos gruesas D. O. Navarra frasco 135 g neto escurrido"],"general_information":["Denominación del alimento: Yemas de espárragos","Nombre del operador: Conservas Dantza, S.A.","Dirección del operador: Crta. N-113, km 77 -31590 Castejón (Navarra)","Cantidad Neta: 225 g"],"ingredients":[" Esparrago, Agua, Sal y Acidulante (Ácido cítrico E-330)."],"conservation":" Envase Cerrado: El producto se mantendrá correctamente envasado en un lugar fresco y seco de manera que no quede expuesto al sol ni a temperaturas superiores a 45 °C. Envase abierto: Una vez abierto verter en un recipiente de cristal y mantener el envase cerrado en refrigeración 4°C durante 48 horas.","ean":"8411108260234"},{"full_name":"DANTZA yemas de esparragos muy gruesos I.G.P. frasco 135 g neto escurrido","name":"yemas de esparragos muy gruesos I.G.P. frasco 135 g neto escurrido","brand":"DANTZA ","img":"https://sgfm.elcorteingles.es/SGFM/00/80/2/0118023700802/0118023700802000g01011.jpg","price":"6,50 €","price_unit":"(48,15 € / Kilo)","categories":["Supermercado","Alimentación General","Conservas vegetales","Yemas de espárragos","DANTZA yemas de esparragos muy gruesos I.G.P. frasco 135 g neto escurrido"],"general_information":["Denominación del alimento: Yemas de espárragos","Nombre del operador: Conservas Dantza, S.A.","Dirección del operador: Crta. N-113, km 77 -31590 Castejón (Navarra)","Cantidad Neta: 225 g"],"ingredients":[" Esparrago, Agua, Sal y Acidulante (Ácido cítrico E-330)."],"conservation":" Envase Cerrado: El producto se mantendrá correctamente envasado en un lugar fresco y seco de manera que no quede expuesto al sol ni a temperaturas superiores a 45 °C. Envase abierto: Una vez abierto verter en un recipiente de cristal y mantener el envase cerrado en refrigeración 4°C durante 48 horas.","ean":"8411108245149"},{"full_name":"PEDRO LUIS yemas de espárragos blancos de cultivo ecológico frasco 135 g neto escurrido","name":"yemas de espárragos blancos de cultivo ecológico frasco 135 g neto escurrido","brand":"PEDRO LUIS ","img":"https://sgfm.elcorteingles.es/SGFM/dctm/MEDIA03/201706/05/00118023900071____1__600x600.jpg","price":"4,10 €","price_unit":"(30,37 € / Kilo)","categories":["Supermercado","Alimentación General","Conservas vegetales","Yemas de espárragos","PEDRO LUIS yemas de espárragos blancos de cultivo ecológico frasco 135 g neto escurrido"],"general_information":["Denominación del alimento: Yemas de Espárrago de agricultura ecológica, blanco, delgadas, extra","País de origen: España","Nombre del operador: Conservas Pedro Luís, S.L.","Dirección del operador: Pol.Industrial El Ramal, C/Del Ramal 19 -31580- Lodosa (Navarra)","Cantidad Neta: 220 g","Peso neto escurrido: 135 g"],"ingredients":[" Yemas de Espárrago*, agua, sal y antioxidante: ácido cítrico."],"conservation":" Conservar en lugar fresco y seco protegido de la luz. Una vez abierto, conservar en el frigorífico y consumir antes de 3 días.","ean":"8425205013600"},{"full_name":"PEDRO LUIS yemas de espárragos blancos D.O. Navarra muy gruesas frasco 135 g neto escurrido","name":"yemas de espárragos blancos D.O. Navarra muy gruesas frasco 135 g neto escurrido","brand":"PEDRO LUIS ","img":"https://sgfm.elcorteingles.es/SGFM/dctm/MEDIA03/201610/14/00118023703566____1__600x600.jpg","price":"5,50 €            ","categories":["Supermercado","Alimentación General","Conservas vegetales","Yemas de espárragos","PEDRO LUIS yemas de espárragos blancos D.O. Navarra muy gruesas frasco 135 g neto escurrido"],"general_information":["Denominación del alimento: Yema de Espárrago de Navarra, Blanco, Extra, Muy Gruesas","Nombre del operador: Conservas Pedro Luís, S.L.","Dirección del operador: Pol.Industrial El Ramal, C/Del Ramal 19 -31580- Lodosa (Navarra)","Cantidad Neta: 220 g","Peso neto escurrido: 135 g"],"ingredients":[" Yemas de Espárrago, agua, sal marina y antioxidante: ácido cítrico."],"conservation":" Conservar en lugar fresco y seco protegido de la luz. Una vez abierto conservar en el frigorífico y consumir antes de 3 días.","ean":"8425205010272"},{"full_name":"VIUDA DE CAYO yemas de espárragos D.O. Navarra extra muy gruesos 7-10 piezas frasco 140 g neto escurrido","name":"yemas de espárragos D.O. Navarra extra muy gruesos 7-10 piezas frasco 140 g neto escurrido","brand":"VIUDA DE CAYO ","img":"https://sgfm.elcorteingles.es/SGFM/dctm/MEDIA03/201611/17/00118023703608____1__600x600.jpg","price":"10,75 €            ","categories":["Supermercado","Alimentación General","Conservas vegetales","Yemas de espárragos","VIUDA DE CAYO yemas de espárragos D.O. Navarra extra muy gruesos 7-10 piezas frasco 140 g neto escurrido"],"general_information":[],"ingredients":[],"ean":"8410850020127"},{"full_name":"VIUDA DE CAYO yemas de espárragos 7-9 piezas D.O. gruesas frasco 115 g neto escurrido","name":"yemas de espárragos 7-9 piezas D.O. gruesas frasco 115 g neto escurrido","brand":"VIUDA DE CAYO ","img":"https://sgfm.elcorteingles.es/SGFM/dctm/MEDIA03/201710/27/00118023703186____2__600x600.jpg","price":"4,90 €","price_unit":"(42,61 € / Kilo)","categories":["Supermercado","Alimentación General","Conservas vegetales","Yemas de espárragos","VIUDA DE CAYO yemas de espárragos 7-9 piezas D.O. gruesas frasco 115 g neto escurrido"],"general_information":[],"ingredients":[],"ean":"8410850020110"},{"full_name":"LODOSA yemas de espárragos I.G.P. lata 135 g neto escurrido","name":"yemas de espárragos I.G.P. lata 135 g neto escurrido","brand":"LODOSA ","img":"https://sgfm.elcorteingles.es/SGFM/00/52/8/0200123700528/0200123700528000g01011.jpg","price":"3,15 €","price_unit":"(23,33 € / Kilo)","categories":["Supermercado","Alimentación General","Conservas vegetales","Yemas de espárragos","LODOSA yemas de espárragos I.G.P. lata 135 g neto escurrido"],"general_information":["Denominación del alimento: Yemas de espárragos","País de origen: España","Nombre del operador: Cooperativa del Campo S. Coop. De Lodosa","Dirección del operador: c/ El Ramal, 3 - 31580 Lodosa (Navarra)","Cantidad Neta: 205 g","Peso neto escurrido: 135 g","Otras menciones obligatorias en la etiqueta: Calibre: delgadas. Cabeza Morada Categoría Primera."],"ingredients":[" Espárragos, agua, sal, acidulante: ácido cítrico."],"conservation":" Conservar en lugar fresco y seco.","ean":"8411467021613"},{"full_name":"CIDACOS tallos de espárragos blancos pelados lata 250 g neto escurrido","name":"tallos de espárragos blancos pelados lata 250 g neto escurrido","brand":"CIDACOS ","img":"https://sgfm.elcorteingles.es/SGFM/00/05/9/0118023700059/0118023700059000g01011.jpg","price":"1,35 €","price_unit":"(5,40 € / Kilo)","categories":["Supermercado","Alimentación General","Conservas vegetales","Tallos de espárragos","CIDACOS tallos de espárragos blancos pelados lata 250 g neto escurrido"],"general_information":["Denominación del alimento: Tallos Esparrago","Nombre del operador: Conservas el Cidacos S.A.","Dirección del operador: Crta. De Calahorra km. 1 26560 Autol (La Rioja)","Lugar de procedencia del alimento: DO Peru - DO China","Cantidad Neta: 390,0 g","Peso neto escurrido: 250,0 g"],"ingredients":[" Esparrago, agua, sal, azucar. Antoxidantes: acido citrico y acido ascorbico (vitamina C)"],"conservation":" Mantener en lugar fresco y seco.","ean":"8410313101820"},{"full_name":"EL CORTE INGLES espárragos verdes 20-40 piezas frasco 190 g neto escurrido","name":"espárragos verdes 20-40 piezas frasco 190 g neto escurrido","brand":"EL CORTE INGLES ","img":"https://sgfm.elcorteingles.es/SGFM/dctm/MEDIA03/201604/08/00118023702691____1__600x600.jpg","price":"2,75 €","price_unit":"(14,86 € / Kilo)","categories":["Supermercado","Alimentación General","Conservas vegetales","Espárragos verdes","EL CORTE INGLES espárragos verdes 20-40 piezas frasco 190 g neto escurrido"],"general_information":["Denominación del alimento: Espárragos verdes. Categoría primera","Nombre del operador: Importado para El Corte Inglés por \nIndustrias Alimentarias de Navarra, S.A.U.\nPeñalfons, s/n \n31330 Villafranca ? Navarra\nEspaña","Lugar de procedencia del alimento: Producto originario de China o Perú","Cantidad Neta: 345 g","Peso neto escurrido: 190 g","Número de raciones por envase: 3 de 50 g"],"ingredients":[" Ingredientes: espárragos verdes, agua, sal y acidulante: ácido cítrico."],"conservation":" Conservar en lugar fresco y seco. Una vez abierto, conservar refrigerado en un recipiente de cristal con su líquido de cobertura y consumir en 24h","ean":"8433329068765"},{"full_name":"EL CORTE INGLES espárragos verdes cortos frasco 100 g neto escurrido","name":"espárragos verdes cortos frasco 100 g neto escurrido","brand":"EL CORTE INGLES ","img":"https://sgfm.elcorteingles.es/SGFM/dctm/MEDIA03/201604/08/00118023702634____1__600x600.jpg","price":"1,45 €","price_unit":"(13,81 € / Kilo)","categories":["Supermercado","Alimentación General","Conservas vegetales","Espárragos verdes","EL CORTE INGLES espárragos verdes cortos frasco 100 g neto escurrido"],"general_information":["Denominación del alimento: Espárragos cortos verdes. Categoría primera","Nombre del operador: Elaborado para El Corte Inglés por \nIndustrias Alimentarias de Navarra, S.A.U.\nPeñalfons, s/n \n31330 Villafranca ? Navarra\nEspaña","Lugar de procedencia del alimento: Producto originario de China","Cantidad Neta: 185 g","Peso neto escurrido: 100 g","Número de raciones por envase: 2 de 50 g"],"ingredients":[" Ingredientes: espárragos verdes, agua, sal y acidulante: ácido cítrico."],"conservation":" Conservar en lugar fresco y seco. Una vez abierto, conservar refrigerado, con su líquido de cobertura y consumir en 24h","ean":"8433329068758"},{"full_name":"GIGANTE VERDE espárragos verdes cortos pack 2 frasco 100 g neto escurrido","name":"espárragos verdes cortos pack 2 frasco 100 g neto escurrido","brand":"GIGANTE VERDE ","img":"https://sgfm.elcorteingles.es/SGFM/dctm/MEDIA03/201709/19/00118023700992____1__600x600.jpg","price":"6,50 €","price_unit":"(29,55 € / Kilo)","categories":["Supermercado","Alimentación General","Conservas vegetales","Espárragos verdes","GIGANTE VERDE espárragos verdes cortos pack 2 frasco 100 g neto escurrido"],"general_information":["Denominación del alimento: Espárragos cortos verdes sin pelar. CALIBRE DELGADO. CATEGORÍA PRIMERA","Nombre del operador: GENERAL MILLS IBERICA S.A.U.","Dirección del operador: C/Serrano Galvache, 56, Complejo Parque Norte, Edificio Álamo, planta 12, 28033 Madrid, España.","Lugar de procedencia del alimento: Producto originario de Perú.","Cantidad Neta: 380 g","Peso neto escurrido: 200 g"],"ingredients":[" Espárragos verdes sin pelar, agua, sal."],"conservation":" Conservar en lugar fresco y seco.Una vez abierto, mantener en el frigorífico y consumir en 2 días.","ean":"8410076304292"},{"full_name":"BAJAMAR espárragos verdes extra muy gruesos 8-16 piezas frasco 295 g neto escurrido","name":"espárragos verdes extra muy gruesos 8-16 piezas frasco 295 g neto escurrido","brand":"BAJAMAR ","img":"https://sgfm.elcorteingles.es/SGFM/00/23/2/0118023700232/0118023700232000g01011.jpg","price":"4,95 €","price_unit":"(16,78 € / Kilo)","categories":["Supermercado","Alimentación General","Conservas vegetales","Espárragos verdes","BAJAMAR espárragos verdes extra muy gruesos 8-16 piezas frasco 295 g neto escurrido"],"general_information":["Denominación del alimento: Espárragos verdes","Nombre del operador: Bajamar S.A.","Dirección del operador: Ctra. Sangüesa, s/n. 31310 Carcastillo (Navarra)","Lugar de procedencia del alimento: Perú","Cantidad Neta: 530 g","Peso neto escurrido: 295 g"],"ingredients":[" Espárragos, agua y sal."],"conservation":" Una vez abierto, mantener en refrigeración un máximo de 48 horas. A temperatura ambiente, en lugar fresco y seco / No requiere refrigeración.","ean":"8410465001160"},{"full_name":"ALSUR espárragos verdes trigueros lata 210 g neto escurrido","name":"espárragos verdes trigueros lata 210 g neto escurrido","brand":"ALSUR ","img":"https://sgfm.elcorteingles.es/SGFM/00/52/1/0118023700521/0118023700521000g01011.jpg","price":"1,95 €","price_unit":"(9,29 € / Kilo)","categories":["Supermercado","Alimentación General","Conservas vegetales","Espárragos verdes","ALSUR espárragos verdes trigueros lata 210 g neto escurrido"],"general_information":["Denominación del alimento: Espárragos verdes trigueros","País de origen: Perú","Nombre del operador: Sola de Antequera S.A.","Dirección del operador: Ctra. Córdoba-Málaga km 520 29200 Antequera (Málaga)","Lugar de procedencia del alimento: Perú","Cantidad Neta: 390,0 g","Peso neto escurrido: 210,0 g"],"ingredients":[" Espárragos Verdes, Agua, Sal y Acidulante: Ácido Cítrico."],"conservation":" Conservar en un lugar fresco, seco y protegido del sol.","ean":"8420309020776"},{"full_name":"LOS MONTEROS espárragos verdes trigueros cortos D.O. 50-85 piezas lata 205 g neto escurrido","name":"espárragos verdes trigueros cortos D.O. 50-85 piezas lata 205 g neto escurrido","brand":"LOS MONTEROS ","img":"https://sgfm.elcorteingles.es/SGFM/dctm/MEDIA02/CONTENIDOS/201410/30/00118023701313____1__600x600.jpg","price":"3,75 €            ","price_unit":"(15,12 € / Kilo)","categories":["Supermercado","Alimentación General","Conservas vegetales","Espárragos verdes","LOS MONTEROS espárragos verdes trigueros cortos D.O. 50-85 piezas lata 205 g neto escurrido"],"general_information":["Denominación del alimento: Espárragos verde-morados","Nombre del operador: Centro Sur S. Coop. And.","Dirección del operador: Ctra. De la Estación, s/n. 18360 Huétor Tájar (Granada) España.","Cantidad Neta: 345,0 g","Peso neto escurrido: 205,0 g"],"ingredients":[" Espárragos verde-morados (60%), agua y sal. Acidulante: Ácido cítrico."],"ean":"8410405000215"},{"full_name":"LOS MONTEROS espárragos verdes trigueros cortos D.O. 20-40 piezas lata 205 g neto escurrido","name":"espárragos verdes trigueros cortos D.O. 20-40 piezas lata 205 g neto escurrido","brand":"LOS MONTEROS ","img":"https://sgfm.elcorteingles.es/SGFM/dctm/MEDIA02/CONTENIDOS/201410/30/00118023701321____1__600x600.jpg","price":"3,95 €            ","price_unit":"(15,85 € / Kilo)","categories":["Supermercado","Alimentación General","Conservas vegetales","Espárragos verdes","LOS MONTEROS espárragos verdes trigueros cortos D.O. 20-40 piezas lata 205 g neto escurrido"],"general_information":["Denominación del alimento: Espárragos verde-morados","Nombre del operador: Centro Sur S. Coop. And.","Dirección del operador: Ctra. De la Estación, s/n. 18360 Huétor Tájar (Granada) España.","Cantidad Neta: 345,0 g","Peso neto escurrido: 205,0 g"],"ingredients":[" Espárragos verde-morados (60%), agua y sal. Acidulante: Ácido cítrico."],"ean":"8410405000253"},{"full_name":"CESURCA espárragos verdes muy gruesos 10-15 piezas lata 205 g neto escurrido","name":"espárragos verdes muy gruesos 10-15 piezas lata 205 g neto escurrido","brand":"CESURCA ","img":"https://sgfm.elcorteingles.es/SGFM/dctm/MEDIA03/201707/05/00118023703657____1__600x600.jpg","price":"2,95 €            ","price_unit":"(12,20 € / Kilo)","categories":["Supermercado","Alimentación General","Conservas vegetales","Espárragos verdes","CESURCA espárragos verdes muy gruesos 10-15 piezas lata 205 g neto escurrido"],"general_information":["Denominación del alimento: Espárragos verdes.","Nombre del operador: Centro Sur S.C.And.","Dirección del operador: Ctra. De la estación s/n (18360 Huétor Tajar, Granada).","Cantidad Neta: 400 g","Peso neto escurrido: 205 g"],"ingredients":[" Espárragos verdes, agua, sal y sal. Acidulante: ácido cítrico."],"ean":"8410405001557"},{"full_name":"EL CORTE INGLES corazones de alcachofa 13-16 piezas frasco 400 g neto escurrido","name":"corazones de alcachofa 13-16 piezas frasco 400 g neto escurrido","brand":"EL CORTE INGLES ","img":"https://sgfm.elcorteingles.es/SGFM/dctm/MEDIA03/201703/15/00118021800943____1__600x600.jpg","price":"6,50 €","price_unit":"(16,25 € / Kilo)","categories":["Supermercado","Alimentación General","Conservas vegetales","Alcachofas","EL CORTE INGLES corazones de alcachofa 13-16 piezas frasco 400 g neto escurrido"],"general_information":["Denominación del alimento: Corazones de alcachofas al natural. Categoría Extra","Nombre del operador: Elaborado para El Corte Inglés por Impex Medrano Pol. Ind. Las Labradas , C/Castilla y León, 4 31500 Tudela (Navarra) España","Cantidad Neta: 660 g","Peso neto escurrido: 400 g","Número de raciones por envase: 2"],"ingredients":[" Ingredientes: Alcachofa blanca de Tudela, agua, sal y antioxidantes: ácido ascórbico y EDTA"],"conservation":" Conservar en ambiente fresco y seco. Una vez abierto conservar refrigerado un tiempo máximo de 5 días","ean":"8433329077101"},{"full_name":"EL CORTE INGLES corazones de alcachofas 20-25 piezas lata 240 g neto escurrido","name":"corazones de alcachofas 20-25 piezas lata 240 g neto escurrido","brand":"EL CORTE INGLES ","img":"https://sgfm.elcorteingles.es/SGFM/dctm/MEDIA03/201609/22/00118021800208____1__600x600.jpg","price":"3,15 €            ","price_unit":"(10,21 € / Kilo)","categories":["Supermercado","Alimentación General","Conservas vegetales","Alcachofas","EL CORTE INGLES corazones de alcachofas 20-25 piezas lata 240 g neto escurrido"],"general_information":["Denominación del alimento: Corazones de alcachofas al natural. Categoría Extra","Nombre del operador: Importado y distribuido para El Corte Inglés\npor\nSola de Antequera, S.A.\nCtra. Córdoba ? Málaga km 520\n29200 Antequera (Málaga) España","Lugar de procedencia del alimento: Producto de Perú","Cantidad Neta: 390 g","Peso neto escurrido: 240 g","Número de raciones por envase: 2"],"ingredients":[" Ingredientes: Alcachofa, agua, sal, acidulante (ácido cítrico)."],"conservation":" Mantener en lugar seco y fresco. Una vez abierto, tranferir a un envase no metálico, refrigerar y consumir  antes de 5 días.","ean":"8433329023665"},{"full_name":"EL CORTE INGLES corazones de alcachofa 16-20 piezas lata 240 g neto escurrido","name":"corazones de alcachofa 16-20 piezas lata 240 g neto escurrido","brand":"EL CORTE INGLES ","img":"https://sgfm.elcorteingles.es/SGFM/dctm/MEDIA03/201609/22/00118021800760____1__600x600.jpg","price":"2,95 €","price_unit":"(12,29 € / Kilo)","categories":["Supermercado","Alimentación General","Conservas vegetales","Alcachofas","EL CORTE INGLES corazones de alcachofa 16-20 piezas lata 240 g neto escurrido"],"general_information":["Denominación del alimento: Corazones de alcachofas al natural. Categoría Extra","Nombre del operador: Importado y distribuido para El Corte Inglés\npor\nSola de Antequera, S.A.\nCtra. Córdoba ? Málaga km 520\n29200 Antequera (Málaga) España","Lugar de procedencia del alimento: Producto de Perú","Cantidad Neta: 390 g","Peso neto escurrido: 240 g","Número de raciones por envase: 2"],"ingredients":[" Ingredientes: Alcachofa, agua, sal, acidulante (ácido cítrico)."],"conservation":" Mantener en lugar seco y fresco. Una vez abierto, transferir a un envase no metálico, refrigerar y consumir antes de  5 días.","ean":"8433329023658"},{"full_name":"EL CORTE INGLES corazones de alcachofa 15-20 piezas frasco 160 g neto escurrido","name":"corazones de alcachofa 15-20 piezas frasco 160 g neto escurrido","brand":"EL CORTE INGLES ","img":"https://sgfm.elcorteingles.es/SGFM/dctm/MEDIA03/201609/22/00118021800752____1__600x600.jpg","price":"2,95 €","price_unit":"(18,44 € / Kilo)","categories":["Supermercado","Alimentación General","Conservas vegetales","Alcachofas","EL CORTE INGLES corazones de alcachofa 15-20 piezas frasco 160 g neto escurrido"],"general_information":["Denominación del alimento: Corazones de alcachofas al natural. Categoría Extra","Nombre del operador: Importado y distribuido para El Corte Inglés\npor\nSola de Antequera, S.A.\nCtra. Córdoba ? Málaga km 520\n29200 Antequera (Málaga) España","Lugar de procedencia del alimento: Producto de Perú","Cantidad Neta: 290 g","Peso neto escurrido: 160 g","Número de raciones por envase: 2"],"ingredients":[" Ingredientes: Alcachofa, agua, sal, acidulante (ácido cítrico)."],"conservation":" Mantener en lugar seco y fresco. Una vez abierto refrigerar y consumir antes de 5 días.","ean":"8433329023672"},{"full_name":"EL CORTE INGLES corazones de alcachofas al natural 6-8 piezas lata 240 g neto escurrido","name":"corazones de alcachofas al natural 6-8 piezas lata 240 g neto escurrido","brand":"EL CORTE INGLES ","img":"https://sgfm.elcorteingles.es/SGFM/dctm/MEDIA03/201609/22/00118021800737____1__600x600.jpg","price":"1,59 €            ","price_unit":"(6,46 € / Kilo)","categories":["Supermercado","Alimentación General","Conservas vegetales","Alcachofas","EL CORTE INGLES corazones de alcachofas al natural 6-8 piezas lata 240 g neto escurrido"],"general_information":["Denominación del alimento: Corazones de alcachofas al natural. Categoría primera","Nombre del operador: Distribuido para El Corte Inglés\npor\nSola de Antequera, S.A.\nCtra. Córdoba ? Málaga km 520\n29200 Antequera (Málaga) España","Lugar de procedencia del alimento: Producto de España","Cantidad Neta: 390 g","Peso neto escurrido: 240 g","Número de raciones por envase: 2"],"ingredients":[" Ingredientes: Alcachofa, agua, sal, acidulante (ácido cítrico)."],"conservation":" Mantener en lugar seco y fresco. Una vez abierto transferir a un envase no metálico, refrigerar y consumir antes de 5 días.","ean":"8433329071611"},{"full_name":"EL CORTE INGLES corazones de alcachofas 10-12 piezas lata 240 g neto escurrido","name":"corazones de alcachofas 10-12 piezas lata 240 g neto escurrido","brand":"EL CORTE INGLES ","img":"https://sgfm.elcorteingles.es/SGFM/dctm/MEDIA03/201609/22/00118021800745____1__600x600.jpg","price":"1,75 €","price_unit":"(7,29 € / Kilo)","categories":["Supermercado","Alimentación General","Conservas vegetales","Alcachofas","EL CORTE INGLES corazones de alcachofas 10-12 piezas lata 240 g neto escurrido"],"general_information":["Denominación del alimento: Corazones de alcachofas al natural. Categoría primera","Nombre del operador: Importado y distribuido para El Corte Inglés\npor\nSola de Antequera, S.A.\nCtra. Córdoba ? Málaga km 520\n29200 Antequera (Málaga) España","Lugar de procedencia del alimento: Producto de Perú","Cantidad Neta: 390 g","Peso neto escurrido: 240 g","Número de raciones por envase: 2"],"ingredients":[" Ingredientes: Alcachofa, agua, sal, acidulante (ácido cítrico)."],"conservation":" Mantener en lugar seco y fresco. Una vez abierto transferir a un envase no metálico, refrigerar y consumir antes de 5 días.","ean":"8433329071628"},{"full_name":"GVTARRA corazones de alcachofas frasco 400 g neto escurrido","name":"corazones de alcachofas frasco 400 g neto escurrido","brand":"GVTARRA ","img":"https://sgfm.elcorteingles.es/SGFM/dctm/MEDIA03/201612/12/00118021800083____3__600x600.jpg","price":"5,45 €            ","price_unit":"(12,38 € / Kilo)","categories":["Supermercado","Alimentación General","Conservas vegetales","Alcachofas","GVTARRA corazones de alcachofas frasco 400 g neto escurrido"],"general_information":["Denominación del alimento: Alcachofas mitades Primera","País de origen: España","Nombre del operador: RIBEREBRO INTEGRAL, SAU","Dirección del operador: Poligono Industrial La Llanada - 26540 Alfaro La Rioja","Cantidad Neta: 660 g","Peso neto escurrido: 400 g","Número de raciones por envase: 1"],"ingredients":[" Alcachofas, agua, sal, antioxidante: ácido ascórbico (E-300)"],"conservation":" Almacenar en ambiente fresco y seco, una vez abierto mantener refrigerado y consumir antes del tercer día de su apertura","ean":"8410514104101"},{"full_name":"GVTARRA corazones de alcachofa en mitades sin sal frasco 320","name":"corazones de alcachofa en mitades sin sal frasco 320 ","brand":"GVTARRA ","img":"https://sgfm.elcorteingles.es/SGFM/00/16/6/0118021800166/0118021800166000g01011.jpg","price":"6,25 €","price_unit":"(19,53 € / Kilo)","categories":["Supermercado","Alimentación General","Conservas vegetales","Alcachofas","GVTARRA corazones de alcachofa en mitades sin sal frasco 320"],"general_information":["Denominación del alimento: Alcachofas mitades Extra sin sal","País de origen: España","Nombre del operador: RIBEREBRO INTEGRAL, SAU","Dirección del operador: Poligono Industrial La Llanada - 26540 Alfaro La Rioja","Cantidad Neta: 535 g","Peso neto escurrido: 320 g","Número de raciones por envase: 1"],"ingredients":[" Alcachofa, agua y antioxidante E-300 (Acido ascórbico)"],"conservation":" Una vez abierto el tarro conservar en el frigorífico","ean":"8410514104873"},{"full_name":"ALSUR corazones de alcachofa 20-25 piezas frasco 550 g neto escurrido","name":"corazones de alcachofa 20-25 piezas frasco 550 g neto escurrido","brand":"ALSUR ","img":"https://sgfm.elcorteingles.es/SGFM/dctm/MEDIA03/201710/10/00118021801065____1__600x600.jpg","price":"4,95 €","price_unit":"(9 € / Kilo)","categories":["Supermercado","Alimentación General","Conservas vegetales","Alcachofas","ALSUR corazones de alcachofa 20-25 piezas frasco 550 g neto escurrido"],"general_information":[],"ingredients":[],"ean":"8420309600428"},{"full_name":"ALSUR corazones de alcachofa 32-40 piezas frasco 250 g neto escurrido","name":"corazones de alcachofa 32-40 piezas frasco 250 g neto escurrido","brand":"ALSUR ","img":"https://sgfm.elcorteingles.es/SGFM/00/77/8/0118021800778/0118021800778000g01011.jpg","price":"5,00 €","price_unit":"(20 € / Kilo)","categories":["Supermercado","Alimentación General","Conservas vegetales","Alcachofas","ALSUR corazones de alcachofa 32-40 piezas frasco 250 g neto escurrido"],"general_information":["Denominación del alimento: Corazones de alcachofa","País de origen: Perú","Nombre del operador: Sola de Antequera S.A.","Dirección del operador: Ctra. Córdoba-Málaga km 520 29200 Antequera (Málaga)","Lugar de procedencia del alimento: Perú","Cantidad Neta: 390,0 g","Peso neto escurrido: 250,0 g"],"ingredients":[" Alcachofas, Agua, Sal y Acidulante: Ácido Cítrico."],"conservation":" Conservar en un lugar fresco, seco y protegido del sol.","ean":"8420309600169"},{"full_name":"ALSUR CORAZONES 12-14 ALCACHOFAS lata 240 g neto escurrido 12-14 piezas","name":"CORAZONES 12-14 ALCACHOFAS lata 240 g neto escurrido","brand":"ALSUR ","img":"https://sgfm.elcorteingles.es/SGFM/00/65/3/0118021800653/0118021800653000g01011.jpg","price":"2,45 €","price_unit":"(10,21 € / Kilo)","categories":["Supermercado","Alimentación General","Conservas vegetales","Alcachofas","ALSUR CORAZONES 12-14 ALCACHOFAS lata 240 g neto escurrido 12-14 piezas"],"general_information":["Denominación del alimento: Corazones de alcachofa","País de origen: Perú","Nombre del operador: Sola de Antequera S.A.","Dirección del operador: Ctra. Córdoba-Málaga km 520 29200 Antequera (Málaga)","Lugar de procedencia del alimento: Perú","Cantidad Neta: 390,0 g","Peso neto escurrido: 240,0 g"],"ingredients":[" Alcachofas, Agua, Sal y Acidulante: Ácido Cítrico."],"conservation":" Conservar en un lugar fresco, seco y protegido del sol.","ean":"8420309600251"},{"full_name":"ALSUR CORAZONES 8-12 ALCACHOFAS frasco 160 g neto escurrido 8-12 piezas","name":"CORAZONES 8-12 ALCACHOFAS frasco 160 g neto escurrido","brand":"ALSUR ","img":"https://sgfm.elcorteingles.es/SGFM/00/66/1/0118021800661/0118021800661000g01011.jpg","price":"1,99 €            ","price_unit":"(10,56 € / Kilo)","categories":["Supermercado","Alimentación General","Conservas vegetales","Alcachofas","ALSUR CORAZONES 8-12 ALCACHOFAS frasco 160 g neto escurrido 8-12 piezas"],"general_information":["Denominación del alimento: Corazones de alcachofa","País de origen: Perú","Nombre del operador: Sola de Antequera S.A.","Dirección del operador: Ctra. Córdoba-Málaga km 520 29200 Antequera (Málaga)","Lugar de procedencia del alimento: Perú","Cantidad Neta: 290,0 g","Peso neto escurrido: 160,0 g"],"ingredients":[" Alcachofas, Agua, Sal y Acidulante: Ácido Cítrico."],"conservation":" Conservar en un lugar fresco, seco y protegido del sol.","ean":"8420309600299"},{"full_name":"ALSUR alcachofas en aceite con tallo frasco 350 g neto escurrido","name":"alcachofas en aceite con tallo frasco 350 g neto escurrido","brand":"ALSUR ","img":"https://sgfm.elcorteingles.es/SGFM/dctm/MEDIA02/CONTENIDOS/201507/15/00118021800901____1__600x600.jpg","price":"6,50 €","price_unit":"(18,57 € / Kilo)","categories":["Supermercado","Alimentación General","Conservas vegetales","Alcachofas","ALSUR alcachofas en aceite con tallo frasco 350 g neto escurrido"],"general_information":["Denominación del alimento: Alcachofa con tallo","País de origen: Perú","Nombre del operador: Sola de Antequera S.A.","Dirección del operador: Ctra. Córdoba-Málaga km 520 29200 Antequera (Málaga)","Lugar de procedencia del alimento: Perú","Cantidad Neta: 650 g","Peso neto escurrido: 360 g"],"ingredients":[" Alcachofas, Aceite Vegetal de Girasol, Sal, Conservante: Ácido Acético, Especias (Perejil, Ajo, Cebolla, Estragón, Albahaca, Cardamomo, Cayena, Flor de Macis, Aroma de Tomillo, Aroma de Mejorana, Hojillas de Pimiento Dulce, Cilantro Molido y Orégano Molido) y acidulante: Ácido Cítrico."],"conservation":" Conservar en un lugar fresco, seco y protegido del sol.","ean":"8420309600367"},{"full_name":"ALSUR alcachofas con tallo en aceite frasco 190 g neto escurrido","name":"alcachofas con tallo en aceite frasco 190 g neto escurrido","brand":"ALSUR ","img":"https://sgfm.elcorteingles.es/SGFM/dctm/MEDIA03/201606/28/00118021800935____1__600x600.jpg","price":"5,35 €","categories":["Supermercado","Alimentación General","Conservas vegetales","Alcachofas","ALSUR alcachofas con tallo en aceite frasco 190 g neto escurrido"],"general_information":["Denominación del alimento: Alcachofa con Tallo","Nombre del operador: Sola de Antequera, S.A.","Dirección del operador: Ctra. Córdoba - Málaga km 520, 29200 Antequera (Málaga)","Lugar de procedencia del alimento: Perú","Cantidad Neta: 320 g","Peso neto escurrido: 190 g"],"ingredients":[" Alcachofas, aceite vegetal de girasol, sal, mezcla de especias, acidulante: ácido cítrico y conservante: ácido acético."],"conservation":" Conservar en un lugar fresco, seco y protegido del sol.","ean":"8420309600398"},{"full_name":"PEDRO LUIS corazones de alcachofas D.O. Tudela frasco 252 g neto escurrido","name":"corazones de alcachofas D.O. Tudela frasco 252 g neto escurrido","brand":"PEDRO LUIS ","img":"https://sgfm.elcorteingles.es/SGFM/00/81/0/0118021800810/0118021800810000g01011.jpg","price":"6,59 €","price_unit":"(26,15 € / Kilo)","categories":["Supermercado","Alimentación General","Conservas vegetales","Alcachofas","PEDRO LUIS corazones de alcachofas D.O. Tudela frasco 252 g neto escurrido"],"general_information":["Denominación del alimento: Corazones de alcachofa","Nombre del operador: Conservas Pedro Luís, S.L.","Dirección del operador: Pol.Industrial El Ramal, C/ Del Ramal 19 -31580- Lodosa (Navarra)","Lugar de procedencia del alimento: Tudela","Cantidad Neta: 410,0 g","Peso neto escurrido: 252,0 g"],"ingredients":[" Alcachofas, agua, sal y antioxidante: ácido ascórbico (vitamina C)."],"ean":"8425205060208"},{"full_name":"PEDRO LUIS corazones de alcachofa extra ecológicos frasco 252 g neto escurrido","name":"corazones de alcachofa extra ecológicos frasco 252 g neto escurrido","brand":"PEDRO LUIS ","img":"https://sgfm.elcorteingles.es/SGFM/dctm/MEDIA03/201606/23/00118022000022____1__600x600.jpg","price":"7,25 €","price_unit":"(28,77 € / Kilo)","categories":["Supermercado","Alimentación General","Conservas vegetales","Alcachofas","PEDRO LUIS corazones de alcachofa extra ecológicos frasco 252 g neto escurrido"],"general_information":["Denominación del alimento: Corazones de alcachofas de agricultura ecológica, Enteros, Extra, 8-14 frutos.","País de origen: España","Nombre del operador: Conservas Pedro Luís, S.L.","Dirección del operador: Pol.Industrial El Ramal, C/Del Ramal 19 -31580- Lodosa (Navarra)","Cantidad Neta: 408 g","Peso neto escurrido: 260 g","Otras menciones obligatorias en la etiqueta: Procedente de la agricultura ecológica. ES-ECO-025-NA. Agricultura de España"],"ingredients":[" Alcachofas*, agua, sal y antioxidante: ácido ascórbico.  *Procedente de agricultura ecológica"],"conservation":" Conservar en lugar fresco y seco, protegido de la luz. Una vez abierto, conservar en el frigorifico con el maximo de su jugo y consumir antes de 3 dias.","ean":"8425205010364"},{"full_name":"ARANCA alcachofas mini frasco 165 g neto escurrido","name":"alcachofas mini frasco 165 g neto escurrido","brand":"ARANCA ","img":"https://sgfm.elcorteingles.es/SGFM/dctm/MEDIA03/201702/17/00118021800786____1__600x600.jpg","price":"4,75 €            ","price_unit":"(23,94 € / Kilo)","categories":["Supermercado","Alimentación General","Conservas vegetales","Alcachofas","ARANCA alcachofas mini frasco 165 g neto escurrido"],"general_information":["Denominación del alimento: Corazones alcachofas","Nombre del operador: Selfoods SAU","Dirección del operador: El Rebato s/n 08739 SUBIRATS (Barcelona)","Cantidad Neta: 280 g","Peso neto escurrido: 165 g","Otras menciones obligatorias en la etiqueta: No contiene alérgenos."],"ingredients":[" Alcachofas, agua, sal, acidulante: ácido cítrico E330"],"conservation":" Una vez abierto conservar en el frigorífico","ean":"8436021664419"},{"full_name":"ROMBO D'ORO corazones de alcachofas 14-16 piezas lata 240 g neto escurrido","name":"corazones de alcachofas 14-16 piezas lata 240 g neto escurrido","brand":"ROMBO D'ORO ","img":"https://sgfm.elcorteingles.es/SGFM/00/18/9/0200121800189/0200121800189000g01011.jpg","price":"3,85 €","price_unit":"(16,04 € / Kilo)","categories":["Supermercado","Alimentación General","Conservas vegetales","Alcachofas","ROMBO D'ORO corazones de alcachofas 14-16 piezas lata 240 g neto escurrido"],"general_information":[],"ingredients":[],"ean":"8411916085098"},{"full_name":"ROMBO D'ORO corazones de alcachofas 10-12 piezas lata 240 g neto escurrido","name":"corazones de alcachofas 10-12 piezas lata 240 g neto escurrido","brand":"ROMBO D'ORO ","img":"https://sgfm.elcorteingles.es/SGFM/00/10/9/0118021800109/0118021800109000g01011.jpg","price":"3,25 €","price_unit":"(13,54 € / Kilo)","categories":["Supermercado","Alimentación General","Conservas vegetales","Alcachofas","ROMBO D'ORO corazones de alcachofas 10-12 piezas lata 240 g neto escurrido"],"general_information":[],"ingredients":[],"ean":"8411916085074"},{"full_name":"CIDACOS corazones de alcachofas frasco 210 g neto escurrido","name":"corazones de alcachofas frasco 210 g neto escurrido","brand":"CIDACOS ","img":"https://sgfm.elcorteingles.es/SGFM/00/86/9/0118021800869/0118021800869000g01011.jpg","price":"3,49 €","price_unit":"(16,62 € / Kilo)","categories":["Supermercado","Alimentación General","Conservas vegetales","Alcachofas","CIDACOS corazones de alcachofas frasco 210 g neto escurrido"],"general_information":["Denominación del alimento: Corazones Alcachofa primera 9/14 frutos","Nombre del operador: Conservas el Cidacos S.A.","Dirección del operador: Crta. De Calahorra km. 1 26560 Autol (La Rioja)","Lugar de procedencia del alimento: DO Peru","Cantidad Neta: 345,0 g","Peso neto escurrido: 210,0 g"],"ingredients":[" Corazones de Alcachofa, agua y sal. Acidulante: acido citrico"],"conservation":" Mantener en lugar fresco y seco.","ean":"8410313116121"},{"full_name":"MONJARDIN alcachofas al natural extra de cultivo ecológico frasco 400 g neto escurrido","name":"alcachofas al natural extra de cultivo ecológico frasco 400 g neto escurrido","brand":"MONJARDIN ","img":"https://sgfm.elcorteingles.es/SGFM/00/01/4/0118022000014/0118022000014000g01011.jpg","price":"7,50 €","price_unit":"(18,75 € / Kilo)","categories":["Supermercado","Alimentación General","Conservas vegetales","Alcachofas","MONJARDIN alcachofas al natural extra de cultivo ecológico frasco 400 g neto escurrido"],"general_information":[],"ingredients":[],"ean":"8413239200523"},{"full_name":"VENCEROL corazones de alcachofa 8-12 piezas frasco 175 g neto escurrido","name":"corazones de alcachofa 8-12 piezas frasco 175 g neto escurrido","brand":"VENCEROL ","img":"https://sgfm.elcorteingles.es/SGFM/00/82/8/0118021800828/0118021800828000g01011.jpg","price":"2,45 €","price_unit":"(14 € / Kilo)","categories":["Supermercado","Alimentación General","Conservas vegetales","Alcachofas","VENCEROL corazones de alcachofa 8-12 piezas frasco 175 g neto escurrido"],"general_information":["Denominación del alimento: CORAZONES DE ALCACHOFA 8/12 EXTRA","País de origen: Perú","Nombre del operador: IMPEX MEDRANO S.L","Dirección del operador: P.I. LAS LABRADAS, C/CASTILLA Y LEON,4  31500 TUDELA NAVARRA","Cantidad Neta: 290 g","Peso neto escurrido: 165 g"],"ingredients":[" Alcachofas, agua, sal y acidulante: ácido cítrico."],"conservation":" Conservar en ambiente fresco y seco. Una vez abierto, conservar en refrigerado durante una tiempo máximo de 48 horas.","ean":"8436012963392"},{"full_name":"LA TUDELANA CORAZONES D.O. frasco 400 g neto escurrido","name":"CORAZONES D.O. frasco 400 g neto escurrido","brand":"LA TUDELANA ","img":"https://sgfm.elcorteingles.es/SGFM/dctm/MEDIA02/CONTENIDOS/201504/30/00118021800893____1__600x600.jpg","price":"6,95 €","price_unit":"(17,38 € / Kilo)","categories":["Supermercado","Alimentación General","Conservas vegetales","Alcachofas","LA TUDELANA CORAZONES D.O. frasco 400 g neto escurrido"],"general_information":["Denominación del alimento: CORAZONES DE ALCACHOFA MITADES PRIMERA","País de origen: Perú","Nombre del operador: IMPEX MEDRANO S.L","Dirección del operador: P.I. LAS LABRADAS, C/CASTILLA Y LEON,4  31500 TUDELA NAVARRA","Cantidad Neta: 660 g","Peso neto escurrido: 400 g"],"ingredients":[" Alcachofas de Tudela, agua, sal y antioxidante: ácido ascórbico."],"conservation":" Conservar en ambiente fresco y seco. Una vez abierto, conservar en refrigerado durante una tiempo máximo de 48 horas.","ean":"8436012963552"},{"full_name":"MARCELO corazones de alcachofa extra frasco 235 g neto escurrido 12-14 piezas","name":"corazones de alcachofa extra frasco 235 g neto escurrido","brand":"MARCELO ","img":"https://sgfm.elcorteingles.es/SGFM/00/72/9/0118021800729/0118021800729000g01011.jpg","price":"2,60 €","price_unit":"(11,06 € / Kilo)","categories":["Supermercado","Alimentación General","Conservas vegetales","Alcachofas","MARCELO corazones de alcachofa extra frasco 235 g neto escurrido 12-14 piezas"],"general_information":[],"ingredients":[],"ean":"8435352810175"},{"full_name":"MARCELO corazones de alcachofa frasco 220 g neto escurrido 18-20 piezas","name":"corazones de alcachofa frasco 220 g neto escurrido","brand":"MARCELO ","img":"https://sgfm.elcorteingles.es/SGFM/00/71/1/0118021800711/0118021800711000g01011.jpg","price":"3,85 €","price_unit":"(17,50 € / Kilo)","categories":["Supermercado","Alimentación General","Conservas vegetales","Alcachofas","MARCELO corazones de alcachofa frasco 220 g neto escurrido 18-20 piezas"],"general_information":[],"ingredients":[],"ean":"8435352810014"},{"full_name":"MARCELO corazones de alcachofa extra 16-20 piezas frasco 430 g neto escurrido","name":"corazones de alcachofa extra 16-20 piezas frasco 430 g neto escurrido","brand":"MARCELO ","img":"https://sgfm.elcorteingles.es/SGFM/00/83/6/0118021800836/0118021800836000g01011.jpg","price":"3,75 €","price_unit":"(8,72 € / Kilo)","categories":["Supermercado","Alimentación General","Conservas vegetales","Alcachofas","MARCELO corazones de alcachofa extra 16-20 piezas frasco 430 g neto escurrido"],"general_information":["Denominación del alimento: Corazones de Alcachofa","Nombre del operador: Caprichos del Paladar S.L.U.","Dirección del operador: Ctra de la Estación 26 - 30580 Alquerias (Murcia)","Cantidad Neta: 745 g","Peso neto escurrido: 430 g"],"ingredients":[" Alcachofa, agua, sal, ácido cítrico."],"conservation":" Conservar en un lugar fresco, seco y protegido del sol.","ean":"8435352820181"},{"full_name":"VIUDA DE CAYO alcachofas D.O. en mitades frasco 210 g neto escurrido","name":"alcachofas D.O. en mitades frasco 210 g neto escurrido","brand":"VIUDA DE CAYO ","img":"https://sgfm.elcorteingles.es/SGFM/00/32/3/0118021800323/0118021800323000g01011.jpg","price":"6,25 €","price_unit":"(29,76 € / Kilo)","categories":["Supermercado","Alimentación General","Conservas vegetales","Alcachofas","VIUDA DE CAYO alcachofas D.O. en mitades frasco 210 g neto escurrido"],"general_information":["Denominación del alimento: Corazones de alcachofa","Nombre del operador: Viuda de Cayo Sainz, S.L","Dirección del operador: C/ Virgen de Legarda, 66. 31587 Mendavia, (Navarra) España","Lugar de procedencia del alimento: Indicación Geográfica Protegida Alcachofa de Tudela","Cantidad Neta: 345 g","Peso neto escurrido: 210 g"],"ingredients":[" Alcachofas, agua, sal y antioxidante: ácido ascórbico."],"conservation":" Conservar en lugar fresco y seco.","ean":"8410850010524"},{"full_name":"ALSUR corazones de alcachofa 6-8 piezas frasco 110 g neto escurrido","name":"corazones de alcachofa 6-8 piezas frasco 110 g neto escurrido","brand":"ALSUR ","img":"https://sgfm.elcorteingles.es/SGFM/dctm/MEDIA03/201606/28/00200121800825____1__600x600.jpg","price":"1,55 €","categories":["Supermercado","Alimentación General","Conservas vegetales","Alcachofas","ALSUR corazones de alcachofa 6-8 piezas frasco 110 g neto escurrido"],"general_information":[],"ingredients":[],"ean":"8420309600381"},{"full_name":"ALSUR corazones de alcachofa 16-20 piezas frasco 110 g neto escurrido","name":"corazones de alcachofa 16-20 piezas frasco 110 g neto escurrido","brand":"ALSUR ","img":"https://sgfm.elcorteingles.es/SGFM/00/56/9/0200121800569/0200121800569000g01011.jpg","price":"3,15 €","price_unit":"(28,64 € / Kilo)","categories":["Supermercado","Alimentación General","Conservas vegetales","Alcachofas","ALSUR corazones de alcachofa 16-20 piezas frasco 110 g neto escurrido"],"general_information":["Denominación del alimento: Corazones de alcachofa","País de origen: Perú","Nombre del operador: Sola de Antequera S.A.","Dirección del operador: Ctra. Córdoba-Málaga km 520 29200 Antequera (Málaga)","Lugar de procedencia del alimento: Perú","Cantidad Neta: 205,0 g","Peso neto escurrido: 110,0 g"],"ingredients":[" Alcachofas, Agua, Sal y Acidulante: Ácido Cítrico."],"conservation":" Conservar en un lugar fresco, seco y protegido del sol.","ean":"8420309600152"},{"full_name":"CYNARA corazones de alcachofa medianos 18-24 piezas frasco 540 g neto escurrido","name":"corazones de alcachofa medianos 18-24 piezas frasco 540 g neto escurrido","brand":"CYNARA ","img":"https://sgfm.elcorteingles.es/SGFM/dctm/MEDIA03/201709/21/00118021800992____1__600x600.jpg","price":"4,50 €","price_unit":"(8,33 € / Kilo)","categories":["Supermercado","Alimentación General","Conservas vegetales","Alcachofas","CYNARA corazones de alcachofa medianos 18-24 piezas frasco 540 g neto escurrido"],"general_information":[],"ingredients":[],"ean":"8437006034401"},{"full_name":"CYNARA corazones de alcachofa 30-40 piezas frasco 175 g neto escurrido","name":"corazones de alcachofa 30-40 piezas frasco 175 g neto escurrido","brand":"CYNARA ","img":"https://sgfm.elcorteingles.es/SGFM/dctm/MEDIA03/201709/21/00118021800984____1__600x600.jpg","price":"2,85 €","price_unit":"(16,29 € / Kilo)","categories":["Supermercado","Alimentación General","Conservas vegetales","Alcachofas","CYNARA corazones de alcachofa 30-40 piezas frasco 175 g neto escurrido"],"general_information":[],"ingredients":[],"ean":"8437006034463"},{"full_name":"CYNARA corazones de alcachofa a la parrilla frasco 250 g neto escurrido","name":"corazones de alcachofa a la parrilla frasco 250 g neto escurrido","brand":"CYNARA ","img":"https://sgfm.elcorteingles.es/SGFM/dctm/MEDIA03/201709/21/00118021801008____1__600x600.jpg","price":"2,95 €","price_unit":"(11,80 € / Kilo)","categories":["Supermercado","Alimentación General","Conservas vegetales","Alcachofas","CYNARA corazones de alcachofa a la parrilla frasco 250 g neto escurrido"],"general_information":[],"ingredients":[],"ean":"8437006034715"},{"full_name":"MILAFRUIT corazones de alcachofa 10-12 piezas lata 240 g neto escurrido","name":"corazones de alcachofa 10-12 piezas lata 240 g neto escurrido","brand":"MILAFRUIT ","img":"https://sgfm.elcorteingles.es/SGFM/dctm/MEDIA03/201710/10/00118021801057____1__600x600.jpg","price":"1,95 €            ","price_unit":"(7,29 € / Kilo)","categories":["Supermercado","Alimentación General","Conservas vegetales","Alcachofas","MILAFRUIT corazones de alcachofa 10-12 piezas lata 240 g neto escurrido"],"general_information":[],"ingredients":[],"ean":"8423743022047"},{"full_name":"MILAFRUIT corazones de alcachofa 16-20 piezas lata 240 g neto escurrido","name":"corazones de alcachofa 16-20 piezas lata 240 g neto escurrido","brand":"MILAFRUIT ","img":"https://sgfm.elcorteingles.es/SGFM/dctm/MEDIA03/201710/10/00118021801040____1__600x600.jpg","price":"3,50 €","price_unit":"(14,58 € / Kilo)","categories":["Supermercado","Alimentación General","Conservas vegetales","Alcachofas","MILAFRUIT corazones de alcachofa 16-20 piezas lata 240 g neto escurrido"],"general_information":[],"ingredients":[],"ean":"8423743022078"},{"full_name":"MILAFRUIT corazones de alcachofa 12-14 piezas lata 240 g","name":"corazones de alcachofa 12-14 piezas lata 240 g","brand":"MILAFRUIT ","img":"https://sgfm.elcorteingles.es/SGFM/dctm/MEDIA03/201710/10/00118021801032____1__600x600.jpg","price":"2,75 €","price_unit":"(11,46 € / Kilo)","categories":["Supermercado","Alimentación General","Conservas vegetales","Alcachofas","MILAFRUIT corazones de alcachofa 12-14 piezas lata 240 g"],"general_information":[],"ingredients":[],"ean":"8423743022054"},{"full_name":"EL CORTE INGLES maíz dulce en grano pack 3 latas 140 g neto escurrido","name":"maíz dulce en grano pack 3 latas 140 g neto escurrido","brand":"EL CORTE INGLES ","img":"https://sgfm.elcorteingles.es/SGFM/dctm/MEDIA03/201603/11/00118049700059____3__600x600.jpg","price":"2,09 €            ","price_unit":"(4,64 € / Kilo)","categories":["Supermercado","Alimentación General","Conservas vegetales","Maíz","EL CORTE INGLES maíz dulce en grano pack 3 latas 140 g neto escurrido"],"general_information":[],"ingredients":[],"ean":"8430597000459"},{"full_name":"EL CORTE INGLES maíz dulce en grano lata 285 g neto escurrido","name":"maíz dulce en grano lata 285 g neto escurrido","brand":"EL CORTE INGLES ","img":"https://sgfm.elcorteingles.es/SGFM/dctm/MEDIA03/201603/11/00118049700042____2__600x600.jpg","price":"0,79 €","price_unit":"(2,77 € / Kilo)","categories":["Supermercado","Alimentación General","Conservas vegetales","Maíz","EL CORTE INGLES maíz dulce en grano lata 285 g neto escurrido"],"general_information":[],"ingredients":[],"ean":"8430597651422"},{"full_name":"ALIADA maíz dulce en grano pack 3 lata 140 g neto escurrido","name":"maíz dulce en grano pack 3 lata 140 g neto escurrido","brand":"ALIADA ","img":"https://sgfm.elcorteingles.es/SGFM/dctm/MEDIA02/CONTENIDOS/201408/25/00118049700497____1__600x600.jpg","price":"1,35 €","price_unit":"(3,21 € / Kilo)","categories":["Supermercado","Alimentación General","Conservas vegetales","Maíz","ALIADA maíz dulce en grano pack 3 lata 140 g neto escurrido"],"general_information":["Denominación del alimento: Maíz dulce en grano","Nombre del operador: El Corte Inglés  S.A","Dirección del operador: C/Hermosilla, 112 -28009 Madrid (Madrid)","Cantidad Neta: 450,0 g","Peso neto escurrido: 420,0 g"],"ingredients":[" Maíz dulce en grano, agua y sal."],"ean":"8430597000886"},{"full_name":"BONDUELLE maíz dulce en grano pack 3 latas 140 g","name":"maíz dulce en grano pack 3 latas 140 g","brand":"BONDUELLE ","img":"https://sgfm.elcorteingles.es/SGFM/dctm/MEDIA02/CONTENIDOS/201408/25/00118049700075____1__600x600.jpg","price":"2,40 €","price_unit":"(5,71 € / Kilo)","categories":["Supermercado","Alimentación General","Conservas vegetales","Maíz","BONDUELLE maíz dulce en grano pack 3 latas 140 g"],"general_information":["Denominación del alimento: Maiz dulce 212 P3","País de origen: Francia","Nombre del operador: Bonduelle Ibérica S.A.U.","Dirección del operador: Bonduelle Ibérica S.A.U.","Cantidad Neta: 450,0 g","Peso neto escurrido: 420,0 g"],"ingredients":[" ingredientes:Maíz dulce en granos, agua, sal."],"conservation":" Antes de abrir, conservar en lugar seco,resguardado de la luz y de fuertes variaciones de temperatura. Una vez abierto,  conservar refrigerado y consumir antes de 5 dias","ean":"8410375110242"},{"full_name":"BONDUELLE maíz dulce en grano lata 285 g neto escurrido","name":"maíz dulce en grano lata 285 g neto escurrido","brand":"BONDUELLE ","img":"https://sgfm.elcorteingles.es/SGFM/00/29/9/0118049700299/0118049700299000g01011.jpg","price":"1,30 €","price_unit":"(4,56 € / Kilo)","categories":["Supermercado","Alimentación General","Conservas vegetales","Maíz","BONDUELLE maíz dulce en grano lata 285 g neto escurrido"],"general_information":["Denominación del alimento: Maiz dulce 425 P1","País de origen: Francia","Nombre del operador: Bonduelle Ibérica S.A.U.","Dirección del operador: Bonduelle Ibérica S.A.U.","Cantidad Neta: 300 g","Peso neto escurrido: 285 g"],"ingredients":[" ingredientes:Maíz dulce en granos, agua, sal."],"conservation":" Antes de abrir, conservar en lugar seco,resguardado de la luz y de fuertes variaciones de temperatura. Una vez abierto,  conservar refrigerado y consumir antes de 5 dias","ean":"8410375110211"},{"full_name":"BONDUELLE maíz dulce en grano Star Wars pack 2 lata 280 g","name":"maíz dulce en grano Star Wars pack 2 lata 280 g","brand":"BONDUELLE ","img":"https://sgfm.elcorteingles.es/SGFM/dctm/MEDIA03/201705/04/00118049700695____1__600x600.jpg","price":"1,65 €","price_unit":"(5,89 € / Kilo)","categories":["Supermercado","Alimentación General","Conservas vegetales","Maíz","BONDUELLE maíz dulce en grano Star Wars pack 2 lata 280 g"],"general_information":["Denominación del alimento: Maíz dulce en grano al vacío","País de origen: Francia","Nombre del operador: Bonduelle Ibérica S.A.U.","Dirección del operador: Bonduelle Ibérica S.A.U. C/ ISLA GRACIOSA Nº 1 28703 SAN SEBASTIÁN DE LOS REYES","Cantidad Neta: 280 g","Peso neto escurrido: 280 g"],"ingredients":[" Ingredientes: Maíz dulce en granos, agua, sal."],"conservation":"Modo de empleo: Puede utilizarse directamente una vez escurrido. Ideal para ensaladas","ean":"3083681067163"},{"full_name":"BONDUELLE maíz dulce en grano ecológico pack 2 latas 280 g neto escurrido","name":"maíz dulce en grano ecológico pack 2 latas 280 g neto escurrido","brand":"BONDUELLE ","img":"https://sgfm.elcorteingles.es/SGFM/00/04/8/0118049900048/0118049900048000g01011.jpg","price":"2,09 €","price_unit":"(7,46 € / Kilo)","categories":["Supermercado","Alimentación General","Conservas vegetales","Maíz","BONDUELLE maíz dulce en grano ecológico pack 2 latas 280 g neto escurrido"],"general_information":["Denominación del alimento: Maiz Bio 212 P2","País de origen: Francia","Nombre del operador: Bonduelle Ibérica S.A.U.","Dirección del operador: Bonduelle Ibérica S.A.U.","Cantidad Neta: 300 g","Peso neto escurrido: 280 g"],"ingredients":[" ingredientes:Maíz dulce en grano (agricultura UE)*, agua, sal. *Procedente de la agricultura ecológica."],"conservation":" Antes de abrir, conservar en lugar seco,resguardado de la luz y de fuertes variaciones de temperatura. Una vez abierto,  conservar refrigerado y consumir antes de 5 dias","ean":"3083681010152"},{"full_name":"BONDUELLE maíz dulce en grano pack 6 latas 140 g neto escurrido","name":"maíz dulce en grano pack 6 latas 140 g neto escurrido","brand":"BONDUELLE ","img":"https://sgfm.elcorteingles.es/SGFM/00/59/6/0118049700596/0118049700596000g01011.jpg","price":"4,80 €","price_unit":"(5,71 € / Kilo)","categories":["Supermercado","Alimentación General","Conservas vegetales","Maíz","BONDUELLE maíz dulce en grano pack 6 latas 140 g neto escurrido"],"general_information":["Denominación del alimento: Maiz dulce 212 P6","País de origen: Francia","Nombre del operador: Bonduelle Ibérica S.A.U.","Dirección del operador: Bonduelle Ibérica S.A.U. C/ ISLA GRACIOSA Nº 3 28703 SAN SEBASTIÁN DE LOS REYES","Cantidad Neta: 900 g","Peso neto escurrido: 840 g"],"ingredients":[" ingredientes:Maíz dulce en granos, agua, sal."],"conservation":" Antes de abrir, conservar en lugar seco,resguardado de la luz y de fuertes variaciones de temperatura. Una vez abierto,  conservar refrigerado y consumir antes de 5 dias","ean":"8410375111256"},{"full_name":"BONDUELLE un toque de maíz dulce en grano pack 3 lata 70 g neto escurrido","name":"un toque de maíz dulce en grano pack 3 lata 70 g neto escurrido","brand":"BONDUELLE ","img":"https://sgfm.elcorteingles.es/SGFM/dctm/MEDIA03/201612/13/00118049700687____1__600x600.jpg","price":"1,55 €","categories":["Supermercado","Alimentación General","Conservas vegetales","Maíz","BONDUELLE un toque de maíz dulce en grano pack 3 lata 70 g neto escurrido"],"general_information":["Denominación del alimento: Maíz dulce en grano al vacío","País de origen: Hungr¡a","Nombre del operador: Bonduelle Ibérica S.A.U.","Dirección del operador: Bonduelle Ibérica S.A.U. C/ ISLA GRACIOSA Nº 1 28703 SAN SEBASTIÁN DE LOS REYES","Cantidad Neta: 210 g","Peso neto escurrido: 210 g"],"ingredients":[],"conservation":"Modo de empleo: No especificado","ean":"3083681070187"},{"full_name":"GIGANTE VERDE mini mazorcas de maíz lata 220 g neto escurrido","name":"mini mazorcas de maíz lata 220 g neto escurrido","brand":"GIGANTE VERDE ","img":"https://sgfm.elcorteingles.es/SGFM/dctm/MEDIA03/201710/10/00118049700133____2__600x600.jpg","price":"2,35 €","price_unit":"(10,68 € / Kilo)","categories":["Supermercado","Alimentación General","Conservas vegetales","Maíz","GIGANTE VERDE mini mazorcas de maíz lata 220 g neto escurrido"],"general_information":["Denominación del alimento: Mini Mazorcas de Maíz Dulce","Nombre del operador: GENERAL MILLS IBERICA S.A.U.","Dirección del operador: C/Serrano Galvache, 56, Complejo Parque Norte, Edificio Álamo, planta 12, 28033 Madrid, España.","Cantidad Neta: 410 g","Peso neto escurrido: 220 g","Número de raciones por envase: 2"],"ingredients":[" Maíz dulce, agua y sal."],"conservation":" Una vez abierto, mantener en el frigorífico en un recipiente no metálico y consumir en 2 días.","ean":"8410076005601"},{"full_name":"GIGANTE VERDE maíz dulce en grano pack 3 latas 140 g neto escurrido","name":"maíz dulce en grano pack 3 latas 140 g neto escurrido","brand":"GIGANTE VERDE ","img":"https://sgfm.elcorteingles.es/SGFM/dctm/MEDIA03/201710/10/00118049700109____3__600x600.jpg","price":"2,35 €","price_unit":"(5,60 € / Kilo)","categories":["Supermercado","Alimentación General","Conservas vegetales","Maíz","GIGANTE VERDE maíz dulce en grano pack 3 latas 140 g neto escurrido"],"general_information":["Denominación del alimento: Maíz Dulce Clásico","Nombre del operador: GENERAL MILLS IBERICA S.A.U.","Dirección del operador: C/Serrano Galvache, 56, Complejo Parque Norte, Edificio Álamo, planta 12, 28033 Madrid, España.","Cantidad Neta: 480 g","Peso neto escurrido: 420 g","Número de raciones por envase: 6"],"ingredients":[" Maíz dulce, agua y sal."],"conservation":" Conservar en lugar fresco y seco.Una vez abierto, mantener en el frigorífico en un recipiente no metálico y consumir en 2 días.","ean":"8410076009043"},{"full_name":"GIGANTE VERDE maíz dulce en grano ligero 0% pack 3 latas 140 g neto escurrido","name":"maíz dulce en grano ligero 0% pack 3 latas 140 g neto escurrido","brand":"GIGANTE VERDE ","img":"https://sgfm.elcorteingles.es/SGFM/dctm/MEDIA03/201709/19/00118049700646____1__600x600.jpg","price":"2,35 €","price_unit":"(5,60 € / Kilo)","categories":["Supermercado","Alimentación General","Conservas vegetales","Maíz","GIGANTE VERDE maíz dulce en grano ligero 0% pack 3 latas 140 g neto escurrido"],"general_information":["Denominación del alimento: Maíz naturalmente dulce, sin sal","Nombre del operador: GENERAL MILLS IBERICA S.A.U.","Dirección del operador: C/Serrano Galvache, 56, Complejo Parque Norte, Edificio Álamo, planta 12, 28033 Madrid, España.","Cantidad Neta: 480 g","Peso neto escurrido: 420 g","Número de raciones por envase: 6"],"ingredients":[" Maíz dulce y agua."],"conservation":" Conservar en lugar fresco y seco.Una vez abierto, mantener en el frigorífico en un recipiente no metálico y consumir en 2 días.","ean":"3254474011964"},{"full_name":"GIGANTE VERDE maíz dulce en grano pack 6 latas 140 g neto escurrido","name":"maíz dulce en grano pack 6 latas 140 g neto escurrido","brand":"GIGANTE VERDE ","img":"https://sgfm.elcorteingles.es/SGFM/dctm/MEDIA03/201709/25/00118049700638____1__600x600.jpg","price":"3,60 €            ","price_unit":"(4,17 € / Kilo)","categories":["Supermercado","Alimentación General","Conservas vegetales","Maíz","GIGANTE VERDE maíz dulce en grano pack 6 latas 140 g neto escurrido"],"general_information":["Denominación del alimento: Maíz Dulce Clásico","Nombre del operador: GENERAL MILLS IBERICA S.A.U.","Dirección del operador: C/Serrano Galvache, 56, Complejo Parque Norte, Edificio Álamo, planta 12, 28033 Madrid, España.","Cantidad Neta: 960 g","Peso neto escurrido: 840 g","Número de raciones por envase: 12"],"ingredients":[" Maíz dulce, agua y sal."],"conservation":" Conservar en lugar fresco y seco.Una vez abierto, mantener en el frigorífico en un recipiente no metálico y consumir en 2 días.","ean":"8410076541567"},{"full_name":"HUERTA BERCIANA maíz dulce ecológico frasco 165 g neto escurrido","name":"maíz dulce ecológico frasco 165 g neto escurrido","brand":"HUERTA BERCIANA ","img":"https://sgfm.elcorteingles.es/SGFM/dctm/MEDIA02/CONTENIDOS/201411/19/00118049900022____1__600x600.jpg","price":"1,39 €","price_unit":"(8,42 € / Kilo)","categories":["Supermercado","Alimentación General","Conservas vegetales","Maíz","HUERTA BERCIANA maíz dulce ecológico frasco 165 g neto escurrido"],"general_information":["Denominación del alimento: Maíz dulce","Nombre del operador: Industrias del Bierzo S.A","Dirección del operador: C/ San Roque, s/n 24549 Carracedelo (León) España","Cantidad Neta: 250 g","Peso neto escurrido: 165 g","Otras menciones obligatorias en la etiqueta: Agricultura ecológica."],"ingredients":[" Maíz, agua, azúcar de caña y sal. Procedentes de agricultura ecológica."],"conservation":" Una vez abierto conservar en el frigorífico máximo 5 días.","ean":"8412464301241"},{"full_name":"HORTICOALBA maíz dulce ecológico pack 3 lata 120 g neto escurrido","name":"maíz dulce ecológico pack 3 lata 120 g neto escurrido","brand":"HORTICOALBA ","img":"https://sgfm.elcorteingles.es/SGFM/dctm/MEDIA02/CONTENIDOS/201504/15/00118049900055____1__600x600.jpg","price":"2,20 €","price_unit":"(5,24 € / Kilo)","categories":["Supermercado","Alimentación General","Conservas vegetales","Maíz","HORTICOALBA maíz dulce ecológico pack 3 lata 120 g neto escurrido"],"general_information":["Denominación del alimento: Maíz dulce al natural bio","Nombre del operador: Horticola Albacete S.A","Dirección del operador: Calle Autovia, 42, 02006 Albacete - España","Cantidad Neta: 450 g"],"ingredients":[" maíz dulce bio y agua"],"conservation":" Mantener los botes a temperatura ambiente. Una vez abierto conservar en refrigeración un máximo de dos días.","ean":"8430597001104"},{"full_name":"LA VIEJA FABRICA Cocina Selecta cebolla endulzada frasco 290 g","name":"Cocina Selecta cebolla endulzada frasco 290 g","brand":"LA VIEJA FABRICA ","img":"https://sgfm.elcorteingles.es/SGFM/02/73/3/0118029902733/0118029902733000g01011.jpg","price":"2,05 €            ","price_unit":"(6,38 € / Kilo)","categories":["Supermercado","Desayunos Dulces y pan","Desayunos, dulces y pan","Mermelada, confituras y miel","Mermelada y confituras diversas","LA VIEJA FABRICA Cocina Selecta cebolla endulzada frasco 290 g"],"general_information":["Denominación del alimento: Elaborado de cebolla con azúcar","Nombre del operador: Ángel Camacho Alimentación, S.L.","Dirección del operador: Avda. del Pilar, 6 - 41530 Morón de la Frontera (Sevilla)","Lugar de procedencia del alimento: Producto de España","Cantidad Neta: 360 g","Otras menciones obligatorias en la etiqueta: Elaborado con  50 g de cebolla por 100 g. Contenido total de azúcares 52 g por 100 g."],"ingredients":[" Cebolla, azúcar, gelificante (pectina), acidulante (ácido cítrico), conservador (E-202), antioxidante (ácido ascórbico)."],"conservation":" Una vez abierto conservar refrigerado","ean":"8410134017973"},{"full_name":"EL CORTE INGLES pimientos del piquillo enteros al ajillo frasco 290 g neto escurrido","name":"pimientos del piquillo enteros al ajillo frasco 290 g neto escurrido","brand":"EL CORTE INGLES ","img":"https://sgfm.elcorteingles.es/SGFM/dctm/MEDIA02/CONTENIDOS/201408/20/00118026100315____1__600x600.jpg","price":"2,69 €","price_unit":"(9,28 € / Kilo)","categories":["Supermercado","Alimentación General","Conservas vegetales","Pimientos del piquillo","EL CORTE INGLES pimientos del piquillo enteros al ajillo frasco 290 g neto escurrido"],"general_information":[],"ingredients":[],"ean":"8410850012337"},{"full_name":"EL CORTE INGLES pimientos del piquillo D.O. Lodosa en tiras asados pelados a mano frasco 260 g neto escurrido","name":"pimientos del piquillo D.O. Lodosa en tiras asados pelados a mano frasco 260 g neto escurrido","brand":"EL CORTE INGLES ","img":"https://sgfm.elcorteingles.es/SGFM/01/38/8/0118026101388/0118026101388000g01011.jpg","price":"2,85 €","price_unit":"(10,96 € / Kilo)","categories":["Supermercado","Alimentación General","Conservas vegetales","Pimientos del piquillo","EL CORTE INGLES pimientos del piquillo D.O. Lodosa en tiras asados pelados a mano frasco 260 g neto escurrido"],"general_information":["Denominación del alimento: Pimientos del Piquillo en tiras. Categoría Primera","País de origen: España","Nombre del operador: Elaborado para El Corte Inglés por Viuda de Cayo Sainz, S.L.\nC/ Virgen de Legarda, 66 - 31587 Mendavia ( Navarra ). España","Lugar de procedencia del alimento: Origen España","Cantidad Neta: 290 g","Peso neto escurrido: 260 g","Número de raciones por envase: 2"],"ingredients":[" Ingredientes: pimientos del piquillo, sal y acidulante (ácido cítrico)"],"conservation":" Almacenar en lugar fresco y seco. Preservar de la luz solar.","ean":"8433329037273"},{"full_name":"EL CORTE INGLES pimientos del piquillo de Lodosa enteros, asados y pelados a mano lata 210 g neto escurrido","name":"pimientos del piquillo de Lodosa enteros, asados y pelados a mano lata 210 g neto escurrido","brand":"EL CORTE INGLES ","img":"https://sgfm.elcorteingles.es/SGFM/dctm/MEDIA03/201612/19/00118026100224____4__600x600.jpg","price":"3,35 €","price_unit":"(15,95 € / Kilo)","categories":["Supermercado","Alimentación General","Conservas vegetales","Pimientos del piquillo","EL CORTE INGLES pimientos del piquillo de Lodosa enteros, asados y pelados a mano lata 210 g neto escurrido"],"general_information":["Denominación del alimento: Pimientos del piquillo de Lodosa enteros","Nombre del operador: Cooperativa del Campo S.C. De Lodosa (Conservas Lodosa)","Dirección del operador: Calle del Ramal, 3, 31580 Lodosa, Navarra, España","Cantidad Neta: 235,0 g","Peso neto escurrido: 210,0 g","Número de raciones por envase: 10"],"ingredients":[" pimientos, azúcar,acidulante:ácido cítrico, endurecedor:cloruro cálcico"],"ean":"8411467031223"},{"full_name":"ALIADA pimientos del piquillo enteros asados extra 8-12 piezas lata 150 g neto escurrido","name":"pimientos del piquillo enteros asados extra 8-12 piezas lata 150 g neto escurrido","brand":"ALIADA ","img":"https://sgfm.elcorteingles.es/SGFM/01/39/6/0118026101396/0118026101396000g01011.jpg","price":"1,30 €","price_unit":"(8,67 € / Kilo)","categories":["Supermercado","Alimentación General","Conservas vegetales","Pimientos del piquillo","ALIADA pimientos del piquillo enteros asados extra 8-12 piezas lata 150 g neto escurrido"],"general_information":["Denominación del alimento: PIMIENTO DEL PIQUILLO ENTEROS  EXTRA","Nombre del operador: Importado para \nEl Corte Inglés por \nBAJAMAR, S.A \nCtra. Sangüesa, s/n \n31310 - Carcastillo (Navarra) \nEspaña","Lugar de procedencia del alimento: Producto originario de Perú","Cantidad Neta: 185 g","Peso neto escurrido: 150 g","Número de raciones por envase: 2"],"ingredients":[" Ingredientes: Pimiento piquillo, agua, azúcar, sal, acidulante: ácido cítrico y endurecedor: cloruro cálcico."],"conservation":" Conservar en lugar fresco y seco. Una vez abierto el envase, mantener en refrigeración un máximo de 48 horas.","ean":"8433329068840"},{"full_name":"ALIADA pimientos del piquillo en trozos al ajillo asados al fuego frasco 290 g neto escurrido","name":"pimientos del piquillo en trozos al ajillo asados al fuego frasco 290 g neto escurrido","brand":"ALIADA ","img":"https://sgfm.elcorteingles.es/SGFM/dctm/MEDIA03/201604/01/00118026101123____2__600x600.jpg","price":"1,42 €","price_unit":"(4,90 € / Kilo)","categories":["Supermercado","Alimentación General","Conservas vegetales","Pimientos del piquillo","ALIADA pimientos del piquillo en trozos al ajillo asados al fuego frasco 290 g neto escurrido"],"general_information":[],"ingredients":[],"ean":"8410465556783"},{"full_name":"LODOSA pimientos del piquillo pequeños D.O. Lodosa frasco 210 g neto escurrido","name":"pimientos del piquillo pequeños D.O. Lodosa frasco 210 g neto escurrido","brand":"LODOSA ","img":"https://sgfm.elcorteingles.es/SGFM/dctm/MEDIA02/CONTENIDOS/201511/16/00118026101545____1__600x600.jpg","price":"4,25 €","categories":["Supermercado","Alimentación General","Conservas vegetales","Pimientos del piquillo","LODOSA pimientos del piquillo pequeños D.O. Lodosa frasco 210 g neto escurrido"],"general_information":[],"ingredients":[],"ean":"8411467031407"},{"full_name":"LODOSA pimientos del piquillo extra D.O. Lodosa lata 210 g neto escurrido","name":"pimientos del piquillo extra D.O. Lodosa lata 210 g neto escurrido","brand":"LODOSA ","img":"https://sgfm.elcorteingles.es/SGFM/dctm/MEDIA03/201611/17/00118026100174____3__600x600.jpg","price":"3,95 €","price_unit":"(18,81 € / Kilo)","categories":["Supermercado","Alimentación General","Conservas vegetales","Pimientos del piquillo","LODOSA pimientos del piquillo extra D.O. Lodosa lata 210 g neto escurrido"],"general_information":["Denominación del alimento: Pimientos piquillo","País de origen: España","Nombre del operador: Cooperativa del Campo S. Coop. De Lodosa","Dirección del operador: c/ El Ramal, 3 - 31580 Lodosa (Navarra)","Lugar de procedencia del alimento: D.O. Lodosa","Cantidad Neta: 235 g","Peso neto escurrido: 210 g","Otras menciones obligatorias en la etiqueta: Categoría Extra."],"ingredients":[" Pimientos, azúcar, acidulante: ácido cítrico, endurecedor: cloruro cálcico."],"conservation":" Conservar en lugar fresco y seco.","ean":"8411467031216"},{"full_name":"LODOSA pimientos del piquillo en trozos D.O. Lodosa frasco 200 g neto escurrido","name":"pimientos del piquillo en trozos D.O. Lodosa frasco 200 g neto escurrido","brand":"LODOSA ","img":"https://sgfm.elcorteingles.es/SGFM/00/15/8/0118026100158/0118026100158000g01011.jpg","price":"2,95 €","price_unit":"(14,75 € / Kilo)","categories":["Supermercado","Alimentación General","Conservas vegetales","Pimientos del piquillo","LODOSA pimientos del piquillo en trozos D.O. Lodosa frasco 200 g neto escurrido"],"general_information":["Denominación del alimento: Pimientos piquillo","País de origen: España","Nombre del operador: Cooperativa del Campo S. Coop. De Lodosa","Dirección del operador: c/ El Ramal, 3 - 31580 Lodosa (Navarra)","Lugar de procedencia del alimento: D.O. Lodosa","Cantidad Neta: 220 g","Peso neto escurrido: 200 g","Otras menciones obligatorias en la etiqueta: Categoría Primera."],"ingredients":[" Pimientos, azúcar, acidulante: ácido cítrico, endurecedor: cloruro cálcico."],"conservation":" Conservar en lugar fresco y seco.","ean":"8411467031339"},{"full_name":"LODOSA pimiento del piquillo extra D.O. Lodosa frasco 190 g neto escurrido","name":"pimiento del piquillo extra D.O. Lodosa frasco 190 g neto escurrido","brand":"LODOSA ","img":"https://sgfm.elcorteingles.es/SGFM/dctm/MEDIA02/CONTENIDOS/201409/09/00118026100166____1__600x600.jpg","price":"4,95 €            ","price_unit":"(20,79 € / Kilo)","categories":["Supermercado","Alimentación General","Conservas vegetales","Pimientos del piquillo","LODOSA pimiento del piquillo extra D.O. Lodosa frasco 190 g neto escurrido"],"general_information":["Denominación del alimento: Pimientos piquillo","País de origen: España","Nombre del operador: Cooperativa del Campo S. Coop. De Lodosa","Dirección del operador: c/ El Ramal, 3 - 31580 Lodosa (Navarra)","Lugar de procedencia del alimento: D.O. Lodosa","Cantidad Neta: 200 g","Peso neto escurrido: 190 g","Otras menciones obligatorias en la etiqueta: Categoría Extra."],"ingredients":[" Pimientos, azúcar, acidulante: ácido cítrico, endurecedor: cloruro cálcico."],"conservation":" Conservar en lugar fresco y seco.","ean":"8411467031308"},{"full_name":"CARRETILLA pimientos del piquillo enteros extra pack ahorro 3 latas 150 g neto escurrido","name":"pimientos del piquillo enteros extra pack ahorro 3 latas 150 g neto escurrido","brand":"CARRETILLA ","img":"https://sgfm.elcorteingles.es/SGFM/dctm/MEDIA03/201709/06/00118026100620____1__600x600.jpg","price":"4,95 €            ","price_unit":"(9,89 € / Kilo)","categories":["Supermercado","Alimentación General","Conservas vegetales","Pimientos del piquillo","CARRETILLA pimientos del piquillo enteros extra pack ahorro 3 latas 150 g neto escurrido"],"general_information":["Denominación del alimento: Pimiento del piquillo extra","Nombre del operador: Ind. Alim. de Navarra, S.A.U.","Dirección del operador: Pol.Peñalfons, s/n. 31330 Villafranca. Navarra - España","Cantidad Neta: 555 g","Peso neto escurrido: 450 g","Otras menciones obligatorias en la etiqueta: Calidad: Extra."],"ingredients":[" Pimiento del piquillo, agua, azúcar, sal, acidulante: ácido cítrico y endurecedor: cloruro cálcico."],"conservation":" Mantener en lugar fresco y seco.","ean":"8410416001966"},{"full_name":"CARRETILLA pimientos del piquillo enteros extra lata 150 g neto escurrido","name":"pimientos del piquillo enteros extra lata 150 g neto escurrido","brand":"CARRETILLA ","img":"https://sgfm.elcorteingles.es/SGFM/dctm/MEDIA03/201709/06/00118026100521____8__600x600.jpg","price":"1,65 €","price_unit":"(11 € / Kilo)","categories":["Supermercado","Alimentación General","Conservas vegetales","Pimientos del piquillo","CARRETILLA pimientos del piquillo enteros extra lata 150 g neto escurrido"],"general_information":["Denominación del alimento: Pimiento del piquillo extra","Nombre del operador: Ind. Alim. de Navarra, S.A.U.","Dirección del operador: Pol.Peñalfons, s/n. 31330 Villafranca. Navarra - España","Cantidad Neta: 185 g","Peso neto escurrido: 150 g","Otras menciones obligatorias en la etiqueta: Calidad: Extra."],"ingredients":[" Pimiento del piquillo, agua, azúcar, sal, acidulante: ácido cítrico y endurecedor: cloruro cálcico."],"conservation":" Mantener en lugar fresco y seco.","ean":"8410416005483"},{"full_name":"CARRETILLA pimiento del piquillo entero al ajillo frasco 225 g neto escurrido","name":"pimiento del piquillo entero al ajillo frasco 225 g neto escurrido","brand":"CARRETILLA ","img":"https://sgfm.elcorteingles.es/SGFM/00/75/2/0118026100752/0118026100752000g01011.jpg","price":"2,55 €","price_unit":"(11,33 € / Kilo)","categories":["Supermercado","Alimentación General","Conservas vegetales","Pimientos del piquillo","CARRETILLA pimiento del piquillo entero al ajillo frasco 225 g neto escurrido"],"general_information":["Denominación del alimento: Pimientos del piquillo al ajillo extra","País de origen: Perú","Nombre del operador: Ind. Alim. de Navarra, S.A.U.","Dirección del operador: Pol.Peñalfons, s/n. 31330 Villafranca. Navarra - España","Cantidad Neta: 290 g","Peso neto escurrido: 225 g"],"ingredients":[" Pimientos del piquillo, sal, azúcar, acidulante (ácido cítrico) y endurecedor (cloruro cálcico)."],"ean":"8410416021421"},{"full_name":"CARRETILLA pimientos del piquillo en tiras al ajillo pack 2 frasco 225 g neto escurrido","name":"pimientos del piquillo en tiras al ajillo pack 2 frasco 225 g neto escurrido","brand":"CARRETILLA ","img":"https://sgfm.elcorteingles.es/SGFM/dctm/MEDIA03/201606/22/00118026101362____1__600x600.jpg","price":"3,25 €","price_unit":"(7,22 € / Kilo)","categories":["Supermercado","Alimentación General","Conservas vegetales","Pimientos del piquillo","CARRETILLA pimientos del piquillo en tiras al ajillo pack 2 frasco 225 g neto escurrido"],"general_information":["Denominación del alimento: Pimientos del piquillo","País de origen: Perú","Nombre del operador: Ind. Alim. de Navarra, S.A.U.","Dirección del operador: Pol.Peñalfons, s/n. 31330 Villafranca. Navarra - España","Cantidad Neta: 580 g","Peso neto escurrido: 450 g"],"ingredients":[" Pimientos del piquillo, sal, azúcar, acidulante (ácido cítrico) y endurecedor (cloruro cálcico)."],"conservation":" Mantener en lugar fresco y seco.","ean":"8410416006886"},{"full_name":"CARRETILLA pimientos del piquillo enteros frasco 225 g neto escurrido","name":"pimientos del piquillo enteros frasco 225 g neto escurrido","brand":"CARRETILLA ","img":"https://sgfm.elcorteingles.es/SGFM//00/73/7/0118026100737/0118026100737000g01011.jpg","price":"2,29 €","price_unit":"(10,18 € / Kilo)","categories":["Supermercado","Alimentación General","Conservas vegetales","Pimientos del piquillo","CARRETILLA pimientos del piquillo enteros frasco 225 g neto escurrido"],"general_information":["Denominación del alimento: Pimientos del piquillo enteros extra","País de origen: Perú","Nombre del operador: Ind. Alim. de Navarra, S.A.U.","Dirección del operador: Pol.Peñalfons, s/n. 31330 Villafranca. Navarra - España","Cantidad Neta: 290 g","Peso neto escurrido: 225 g"],"ingredients":[" Pimientos del piquillo, sal, azúcar, acidulante (ácido cítrico) y endurecedor (cloruro cálcico)."],"ean":"8410416021414"},{"full_name":"BAJAMAR pimientos del piquillo enteros extra asados al fuego lata 325 g neto escurrido","name":"pimientos del piquillo enteros extra asados al fuego lata 325 g neto escurrido","brand":"BAJAMAR ","img":"https://sgfm.elcorteingles.es/SGFM/dctm/MEDIA02/CONTENIDOS/201509/14/00118026101529____1__600x600.jpg","price":"3,50 €","price_unit":"(10,77 € / Kilo)","categories":["Supermercado","Alimentación General","Conservas vegetales","Pimientos del piquillo","BAJAMAR pimientos del piquillo enteros extra asados al fuego lata 325 g neto escurrido"],"general_information":[],"ingredients":[],"ean":"8410465006592"},{"full_name":"BAJAMAR pimientos del piquillo en trozos al ajillo frasco 280 g neto escurrido","name":"pimientos del piquillo en trozos al ajillo frasco 280 g neto escurrido","brand":"BAJAMAR ","img":"https://sgfm.elcorteingles.es/SGFM/dctm/MEDIA02/CONTENIDOS/201411/19/00118026100042____1__600x600.jpg","price":"2,55 €","price_unit":"(9,11 € / Kilo)","categories":["Supermercado","Alimentación General","Conservas vegetales","Pimientos del piquillo","BAJAMAR pimientos del piquillo en trozos al ajillo frasco 280 g neto escurrido"],"general_information":["Denominación del alimento: Pimientos del piquillo al ajillo","Nombre del operador: Bajamar S.A.","Dirección del operador: Ctra. Sangüesa, s/n. 31310 Carcastillo (Navarra)","Lugar de procedencia del alimento: Perú.","Cantidad Neta: 280 g"],"ingredients":[" Pimiento del piquillo (75%), agua, aceite de girasol, azúcar, ajo (1%), aceite oliva, sal, acidulante: ácido cítrico y endurecedor: cloruro cálcico."],"conservation":" Una vez abierto, mantener en refrigeración un máximo de 48 horas. A temperatura ambiente, en lugar fresco y seco / no requiere refrigeración.","ean":"8410465006783"},{"full_name":"BAJAMAR pimientos del piquillo enteros extra lata 150 g neto escurrido","name":"pimientos del piquillo enteros extra lata 150 g neto escurrido","brand":"BAJAMAR ","img":"https://sgfm.elcorteingles.es/SGFM/00/05/9/0118026100059/0118026100059000g01011.jpg","price":"2,05 €","price_unit":"(13,67 € / Kilo)","categories":["Supermercado","Alimentación General","Conservas vegetales","Pimientos del piquillo","BAJAMAR pimientos del piquillo enteros extra lata 150 g neto escurrido"],"general_information":["Denominación del alimento: Pimientos del piquillo","Nombre del operador: Bajamar S.A.","Dirección del operador: Ctra. Sangüesa, s/n. 31310 Carcastillo (Navarra)","Lugar de procedencia del alimento: España.","Cantidad Neta: 185 g"],"ingredients":[" Pimientos del piquillo, agua, sal y acidulante: ácido cítrico."],"conservation":" Una vez abierto el envase, mantener el producto refrigerado un máximo de 48 horas. A temperatura ambiente, en lugar fresco y seco / No requiere refrigeración.","ean":"8410465016690"},{"full_name":"DANTZA pimientos del piquillo extra D.O. Lodosa lata 340 g neto escurrido","name":"pimientos del piquillo extra D.O. Lodosa lata 340 g neto escurrido","brand":"DANTZA ","img":"https://sgfm.elcorteingles.es/SGFM/00/28/1/0118026100281/0118026100281000g01011.jpg","price":"5,95 €","price_unit":"(17,50 € / Kilo)","categories":["Supermercado","Alimentación General","Conservas vegetales","Pimientos del piquillo","DANTZA pimientos del piquillo extra D.O. Lodosa lata 340 g neto escurrido"],"general_information":["Denominación del alimento: Pimiento del piquillo","Nombre del operador: Conservas Dantza, S.A.","Dirección del operador: Crta. N-113, km 77 -31590 Castejón (Navarra)","Cantidad Neta: 340 g"],"ingredients":[" Pimiento Piquillo, Sal y Acidulante: Ácido Cítrico (E-330)."],"conservation":" Envase Cerrado: El producto se mantendrá correctamente envasado en un lugar fresco y seco de manera que no quede expuesto al sol ni a temperaturas superiores a 45 °C. Envase abierto: Una vez abierto verter en un recipiente de cristal y mantener el envase cerrado en refrigeración 4°C durante 4 días.","ean":"8411108412114"},{"full_name":"DANTZA pimientos del piquillo en tiras D.O. Lodosa frasco 220 g neto escurrido","name":"pimientos del piquillo en tiras D.O. Lodosa frasco 220 g neto escurrido","brand":"DANTZA ","img":"https://sgfm.elcorteingles.es/SGFM/dctm/MEDIA02/CONTENIDOS/201408/20/00118026100307____1__600x600.jpg","price":"2,59 €","price_unit":"(11,77 € / Kilo)","categories":["Supermercado","Alimentación General","Conservas vegetales","Pimientos del piquillo","DANTZA pimientos del piquillo en tiras D.O. Lodosa frasco 220 g neto escurrido"],"general_information":["Denominación del alimento: Pimiento del piquillo","Nombre del operador: Conservas Dantza, S.A.","Dirección del operador: Crta. N-113, km 77 -31590 Castejón (Navarra)","Cantidad Neta: 290 g"],"ingredients":[" Pimiento Piquillo, Sal y Acidulante: Ácido Cítrico (E-330)."],"conservation":" Envase Cerrado: El producto se mantendrá correctamente envasado en un lugar fresco y seco de manera que no quede expuesto al sol ni a temperaturas superiores a 45 °C. Envase abierto: Una vez abierto verter en un recipiente de cristal y mantener el envase cerrado en refrigeración 4°C durante 4 días.","ean":"8411108408544"},{"full_name":"DANTZA pimientos del piquillo D.O. Lodosa frasco 180 g neto escurrido","name":"pimientos del piquillo D.O. Lodosa frasco 180 g neto escurrido","brand":"DANTZA ","img":"https://sgfm.elcorteingles.es/SGFM/01/45/3/0118026101453/0118026101453000g01011.jpg","price":"3,55 €","price_unit":"(19,72 € / Kilo)","categories":["Supermercado","Alimentación General","Conservas vegetales","Pimientos del piquillo","DANTZA pimientos del piquillo D.O. Lodosa frasco 180 g neto escurrido"],"general_information":["Denominación del alimento: Pimiento del piquillo","Nombre del operador: Conservas Dantza, S.A.","Dirección del operador: Crta. N-113, km 77 -31590 Castejón (Navarra)","Cantidad Neta: 220 g"],"ingredients":[" Pimiento Piquillo, Sal y Acidulante: Ácido Cítrico (E-330)."],"conservation":" Envase Cerrado: El producto se mantendrá correctamente envasado en un lugar fresco y seco de manera que no quede expuesto al sol ni a temperaturas superiores a 45 °C. Envase abierto: Una vez abierto verter en un recipiente de cristal y mantener el envase cerrado en refrigeración 4°C durante 4 días.","ean":"8411108600528"},{"full_name":"CIDACOS pimientos piquillo frasco 720 g","name":"pimientos piquillo frasco 720 g","brand":"CIDACOS ","img":"https://sgfm.elcorteingles.es/SGFM/dctm/MEDIA03/201710/19/00118026101701____1__600x600.jpg","price":"6,95 €","price_unit":"(9,65 € / Kilo)","categories":["Supermercado","Alimentación General","Conservas vegetales","Pimientos del piquillo","CIDACOS pimientos piquillo frasco 720 g"],"general_information":[],"ingredients":[],"ean":"8410313215206"},{"full_name":"CIDACOS pimientos del piquillo entero extra frasco 275 g neto escurrido","name":"pimientos del piquillo entero extra frasco 275 g neto escurrido","brand":"CIDACOS ","img":"https://sgfm.elcorteingles.es/SGFM//01/47/9/0118026101479/0118026101479000g01011.jpg","price":"2,25 €","price_unit":"(10 € / Kilo)","categories":["Supermercado","Alimentación General","Conservas vegetales","Pimientos del piquillo","CIDACOS pimientos del piquillo entero extra frasco 275 g neto escurrido"],"general_information":["Denominación del alimento: Pimiento del piquillo entero","Nombre del operador: Conservas el Cidacos S.A.","Dirección del operador: Crta. De Calahorra km. 1 26560 Autol (La Rioja)","Lugar de procedencia del alimento: DO Peru","Cantidad Neta: 340 g","Peso neto escurrido: 275 g"],"ingredients":[" Pimientos del piquillo, sal y azúcar. Acidulante: ácido cítrico. Endurecedor: cloruro cálcico."],"ean":"8410313216135"},{"full_name":"VIUDA DE CAYO pimiento del piquillo entero D.O. Lodosa pack 2 envase 180 g neto escurrido","name":"pimiento del piquillo entero D.O. Lodosa pack 2 envase 180 g neto escurrido","brand":"VIUDA DE CAYO ","img":"https://sgfm.elcorteingles.es/SGFM/01/06/2/0200126101062/0200126101062000g01011.jpg","price":"10,95 €","price_unit":"(20,28 € / Kilo)","categories":["Supermercado","Alimentación General","Conservas vegetales","Pimientos del piquillo","VIUDA DE CAYO pimiento del piquillo entero D.O. Lodosa pack 2 envase 180 g neto escurrido"],"general_information":["Denominación del alimento: Pimientos del piquillo","Nombre del operador: Viuda de Cayo Sainz, S.L","Dirección del operador: C/ Virgen de Legarda, 66. 31587 Mendavia, (Navarra) España","Lugar de procedencia del alimento: Denominación de Origen Protegida Piquillo de Lodosa","Cantidad Neta: 600 g","Peso neto escurrido: 540 g","Otras menciones obligatorias en la etiqueta: Enteros Extra"],"ingredients":[" Pimientos del piquillo, sal y acidulante: ácido cítrico"],"conservation":" Conservar en lugar fresco y seco.","ean":"8410850005186"},{"full_name":"PEDRO LUIS pimientos del piquillo ecológicos frasco 200 g neto escurrido","name":"pimientos del piquillo ecológicos frasco 200 g neto escurrido","brand":"PEDRO LUIS ","img":"https://sgfm.elcorteingles.es/SGFM/dctm/MEDIA02/CONTENIDOS/201503/27/00118026300022____1__600x600.jpg","price":"4,39 €            ","price_unit":"(20,75 € / Kilo)","categories":["Supermercado","Alimentación General","Conservas vegetales","Pimientos del piquillo","PEDRO LUIS pimientos del piquillo ecológicos frasco 200 g neto escurrido"],"general_information":["Denominación del alimento: Pimientos del piquillo de agricultura ecológica, Enteros, Extra, 8/18 Frutos","País de origen: España","Nombre del operador: Conservas Pedro Luís, S.L.","Dirección del operador: Pol.Industrial El Ramal, C/Del Ramal 19 -31580- Lodosa (Navarra)","Cantidad Neta: 215 g","Peso neto escurrido: 205 g"],"ingredients":[" Pimientos del piquillo de agricultura ecológica, sal y corrector de acidez: ácido cítrico."],"conservation":" Conservar en lugar fresco y seco protegido de la luz. Una vez abierto, conservar en el frigorífico y consumir antes de 5 días.","ean":"8425205010371"},{"full_name":"PEDRO LUIS pimientos del piquillo de Lodosa enteros extra 18-22 frutos lata 375 g neto escurrido","name":"pimientos del piquillo de Lodosa enteros extra 18-22 frutos lata 375 g neto escurrido","brand":"PEDRO LUIS ","img":"https://sgfm.elcorteingles.es/SGFM/dctm/MEDIA02/CONTENIDOS/201412/10/00118026101495____2__600x600.jpg","price":"6,50 €            ","price_unit":"(0,55 € / Kilo)","categories":["Supermercado","Alimentación General","Conservas vegetales","Pimientos del piquillo","PEDRO LUIS pimientos del piquillo de Lodosa enteros extra 18-22 frutos lata 375 g neto escurrido"],"general_information":["Denominación del alimento: Pimientos del Piquillo de Lodosa, 18-22 frutos, Enteros, Extra","País de origen: España","Nombre del operador: Conservas Pedro Luís, S.L.","Dirección del operador: Pol.Industrial El Ramal, C/Del Ramal 19 -31580- Lodosa (Navarra)","Cantidad Neta: 400 g","Peso neto escurrido: 375 g"],"ingredients":[" Pimientos del piquillo, sal y corrector de acidez: ácido cítrico."],"conservation":" Conservar en lugar fresco y seco. Una vez abierto, conservar en el frigorifico y consumir antes de 5 dias.","ean":"8425205010012"},{"full_name":"VITER pimientos del piquillo en tiras frasco 220 g neto escurrido","name":"pimientos del piquillo en tiras frasco 220 g neto escurrido","brand":"VITER ","img":"https://sgfm.elcorteingles.es/SGFM/01/42/0/0118026101420/0118026101420000g01011.jpg","price":"1,45 €","price_unit":"(6,59 € / Kilo)","categories":["Supermercado","Alimentación General","Conservas vegetales","Pimientos del piquillo","VITER pimientos del piquillo en tiras frasco 220 g neto escurrido"],"general_information":["Denominación del alimento: Pimientos del Piquillo en tiras calidad Primera","País de origen: España","Nombre del operador: RIBEREBRO INTEGRAL, SAU","Dirección del operador: Poligono Industrial La Llanada - 26540 Alfaro La Rioja","Lugar de procedencia del alimento: Perú","Cantidad Neta: 290 g","Peso neto escurrido: 225 g","Número de raciones por envase: 1"],"ingredients":[" Pimientos del piquillo , agua , sal, azúcar,  regulador del pH: ácido cítrico (E-330), mejorador de textura: cloruro de calcio"],"conservation":" Una vez abierto el tarro conservar en el frigorífico","ean":"8435307400949"},{"full_name":"VIUDA DE CAYO pimientos del piquillo entreverados frasco 225 g neto escurrido","name":"pimientos del piquillo entreverados frasco 225 g neto escurrido","brand":"VIUDA DE CAYO ","img":"https://sgfm.elcorteingles.es/SGFM/00/27/3/0118026100273/0118026100273000g01011.jpg","price":"2,55 €","price_unit":"(11,33 € / Kilo)","categories":["Supermercado","Alimentación General","Conservas vegetales","Pimientos del piquillo","VIUDA DE CAYO pimientos del piquillo entreverados frasco 225 g neto escurrido"],"general_information":["Denominación del alimento: Pimientos del piquillo","Nombre del operador: Viuda de Cayo Sainz, S.L","Dirección del operador: C/ Virgen de Legarda, 66. 31587 Mendavia, (Navarra) España","Cantidad Neta: 290 g","Otras menciones obligatorias en la etiqueta: Entreverados condimentados al ajillo"],"ingredients":[" Pimientos del piquillo, (rojos, verdes y entreverados), aceite de girasol, ajo (1%), sal y acidulante: ácido cítrico."],"conservation":" Conservar en lugar fresco y seco.","ean":"8410850012313"},{"full_name":"VIUDA DE CAYO pimientos del piquillo D.O. Lodosa frasco 260 g neto escurrido","name":"pimientos del piquillo D.O. Lodosa frasco 260 g neto escurrido","brand":"VIUDA DE CAYO ","img":"https://sgfm.elcorteingles.es/SGFM/00/35/6/0118026100356/0118026100356000g01011.jpg","price":"4,90 €","price_unit":"(18,85 € / Kilo)","categories":["Supermercado","Alimentación General","Conservas vegetales","Pimientos del piquillo","VIUDA DE CAYO pimientos del piquillo D.O. Lodosa frasco 260 g neto escurrido"],"general_information":["Denominación del alimento: Pimientos del piquillo","Nombre del operador: Viuda de Cayo Sainz, S.L","Dirección del operador: C/ Virgen de Legarda, 66. 31587 Mendavia, (Navarra) España","Lugar de procedencia del alimento: Denominación de Origen Protegida Piquillo de Lodosa","Cantidad Neta: 290 g","Peso neto escurrido: 260 g","Otras menciones obligatorias en la etiqueta: Enteros Extra"],"ingredients":[" Pimientos del piquillo, sal y acidulante: ácido cítrico"],"conservation":" Conservar en lugar fresco y seco.","ean":"8410850005070"},{"full_name":"VENCEROL pimientos del piquillo extra enteros frasco 440 g neto escurrido","name":"pimientos del piquillo extra enteros frasco 440 g neto escurrido","brand":"VENCEROL ","img":"https://sgfm.elcorteingles.es/SGFM/01/44/6/0118026101446/0118026101446000g01011.jpg","price":"2,35 €","price_unit":"(5,34 € / Kilo)","categories":["Supermercado","Alimentación General","Conservas vegetales","Pimientos del piquillo","VENCEROL pimientos del piquillo extra enteros frasco 440 g neto escurrido"],"general_information":["Denominación del alimento: PIMENTOS DEL PIQUILLO EXTRA","País de origen: Perú","Nombre del operador: IMPEX MEDRANO, S.L","Dirección del operador: P.I. LAS LABRADAS, C/CASTILLA Y LEÓN 4, 31500 TUDELA NAVARRA","Cantidad Neta: 380 g","Peso neto escurrido: 350 g"],"ingredients":[" Pimientos del piquillo, agua, azúcar, sal y acidulante: ácido cítrico."],"conservation":" Conservar en ambiente fresco y seco. Una vez abierto, conservar en refrigerado durante un tiempo máximo de 48 horas.","ean":"8436012962814"},{"full_name":"VELA pimientos del piquillo lata 330 g neto escurrido","name":"pimientos del piquillo lata 330 g neto escurrido","brand":"VELA ","img":"https://sgfm.elcorteingles.es/SGFM/00/18/2/0118026100182/0118026100182000g01011.jpg","price":"6,30 €","price_unit":"(19,09 € / Kilo)","categories":["Supermercado","Alimentación General","Conservas vegetales","Pimientos del piquillo","VELA pimientos del piquillo lata 330 g neto escurrido"],"general_information":["Denominación del alimento: Pimientos del piquillo extra","País de origen: España","Nombre del operador: Conservas J. Vela.","Dirección del operador: Avda. de Estella 17 (31587 Mendavia, Navarra)","Cantidad Neta: 390 g","Peso neto escurrido: 330 g"],"ingredients":[" Pimientos del piquillo y acidulante: ácido cítrico."],"ean":"8411904074035"},{"full_name":"OSTARGUI pimientos del piquillo enteros D.O. Lodosa frasco 200 g neto escurrido","name":"pimientos del piquillo enteros D.O. Lodosa frasco 200 g neto escurrido","brand":"OSTARGUI ","img":"https://sgfm.elcorteingles.es/SGFM/dctm/MEDIA02/CONTENIDOS/201412/10/00118026101081____1__600x600.jpg","price":"3,79 €","price_unit":"(18,95 € / Kilo)","categories":["Supermercado","Alimentación General","Conservas vegetales","Pimientos del piquillo","OSTARGUI pimientos del piquillo enteros D.O. Lodosa frasco 200 g neto escurrido"],"general_information":[],"ingredients":[],"ean":"8413239103022"},{"full_name":"PEDRO LUIS pimientos del piquillo en tiras de agricultura ecológica frasco 170 g neto escurrido","name":"pimientos del piquillo en tiras de agricultura ecológica frasco 170 g neto escurrido","brand":"PEDRO LUIS ","img":"https://sgfm.elcorteingles.es/SGFM/dctm/MEDIA03/201710/11/00118026300063____2__600x600.jpg","price":"3,19 €            ","price_unit":"(16,76 € / Kilo)","categories":["Supermercado","Alimentación General","Conservas vegetales","Pimientos del piquillo","PEDRO LUIS pimientos del piquillo en tiras de agricultura ecológica frasco 170 g neto escurrido"],"general_information":["Denominación del alimento: Pimientos del piquillo","Nombre del operador: Conservas Pedro Luís, S.L.","Dirección del operador: Pol.Industrial El Ramal, C/ Del Ramal 19 -31580- Lodosa (Navarra)","Cantidad Neta: 185,0 g","Peso neto escurrido: 170,0 g"],"ingredients":[" Pimientos del piquillo de agricultura ecológica, sal y regulador de acidez: ácido cítrico."],"ean":"8425205012207"},{"full_name":"ALSUR pimiento del piquillo frasco 750 g","name":"pimiento del piquillo frasco 750 g","brand":"ALSUR ","img":"https://sgfm.elcorteingles.es/SGFM/dctm/MEDIA03/201710/10/00118026101784____1__600x600.jpg","price":"4,50 €","price_unit":"(6 € / Kilo)","categories":["Supermercado","Alimentación General","Conservas vegetales","Pimientos del piquillo","ALSUR pimiento del piquillo frasco 750 g"],"general_information":[],"ingredients":[],"ean":"8420309400196"},{"full_name":"VELA pimientos del pico extra lata 330 g neto escurrido","name":"pimientos del pico extra lata 330 g neto escurrido","brand":"VELA ","img":"https://sgfm.elcorteingles.es/SGFM/00/12/5/0118026100125/0118026100125000g01011.jpg","price":"4,65 €","price_unit":"(14,09 € / Kilo)","categories":["Supermercado","Alimentación General","Conservas vegetales","Pimientos del pico","VELA pimientos del pico extra lata 330 g neto escurrido"],"general_information":["Denominación del alimento: Pimiento del pico","País de origen: España","Nombre del operador: Conservas J. Vela.","Dirección del operador: Avda. de Estella 17 (31587 Mendavia, Navarra)","Cantidad Neta: 390 g","Peso neto escurrido: 330 g"],"ingredients":[" Pimientos del pico y acidulante: ácido cítrico"],"ean":"8411904071034"},{"full_name":"VELA pimientos del pico al ajillo frasco 290 g neto escurrido","name":"pimientos del pico al ajillo frasco 290 g neto escurrido","brand":"VELA ","img":"https://sgfm.elcorteingles.es/SGFM/00/13/3/0118026100133/0118026100133000g01011.jpg","price":"3,10 €","price_unit":"(10,69 € / Kilo)","categories":["Supermercado","Alimentación General","Conservas vegetales","Pimientos del pico","VELA pimientos del pico al ajillo frasco 290 g neto escurrido"],"general_information":["Denominación del alimento: Pimiento del pico","País de origen: España","Nombre del operador: Conservas J. Vela.","Dirección del operador: Avda. de Estella 17 (31587 Mendavia, Navarra)","Cantidad Neta: 290 g"],"ingredients":[" Pimientos del pico y acidulante: ácido cítrico"],"ean":"8411904072888"},{"full_name":"IBSA pimientos del Bierzo asados en horno al ajillo frasco 285 g neto escurrido","name":"pimientos del Bierzo asados en horno al ajillo frasco 285 g neto escurrido","brand":"IBSA ","img":"https://sgfm.elcorteingles.es/SGFM/dctm/MEDIA03/201704/06/00118026101669____1__600x600.jpg","price":"2,95 €","price_unit":"(10 € / Kilo)","categories":["Supermercado","Alimentación General","Conservas vegetales","Pimientos del bierzo","IBSA pimientos del Bierzo asados en horno al ajillo frasco 285 g neto escurrido"],"general_information":["Denominación del alimento: Pimientos asados en horno","Nombre del operador: Industrias del Bierzo S.A","Dirección del operador: C/ San Roque, s/n 24549 Carracedelo (León) España","Cantidad Neta: 295 g","Otras menciones obligatorias en la etiqueta: Sin gluten. Sin colorantes ni conservantes."],"ingredients":[" Pimientos, aceite de oliva (1.5%), sal y acidulante: ácido cítrico."],"conservation":" Una vez abierto conservar en el frigorífico máximo 5 días.","ean":"8412464011157"},{"full_name":"IBSA pimiento asados del Bierzo en tiras caramelizados frasco 240 g neto escurrido","name":"pimiento asados del Bierzo en tiras caramelizados frasco 240 g neto escurrido","brand":"IBSA ","img":"https://sgfm.elcorteingles.es/SGFM/dctm/MEDIA03/201703/02/00118026101438____1__600x600.jpg","price":"2,89 €            ","price_unit":"(8,96 € / Kilo)","categories":["Supermercado","Alimentación General","Conservas vegetales","Pimientos del bierzo","IBSA pimiento asados del Bierzo en tiras caramelizados frasco 240 g neto escurrido"],"general_information":["Denominación del alimento: Pimientos en tiras caramelizados","Nombre del operador: Industrias del Bierzo S.A","Dirección del operador: C/ San Roque, s/n 24549 Carracedelo (León) España","Cantidad Neta: 240 g","Otras menciones obligatorias en la etiqueta: Sin colorantes ni conservantes."],"ingredients":[" Pimientos (70%), azúcar (30%) y acidulante: ácido cítrico."],"conservation":" Una vez abierto conservar en el frigorífico.","ean":"8412464047002"},{"full_name":"IBSA pimientos del Bierzo asados en horno pelados a mano dulces con aceite de oliva frasco 220 g neto escurrido","name":"pimientos del Bierzo asados en horno pelados a mano dulces con aceite de oliva frasco 220 g neto escurrido","brand":"IBSA ","img":"https://sgfm.elcorteingles.es/SGFM/dctm/MEDIA03/201710/31/00118026100976____1__600x600.jpg","price":"2,65 €            ","price_unit":"(9,77 € / Kilo)","categories":["Supermercado","Alimentación General","Conservas vegetales","Pimientos del bierzo","IBSA pimientos del Bierzo asados en horno pelados a mano dulces con aceite de oliva frasco 220 g neto escurrido"],"general_information":["Denominación del alimento: Pimientos asados en horno","Nombre del operador: Industrias del Bierzo S.A","Dirección del operador: C/ San Roque, s/n 24549 Carracedelo (León) España","Cantidad Neta: 220 g","Otras menciones obligatorias en la etiqueta: Sin gluten. Sin colorantes ni conservantes."],"ingredients":[" Pimientos, aceite de oliva (1.5%), sal y acidulante: ácido cítrico."],"conservation":" Una vez abierto conservar en el frigorífico máximo 5 días.","ean":"8412464006245"},{"full_name":"IBSA pimientos del Bierzo asados en horno pelados a mano picantes con aceite de oliva frasco 220 g neto escurrido","name":"pimientos del Bierzo asados en horno pelados a mano picantes con aceite de oliva frasco 220 g neto escurrido","brand":"IBSA ","img":"https://sgfm.elcorteingles.es/SGFM/dctm/MEDIA03/201710/25/00118026100984____1__600x600.jpg","price":"2,65 €            ","price_unit":"(9,77 € / Kilo)","categories":["Supermercado","Alimentación General","Conservas vegetales","Pimientos del bierzo","IBSA pimientos del Bierzo asados en horno pelados a mano picantes con aceite de oliva frasco 220 g neto escurrido"],"general_information":["Denominación del alimento: PIMIENTOS ASADOS PICANTES  220g","Nombre del operador: INDUSTRIAS DEL BIERZO S.A.","Dirección del operador: C/ San Roque s/n Carracedelo, 24549","Cantidad Neta: 220 g"],"ingredients":[" Pimientos, aceite de oliva (1,5%), sal, especias y acidulante: ácido cítrico."],"ean":"8412464008249"},{"full_name":"IBSA Bio pimientos del Bierzo asados ecológicos frasco 220 g neto escurrido","name":"Bio pimientos del Bierzo asados ecológicos frasco 220 g neto escurrido","brand":"IBSA ","img":"https://sgfm.elcorteingles.es/SGFM/00/03/0/0118026300030/0118026300030000g01011.jpg","price":"3,25 €            ","price_unit":"(11,36 € / Kilo)","categories":["Supermercado","Alimentación General","Conservas vegetales","Pimientos del bierzo","IBSA Bio pimientos del Bierzo asados ecológicos frasco 220 g neto escurrido"],"general_information":[],"ingredients":[],"ean":"8412464010945"},{"full_name":"EL ARTESANO pimientos del Bierzo asados dulces frasco 245 g neto escurrido","name":"pimientos del Bierzo asados dulces frasco 245 g neto escurrido","brand":"EL ARTESANO ","img":"https://sgfm.elcorteingles.es/SGFM/00/46/3/0118026100463/0118026100463000g01011.jpg","price":"4,59 €","price_unit":"(18,73 € / Kilo)","categories":["Supermercado","Alimentación General","Conservas vegetales","Pimientos del bierzo","EL ARTESANO pimientos del Bierzo asados dulces frasco 245 g neto escurrido"],"general_information":[],"ingredients":[],"ean":"8424608100047"},{"full_name":"PRADA A TOPE pimientos asados dulces del Bierzo frasco 250 g neto escurrido","name":"pimientos asados dulces del Bierzo frasco 250 g neto escurrido","brand":"PRADA A TOPE ","img":"https://sgfm.elcorteingles.es/SGFM/01/26/3/0118026101263/0118026101263000g01011.jpg","price":"8,69 €","price_unit":"(34,76 € / Kilo)","categories":["Supermercado","Alimentación General","Conservas vegetales","Pimientos del bierzo","PRADA A TOPE pimientos asados dulces del Bierzo frasco 250 g neto escurrido"],"general_information":["Denominación del alimento: Pimientos Asados","Nombre del operador: Prada a Tope, S.A.","Dirección del operador: La Iglesia, S/N 24546 Canedo (León)","Lugar de procedencia del alimento: Origen \"El Bierzo\" (León)","Cantidad Neta: 350 g","Peso neto escurrido: 320 g"],"ingredients":[" Pimientos y zumo de limón natural exprimido."],"conservation":" Conservar en lugar fresco y seco. Una vez abierto conservar en frigorífico 3-5 días.","ean":"8436007120014"},{"full_name":"PRADA A TOPE pimientos asados picantes del Bierzo frasco 250 g neto escurrido","name":"pimientos asados picantes del Bierzo frasco 250 g neto escurrido","brand":"PRADA A TOPE ","img":"https://sgfm.elcorteingles.es/SGFM/01/27/1/0118026101271/0118026101271000g01011.jpg","price":"8,69 €","price_unit":"(34,76 € / Kilo)","categories":["Supermercado","Alimentación General","Conservas vegetales","Pimientos del bierzo","PRADA A TOPE pimientos asados picantes del Bierzo frasco 250 g neto escurrido"],"general_information":["Denominación del alimento: Pimientos Asados Picantes","Nombre del operador: Prada a Tope, S.A.","Dirección del operador: La Iglesia, S/N 24546 Canedo (León)","Lugar de procedencia del alimento: Origen \"El Bierzo\" (León)","Cantidad Neta: 350 g","Peso neto escurrido: 320 g"],"ingredients":[" Pimientos y zumo de limón natural exprimido."],"conservation":" Conservar en lugar fresco y seco. Una vez abierto conservar en frigorífico 3-5 días.","ean":"8436007120021"},{"full_name":"PIBER pimientos asados del Bierzo I.G.P. frasco 320 g neto escurrido","name":"pimientos asados del Bierzo I.G.P. frasco 320 g neto escurrido","brand":"PIBER ","img":"https://sgfm.elcorteingles.es/SGFM/00/95/0/0118026100950/0118026100950000g01011.jpg","price":"3,40 €","price_unit":"(10,62 € / Kilo)","categories":["Supermercado","Alimentación General","Conservas vegetales","Pimientos del bierzo","PIBER pimientos asados del Bierzo I.G.P. frasco 320 g neto escurrido"],"general_information":[],"ingredients":[],"ean":"8425288000016"},{"full_name":"EL CORTE INGLES ensalada de pimientos frasco 280 g","name":"ensalada de pimientos frasco 280 g","brand":"EL CORTE INGLES ","img":"https://sgfm.elcorteingles.es/SGFM/dctm/MEDIA03/201604/01/00200126101518____1__600x600.jpg","price":"2,35 €","price_unit":"(8,39 € / Kilo)","categories":["Supermercado","Alimentación General","Conservas vegetales","Pimientos","EL CORTE INGLES ensalada de pimientos frasco 280 g"],"general_information":["Denominación del alimento: PIMIENTOS MORRONES EN TIRAS ALIÑADOS  ?CON CEBOLLA Y ACEITE?","Nombre del operador: Elaborado para \nEl Corte Inglés por \nBAJAMAR, S.A \nCtra. Sangüesa, s/n \n31310 - Carcastillo (Navarra) \nEspaña","Lugar de procedencia del alimento: Producto de España","Cantidad Neta: 280 g","Número de raciones por envase: 3"],"ingredients":[" Ingredientes:  Pimiento (64%), cebolla (11%), aceite de girasol (4%), agua, azúcar, sal, vinagre y aceite de oliva (1%)."],"conservation":" Conservar en lugar fresco y seco. Una vez abierto, mantener en refrigeración un máximo de 48 horas.","ean":"8433329064866"},{"full_name":"EL CORTE INGLES pimiento morrón asado pack 3 lata 60 g neto escurrido","name":"pimiento morrón asado pack 3 lata 60 g neto escurrido","brand":"EL CORTE INGLES ","img":"https://sgfm.elcorteingles.es/SGFM/00/36/4/0118026100364/0118026100364000g01011.jpg","price":"1,75 €","price_unit":"(9,72 € / Kilo)","categories":["Supermercado","Alimentación General","Conservas vegetales","Pimientos","EL CORTE INGLES pimiento morrón asado pack 3 lata 60 g neto escurrido"],"general_information":[],"ingredients":[],"ean":"8411297051620"},{"full_name":"EL CORTE INGLES pimiento morrón asado lata 125 g neto escurrido","name":"pimiento morrón asado lata 125 g neto escurrido","brand":"EL CORTE INGLES ","img":"https://sgfm.elcorteingles.es/SGFM/00/37/2/0118026100372/0118026100372000g01011.jpg","price":"1,15 €","price_unit":"(9,20 € / Kilo)","categories":["Supermercado","Alimentación General","Conservas vegetales","Pimientos","EL CORTE INGLES pimiento morrón asado lata 125 g neto escurrido"],"general_information":[],"ingredients":[],"ean":"8411297051637"},{"full_name":"ALIADA pimientos rojos extra pelados al natural pack 3 latas 60","name":"pimientos rojos extra pelados al natural pack 3 latas 60 ","brand":"ALIADA ","img":"https://sgfm.elcorteingles.es/SGFM/dctm/MEDIA03/201710/26/00118026101008____3__600x600.jpg","price":"1,31 €","price_unit":"(7,28 € / Kilo)","categories":["Supermercado","Alimentación General","Conservas vegetales","Pimientos","ALIADA pimientos rojos extra pelados al natural pack 3 latas 60"],"general_information":[],"ingredients":[],"ean":"8411043345324"},{"full_name":"BAJAMAR pimientos asados en tiras frasco 160 g","name":"pimientos asados en tiras frasco 160 g","brand":"BAJAMAR ","img":"https://sgfm.elcorteingles.es/SGFM/dctm/MEDIA03/201611/07/00118026101578____6__600x600.jpg","price":"3,75 €","price_unit":"(23,44 € / Kilo)","categories":["Supermercado","Alimentación General","Conservas vegetales","Pimientos","BAJAMAR pimientos asados en tiras frasco 160 g"],"general_information":[],"ingredients":[],"ean":"8410465006882"},{"full_name":"BAJAMAR pimientos luesia en tiras condimentados frasco 280 g","name":"pimientos luesia en tiras condimentados frasco 280 g","brand":"BAJAMAR ","img":"https://sgfm.elcorteingles.es/SGFM/dctm/MEDIA02/CONTENIDOS/201411/19/00118026100075____1__600x600.jpg","price":"2,10 €","price_unit":"(7,50 € / Kilo)","categories":["Supermercado","Alimentación General","Conservas vegetales","Pimientos","BAJAMAR pimientos luesia en tiras condimentados frasco 280 g"],"general_information":["Denominación del alimento: Pimiento Luesia tiras","Nombre del operador: Bajamar S.A.","Dirección del operador: Ctra. Sangüesa, s/n. 31310 Carcastillo (Navarra)","Lugar de procedencia del alimento: España.","Cantidad Neta: 280 g"],"ingredients":[" Pimientos (80%), aceite de girasol (4%), sal, ajo (1%), aceite de oliva (1%), caldo soluble vegetal (contiene soja, azúcar y potenciador del sabor:E-621) y asidulante: E-330."],"conservation":" Una vez abierto, mantener en refrigeración un máximo de 48 horas. A temperatura ambiente, en lugar fresco y seco / no requiere refrigeración.","ean":"8410465006769"},{"full_name":"BAJAMAR pimientos morrones enteros frasco 122 g neto escurrido","name":"pimientos morrones enteros frasco 122 g neto escurrido","brand":"BAJAMAR ","img":"https://sgfm.elcorteingles.es/SGFM/00/03/4/0118026100034/0118026100034000g01011.jpg","price":"1,39 €","price_unit":"(11,39 € / Kilo)","categories":["Supermercado","Alimentación General","Conservas vegetales","Pimientos","BAJAMAR pimientos morrones enteros frasco 122 g neto escurrido"],"general_information":["Denominación del alimento: Pimiento morrón entero","Nombre del operador: Bajamar S.A.","Dirección del operador: Ctra. Sangüesa, s/n. 31310 Carcastillo (Navarra)","Lugar de procedencia del alimento: España.","Cantidad Neta: 180 g","Peso neto escurrido: 122 g"],"ingredients":[" Pimientos, agua, sal y acidulante: ácido cítrico."],"conservation":" Una vez abierto, mantener en refrigeración un máximo de 48 horas. A temperatura ambiente, en lugar fresco y seco / no requiere refrigeración.","ean":"8410465006806"},{"full_name":"CIDACOS pimientos en trozos primera pack 3 latas 60 g neto escurrido","name":"pimientos en trozos primera pack 3 latas 60 g neto escurrido","brand":"CIDACOS ","img":"https://sgfm.elcorteingles.es/SGFM/00/01/8/0118026100018/0118026100018000g01011.jpg","price":"1,75 €","price_unit":"(9,72 € / Kilo)","categories":["Supermercado","Alimentación General","Conservas vegetales","Pimientos","CIDACOS pimientos en trozos primera pack 3 latas 60 g neto escurrido"],"general_information":["Denominación del alimento: Pimiento en tiras primera","Nombre del operador: Conservas el Cidacos S.A.","Dirección del operador: Crta. De Calahorra km. 1 26560 Autol (La Rioja)","Lugar de procedencia del alimento: DO Peru - DO China","Cantidad Neta: 240,0 g","Peso neto escurrido: 180,0 g"],"ingredients":[" Pimientos, agua y sal. Acidulante: acido citrico"],"conservation":" Mantener en lugar fresco y seco.","ean":"8410313152839"},{"full_name":"FERRER pimientos asados frasco 275 g neto escurrido","name":"pimientos asados frasco 275 g neto escurrido","brand":"FERRER ","img":"https://sgfm.elcorteingles.es/SGFM/00/21/6/0118026100216/0118026100216000g01011.jpg","price":"2,45 €            ","price_unit":"(7,82 € / Kilo)","categories":["Supermercado","Alimentación General","Conservas vegetales","Pimientos","FERRER pimientos asados frasco 275 g neto escurrido"],"general_information":["Denominación del alimento: Pimiento asado primera (en tiras)","Nombre del operador: Ferrer tradicional, S.L.","Dirección del operador: Pol.  Ind.  Sta. Anna, Crta. Santpedor a Navarcles, Km4  -08251 Santpedor (Barcelona)","Cantidad Neta: 340,0 g","Peso neto escurrido: 275,0 g"],"ingredients":[" pimiento rojo, azúcar, sal y acidulante: ácido cítrico."],"conservation":" Una vez abierto, mantener en refrigeración con el líquido de gobierno y consumir antes de una semana.","ean":"8411026011826"},{"full_name":"PEPPADEW pimiento entero dulce suave frasco 165 g neto escurrido","name":"pimiento entero dulce suave frasco 165 g neto escurrido","brand":"PEPPADEW ","img":"https://sgfm.elcorteingles.es/SGFM/01/37/0/0118026101370/0118026101370000g01011.jpg","price":"4,47 €","price_unit":"(27,09 € / Kilo)","categories":["Supermercado","Alimentación General","Conservas vegetales","Pimientos","PEPPADEW pimiento entero dulce suave frasco 165 g neto escurrido"],"general_information":[],"ingredients":[],"ean":"6007788001957"},{"full_name":"LA HUERTA DE FRESNO pimiento morrón asado frasco 290 g neto escurrido","name":"pimiento morrón asado frasco 290 g neto escurrido","brand":"LA HUERTA DE FRESNO ","img":"https://sgfm.elcorteingles.es/SGFM/00/39/8/0118026100398/0118026100398000g01011.jpg","price":"4,50 €","price_unit":"(15,52 € / Kilo)","categories":["Supermercado","Alimentación General","Conservas vegetales","Pimientos","LA HUERTA DE FRESNO pimiento morrón asado frasco 290 g neto escurrido"],"general_information":[],"ingredients":[],"ean":"8437000464013"},{"full_name":"P.LISTO pimientos en tiras asados a la leña frasco 320 g","name":"pimientos en tiras asados a la leña frasco 320 g","brand":"P.LISTO ","img":"https://sgfm.elcorteingles.es/SGFM/dctm/MEDIA03/201707/07/00118026101685____1__600x600.jpg","price":"2,50 €","price_unit":"(7,81 € / Kilo)","categories":["Supermercado","Alimentación General","Conservas vegetales","Pimientos","P.LISTO pimientos en tiras asados a la leña frasco 320 g"],"general_information":[],"ingredients":[],"ean":"8437005794160"},{"full_name":"P.LISTO tomate pera y pimiento verde asados a la leña frasco 330 g","name":"tomate pera y pimiento verde asados a la leña frasco 330 g","brand":"P.LISTO ","img":"https://sgfm.elcorteingles.es/SGFM/dctm/MEDIA03/201707/10/00118026101693____1__600x600.jpg","price":"2,10 €","price_unit":"(6,36 € / Kilo)","categories":["Supermercado","Alimentación General","Conservas vegetales","Pimientos","P.LISTO tomate pera y pimiento verde asados a la leña frasco 330 g"],"general_information":[],"ingredients":[],"ean":"8437005794023"},{"full_name":"ALSUR ensalada de pimientos rojos y verdes frasco 390 g","name":"ensalada de pimientos rojos y verdes frasco 390 g","brand":"ALSUR ","img":"https://sgfm.elcorteingles.es/SGFM/dctm/MEDIA03/201606/28/00118026101560____1__600x600.jpg","price":"2,35 €","categories":["Supermercado","Alimentación General","Conservas vegetales","Pimientos","ALSUR ensalada de pimientos rojos y verdes frasco 390 g"],"general_information":["Denominación del alimento: Ensalada de pimiento piquillo","País de origen: Perú","Nombre del operador: Sola de Antequera S.A.","Dirección del operador: Ctra. Córdoba-Málaga km 520 29200 Antequera (Málaga)","Lugar de procedencia del alimento: Perú","Cantidad Neta: 425 g","Peso neto escurrido: 390 g"],"ingredients":[" Pimiento del Piquillo (Rojo y Verde), Cebolla, Azúcar, Agua, Vinagre, Sal y Acidulante: Ácido Cítrico."],"conservation":" Conservar en un lugar fresco, seco y protegido del sol.","ean":"8420309400066"},{"full_name":"DE ISLA pimientos asados frasco 205 g neto escurrido","name":"pimientos asados frasco 205 g neto escurrido","brand":"DE ISLA ","img":"https://sgfm.elcorteingles.es/SGFM/00/49/4/0200126100494/0200126100494000g01011.jpg","price":"3,95 €","price_unit":"(19,27 € / Kilo)","categories":["Supermercado","Alimentación General","Conservas vegetales","Pimientos","DE ISLA pimientos asados frasco 205 g neto escurrido"],"general_information":["Denominación del alimento: Pimientos asados","Nombre del operador: Luciano Zubieta Uraga","Dirección del operador: Bª La Maza, 39, 39195, Isla, Cantabria.","Lugar de procedencia del alimento: ISLA","Cantidad Neta: 325 g","Peso neto escurrido: 220 g"],"ingredients":[" Pimiento morron, acidulante (ácido cítrico) y sal"],"conservation":" Una vez abierto, guardar en el frigorífico y consumir en 2-3 días","ean":"8426469000108"},{"full_name":"ALSUR ensalada de pimiento y quinoa frasco 295 g","name":"ensalada de pimiento y quinoa frasco 295 g","brand":"ALSUR ","img":"https://sgfm.elcorteingles.es/SGFM/dctm/MEDIA03/201701/04/00118026101586____1__600x600.jpg","price":"2,05 €","categories":["Supermercado","Alimentación General","Conservas vegetales","Pimientos","ALSUR ensalada de pimiento y quinoa frasco 295 g"],"general_information":["Denominación del alimento: Ensalada pimiento del piquillo con quinoa y atún","Nombre del operador: Sola de Antequera, S.A.","Dirección del operador: Ctra. Córdoba - Málaga km 520, 29200 Antequera (Málaga)","Lugar de procedencia del alimento: Perú","Cantidad Neta: 300 g","Peso neto escurrido: 295 g"],"ingredients":[" Pimiento del piquillo, quinoa, agua, cebolla, azúcar, sal vinagre y acidulante: ácido cítrico."],"conservation":" Conservar en un lugar fresco, seco y protegido del sol.","ean":"8420309400134"},{"full_name":"EL CORTE INGLES guisantes al natural muy finos pack 3 latas 120 g neto escurrido","name":"guisantes al natural muy finos pack 3 latas 120 g neto escurrido","brand":"EL CORTE INGLES ","img":"https://sgfm.elcorteingles.es/SGFM/dctm/MEDIA03/201603/11/00118024200166____2__600x600.jpg","price":"2,09 €            ","price_unit":"(5,42 € / Kilo)","categories":["Supermercado","Alimentación General","Conservas vegetales","Guisantes","EL CORTE INGLES guisantes al natural muy finos pack 3 latas 120 g neto escurrido"],"general_information":["Denominación del alimento: GUISANTES EXTRA AL NATURAL. CALIBRE  MUY FINO","Nombre del operador: Elaborado para El Corte Inglés, por Horticola Albacete SA,\nC/ AUTOVÍA Nº 72 POL. IND. CAMPOLLANO ALBACETE, ESPAÑA","Lugar de procedencia del alimento: Producto de España","Cantidad Neta: 600 g","Peso neto escurrido: 360 g","Número de raciones por envase: 3"],"ingredients":[" Ingredientes: Guisantes, agua, azúcar y sal"],"conservation":" Conservar en lugar fresco y seco. Una vez abierto mantener refrigerado un máximo de 2 días.","ean":"8433329065269"},{"full_name":"EL CORTE INGLES guisantes al natural extrafinos pack 3 lata 120 g neto escurrido","name":"guisantes al natural extrafinos pack 3 lata 120 g neto escurrido","brand":"EL CORTE INGLES ","img":"https://sgfm.elcorteingles.es/SGFM/dctm/MEDIA03/201612/13/00118024200513____1__600x600.jpg","price":"2,20 €            ","categories":["Supermercado","Alimentación General","Conservas vegetales","Guisantes","EL CORTE INGLES guisantes al natural extrafinos pack 3 lata 120 g neto escurrido"],"general_information":["Denominación del alimento: GUISANTES EXTRA AL NATURAL. CALIBRE  EXTRAFINO","Nombre del operador: Elaborado para El Corte Inglés, por Horticola Albacete SA,\nC/ AUTOVÍA, 72. PARQUE EMPRESARIAL CAMPOLLANO. ALBACETE, ESPAÑA","Lugar de procedencia del alimento: Producto de España","Cantidad Neta: 600 g","Peso neto escurrido: 360 g","Número de raciones por envase: 3"],"ingredients":[" Ingredientes: Guisantes, agua, azúcar y sal"],"conservation":" Conservar en lugar fresco y seco. Una vez abierto mantener refrigerado un máximo de 2 días.","ean":"8433329077095"},{"full_name":"EL CORTE INGLES guisantes al natural muy finos lata 250 g neto escurrido","name":"guisantes al natural muy finos lata 250 g neto escurrido","brand":"EL CORTE INGLES ","img":"https://sgfm.elcorteingles.es/SGFM/dctm/MEDIA03/201603/11/00118024200158____3__600x600.jpg","price":"0,85 €","price_unit":"(3,40 € / Kilo)","categories":["Supermercado","Alimentación General","Conservas vegetales","Guisantes","EL CORTE INGLES guisantes al natural muy finos lata 250 g neto escurrido"],"general_information":["Denominación del alimento: GUISANTES EXTRA AL NATURAL. CALIBRE  MUY FINO","Nombre del operador: Elaborado para El Corte Inglés, por Horticola Albacete SA,\nC/ AUTOVÍA Nº 72 POL. IND. CAMPOLLANO ALBACETE, ESPAÑA","Lugar de procedencia del alimento: Producto de España","Cantidad Neta: 400 g","Peso neto escurrido: 250 g","Número de raciones por envase: 2"],"ingredients":[" Ingredientes: Guisantes, agua, azúcar y sal"],"conservation":" Conservar en lugar fresco y seco. Una vez abierto mantener refrigerado un máximo de 2 días.","ean":"8433329065245"},{"full_name":"ALIADA guisantes al natural medianos extra lata 250 g neto escurrido","name":"guisantes al natural medianos extra lata 250 g neto escurrido","brand":"ALIADA ","img":"https://sgfm.elcorteingles.es/SGFM/00/46/3/0118024200463/0118024200463000g01011.jpg","price":"0,65 €","price_unit":"(2,60 € / Kilo)","categories":["Supermercado","Alimentación General","Conservas vegetales","Guisantes","ALIADA guisantes al natural medianos extra lata 250 g neto escurrido"],"general_information":["Denominación del alimento: Guisantes","Nombre del operador: El Corte Inglés  S.A","Dirección del operador: C/Hermosilla, 112 -28009 Madrid (Madrid)","Cantidad Neta: 400 g","Peso neto escurrido: 250 g"],"ingredients":[" Guisantes, agua, azúcar y sal"],"conservation":" Conservar en lugar fresco y seco. Una vez abierto mantener refrigerado un máximo de 2 días","ean":"8433329039772"},{"full_name":"ALIADA guisantes al natural medianos extra pack 3 latas 120 g neto escurrido","name":"guisantes al natural medianos extra pack 3 latas 120 g neto escurrido","brand":"ALIADA ","img":"https://sgfm.elcorteingles.es/SGFM/00/47/1/0118024200471/0118024200471000g01011.jpg","price":"1,37 €","price_unit":"(3,81 € / Kilo)","categories":["Supermercado","Alimentación General","Conservas vegetales","Guisantes","ALIADA guisantes al natural medianos extra pack 3 latas 120 g neto escurrido"],"general_information":["Denominación del alimento: Guisantes","Nombre del operador: El Corte Inglés  S.A","Dirección del operador: C/Hermosilla, 112 -28009 Madrid (Madrid)","Cantidad Neta: 600 g","Peso neto escurrido: 360 g","Número de raciones por envase: 3"],"ingredients":[" Guisantes, agua, azúcar y sal"],"conservation":" Conservar en lugar fresco y seco. Una vez abierto mantener refrigerado un máximo de 2 días","ean":"8433329039765"},{"full_name":"BONDUELLE guisantes extra finos cocinados frasco 465 g neto escurrido","name":"guisantes extra finos cocinados frasco 465 g neto escurrido","brand":"BONDUELLE ","img":"https://sgfm.elcorteingles.es/SGFM/dctm/MEDIA02/CONTENIDOS/201408/20/00118024200083____1__600x600.jpg","price":"2,35 €","price_unit":"(5,05 € / Kilo)","categories":["Supermercado","Alimentación General","Conservas vegetales","Guisantes","BONDUELLE guisantes extra finos cocinados frasco 465 g neto escurrido"],"general_information":["Denominación del alimento: Guisante extrafino cocinado 720 P1","País de origen: Francia","Nombre del operador: Bonduelle Ibérica S.A.U.","Dirección del operador: Bonduelle Ibérica S.A.U.","Cantidad Neta: 660 g","Peso neto escurrido: 465 g"],"ingredients":[],"conservation":" Antes de abrir, conservar en lugar seco,resguardado de la luz y de fuertes variaciones de temperatura. Una vez abierto,  conservar refrigerado y consumir antes de 5 dias","ean":"8410375110372"},{"full_name":"BONDUELLE guisantes y zanahorias pack 3 lata 130 g neto escurrido","name":"guisantes y zanahorias pack 3 lata 130 g neto escurrido","brand":"BONDUELLE ","img":"https://sgfm.elcorteingles.es/SGFM/dctm/MEDIA02/CONTENIDOS/201512/10/00118024200497____1__600x600.jpg","price":"2,40 €","categories":["Supermercado","Alimentación General","Conservas vegetales","Guisantes","BONDUELLE guisantes y zanahorias pack 3 lata 130 g neto escurrido"],"general_information":["Denominación del alimento: Guisante y Zanahoria 212 P3","País de origen: Francia","Nombre del operador: Bonduelle Ibérica S.A.U.","Dirección del operador: Bonduelle Ibérica S.A.U.","Cantidad Neta: 600 g","Peso neto escurrido: 390 g"],"ingredients":[" ingredientes:Guisantes muy finos (50% mínimo), zanahorias (30% mínimo), agua, azúcar, sal, aroma natural."],"conservation":" Antes de abrir, conservar en lugar seco,resguardado de la luz y de fuertes variaciones de temperatura. Una vez abierto,  conservar refrigerado y consumir antes de 5 dias","ean":"8410375110938"},{"full_name":"BONDUELLE guisantes al natural muy finos pack 3 latas 120 g neto escurrido","name":"guisantes al natural muy finos pack 3 latas 120 g neto escurrido","brand":"BONDUELLE ","img":"https://sgfm.elcorteingles.es/SGFM/dctm/MEDIA02/CONTENIDOS/201408/20/00118024200075____1__600x600.jpg","price":"2,40 €","price_unit":"(6,67 € / Kilo)","categories":["Supermercado","Alimentación General","Conservas vegetales","Guisantes","BONDUELLE guisantes al natural muy finos pack 3 latas 120 g neto escurrido"],"general_information":["Denominación del alimento: Guisante muy fino al natural 212 P3","País de origen: Francia","Nombre del operador: Bonduelle Ibérica S.A.U.","Dirección del operador: Bonduelle Ibérica S.A.U.","Cantidad Neta: 600 g","Peso neto escurrido: 420 g"],"ingredients":[" ingredientes:Guisantes muy finos, agua, azúcar, sal, aroma natural."],"conservation":" Antes de abrir, conservar en lugar seco,resguardado de la luz y de fuertes variaciones de temperatura. Una vez abierto,  conservar refrigerado y consumir antes de 5 dias","ean":"8410375110549"},{"full_name":"BONDUELLE un toque de guisantes finos pack 3 lata 65 g neto escurrido","name":"un toque de guisantes finos pack 3 lata 65 g neto escurrido","brand":"BONDUELLE ","img":"https://sgfm.elcorteingles.es/SGFM/dctm/MEDIA03/201612/13/00118024200505____1__600x600.jpg","price":"1,55 €","categories":["Supermercado","Alimentación General","Conservas vegetales","Guisantes","BONDUELLE un toque de guisantes finos pack 3 lata 65 g neto escurrido"],"general_information":["Denominación del alimento: Guisantes dulces","País de origen: Hungr¡a","Nombre del operador: Bonduelle Ibérica S.A.U.","Dirección del operador: Bonduelle Ibérica S.A.U. C/ ISLA GRACIOSA Nº 1 28703 SAN SEBASTIÁN DE LOS REYES","Cantidad Neta: 195 g","Peso neto escurrido: 195 g"],"ingredients":[],"conservation":"Modo de empleo: No especificado","ean":"3083681070156"},{"full_name":"BONDUELLE guisantes al natural muy finos lata 280 g neto escurrido","name":"guisantes al natural muy finos lata 280 g neto escurrido","brand":"BONDUELLE ","img":"https://sgfm.elcorteingles.es/SGFM/00/06/7/0118024200067/0118024200067000g01011.jpg","price":"1,25 €","price_unit":"(4,46 € / Kilo)","categories":["Supermercado","Alimentación General","Conservas vegetales","Guisantes","BONDUELLE guisantes al natural muy finos lata 280 g neto escurrido"],"general_information":["Denominación del alimento: Guisante muy fino 425 P1","País de origen: Francia","Nombre del operador: Bonduelle Ibérica S.A.U.","Dirección del operador: Bonduelle Ibérica S.A.U.","Cantidad Neta: 400 g","Peso neto escurrido: 250 g"],"ingredients":[" ingredientes:Guisantes muy finos, agua, azúcar, sal, aroma natural."],"conservation":" Antes de abrir, conservar en lugar seco,resguardado de la luz y de fuertes variaciones de temperatura. Una vez abierto,  conservar refrigerado y consumir antes de 5 dias","ean":"8410375110389"},{"full_name":"BONDUELLE guisantes Star Wars pack 2 lata 280 g","name":"guisantes Star Wars pack 2 lata 280 g","brand":"BONDUELLE ","img":"https://sgfm.elcorteingles.es/SGFM/dctm/MEDIA03/201705/04/00118024200521____1__600x600.jpg","price":"1,65 €","price_unit":"(6,88 € / Kilo)","categories":["Supermercado","Alimentación General","Conservas vegetales","Guisantes","BONDUELLE guisantes Star Wars pack 2 lata 280 g"],"general_information":["Denominación del alimento: Guisantes finos al natural","País de origen: Francia","Nombre del operador: Bonduelle Ibérica S.A.U.","Dirección del operador: Bonduelle Ibérica S.A.U. C/ ISLA GRACIOSA Nº 1 28703 SAN SEBASTIÁN DE LOS REYES","Cantidad Neta: 280 g","Peso neto escurrido: 280 g"],"ingredients":[" Ingredientes: guisantes, agua, azúcar, sal, aroma natural."],"conservation":"Modo de empleo: No especificado","ean":"3083681067101"},{"full_name":"BONDUELLE Natur+ guisantes finos lata 260 g neto escurrido","name":"Natur+ guisantes finos lata 260 g neto escurrido","brand":"BONDUELLE ","img":"https://sgfm.elcorteingles.es/SGFM/00/35/6/0118024200356/0118024200356000g01011.jpg","price":"1,55 €","price_unit":"(5,96 € / Kilo)","categories":["Supermercado","Alimentación General","Conservas vegetales","Guisantes","BONDUELLE Natur+ guisantes finos lata 260 g neto escurrido"],"general_information":["Denominación del alimento: Guisante fino N+ 212 P2","País de origen: Francia","Nombre del operador: Bonduelle Ibérica S.A.U.","Dirección del operador: Bonduelle Ibérica S.A.U.","Cantidad Neta: 320 g","Peso neto escurrido: 280 g"],"ingredients":[" ingredientes:Guisantes, agua, azúcar, sal, aroma natural."],"conservation":" Antes de abrir, conservar en lugar seco,resguardado de la luz y de fuertes variaciones de temperatura. Una vez abierto,  conservar refrigerado y consumir antes de 5 dias","ean":"3083681012927"},{"full_name":"ROMBO D'ORO guisantes medianos lata 215 g neto escurrido","name":"guisantes medianos lata 215 g neto escurrido","brand":"ROMBO D'ORO ","img":"https://sgfm.elcorteingles.es/SGFM/00/09/1/0118024200091/0118024200091000g01011.jpg","price":"1,15 €","price_unit":"(5,35 € / Kilo)","categories":["Supermercado","Alimentación General","Conservas vegetales","Guisantes","ROMBO D'ORO guisantes medianos lata 215 g neto escurrido"],"general_information":[],"ingredients":[],"ean":"8411916085159"},{"full_name":"ROMBO D'ORO guisantes finos lata 95 g neto escurrido","name":"guisantes finos lata 95 g neto escurrido","brand":"ROMBO D'ORO ","img":"https://sgfm.elcorteingles.es/SGFM/00/10/9/0118024200109/0118024200109000g01011.jpg","price":"0,70 €","price_unit":"(7,37 € / Kilo)","categories":["Supermercado","Alimentación General","Conservas vegetales","Guisantes","ROMBO D'ORO guisantes finos lata 95 g neto escurrido"],"general_information":[],"ingredients":[],"ean":"8411916085050"},{"full_name":"CASSEGRAIN guisantes al natural extrafinos lata 280 g neto escurrido","name":"guisantes al natural extrafinos lata 280 g neto escurrido","brand":"CASSEGRAIN ","img":"https://sgfm.elcorteingles.es/SGFM/00/37/2/0118024200372/0118024200372000g01011.jpg","price":"2,25 €","price_unit":"(8,04 € / Kilo)","categories":["Supermercado","Alimentación General","Conservas vegetales","Guisantes","CASSEGRAIN guisantes al natural extrafinos lata 280 g neto escurrido"],"general_information":["Denominación del alimento: guisantes","Nombre del operador: Bolton Cile España","Dirección del operador: C\\ Ombú nº 3 28045 Madrid, España","Cantidad Neta: 400 g"],"ingredients":[" Guisantes extrafinos, agua, azúcar, sal, aroma natural"],"ean":"3083680041447"},{"full_name":"CASSEGRAIN guisantes extrafinos cocinados lata 280 g neto escurrido","name":"guisantes extrafinos cocinados lata 280 g neto escurrido","brand":"CASSEGRAIN ","img":"https://sgfm.elcorteingles.es/SGFM/00/05/9/0118024200059/0118024200059000g01011.jpg","price":"2,95 €","price_unit":"(10,54 € / Kilo)","categories":["Supermercado","Alimentación General","Conservas vegetales","Guisantes","CASSEGRAIN guisantes extrafinos cocinados lata 280 g neto escurrido"],"general_information":["Denominación del alimento: Guisantes","Nombre del operador: Bolton Cile España","Dirección del operador: C\\ Ombú nº 3 28045 Madrid, España","Cantidad Neta: 400 g"],"ingredients":[" Guisantes cocinados extrafinos, agua, azúcar, sal, aroma natural"],"ean":"3083680082150"},{"full_name":"CASSEGRAIN guisantes y zanahorias muy finos al natural lata 265 g neto escurrido","name":"guisantes y zanahorias muy finos al natural lata 265 g neto escurrido","brand":"CASSEGRAIN ","img":"https://sgfm.elcorteingles.es/SGFM/00/36/4/0118024200364/0118024200364000g01011.jpg","price":"2,75 €","price_unit":"(10,38 € / Kilo)","categories":["Supermercado","Alimentación General","Conservas vegetales","Guisantes","CASSEGRAIN guisantes y zanahorias muy finos al natural lata 265 g neto escurrido"],"general_information":["Denominación del alimento: guisantes y zanahorias","Nombre del operador: Bolton Cile España","Dirección del operador: C\\ Ombú nº 3 28045 Madrid, España","Cantidad Neta: 400 g"],"ingredients":[" Guisantes extrafinos (50%), zanahorias (30%), agua, azúcar, sal"],"ean":"3083680040976"},{"full_name":"HERO guisantes finos lata 185 g neto escurrido","name":"guisantes finos lata 185 g neto escurrido","brand":"HERO ","img":"https://sgfm.elcorteingles.es/SGFM/00/38/0/0118024200380/0118024200380000g01011.jpg","price":"0,65 €","price_unit":"(3,51 € / Kilo)","categories":["Supermercado","Alimentación General","Conservas vegetales","Guisantes","HERO guisantes finos lata 185 g neto escurrido"],"general_information":["Denominación del alimento: Guisantes","País de origen: España","Nombre del operador: Hero España, S.A.","Dirección del operador: Avda. Murcia, 1 30820 Alcantarilla, Murcia","Cantidad Neta: 185 g"],"ingredients":[" Guisantes, agua, azúcar y sal."],"conservation":" Conservar en lugar fresco y seco","ean":"8410175070319"},{"full_name":"PEDRO LUIS guisantes ecológicos muy finos frasco 210 g neto escurrido","name":"guisantes ecológicos muy finos frasco 210 g neto escurrido","brand":"PEDRO LUIS ","img":"https://sgfm.elcorteingles.es/SGFM/dctm/MEDIA02/CONTENIDOS/201503/27/00118024400055____2__600x600.jpg","price":"2,29 €","price_unit":"(10,90 € / Kilo)","categories":["Supermercado","Alimentación General","Conservas vegetales","Guisantes","PEDRO LUIS guisantes ecológicos muy finos frasco 210 g neto escurrido"],"general_information":["Denominación del alimento: Guisantes","Nombre del operador: Conservas Pedro Luís, S.L.","Dirección del operador: Pol.Industrial El Ramal, C/ Del Ramal 19 -31580- Lodosa (Navarra)","Cantidad Neta: 345,0 g","Peso neto escurrido: 230,0 g","Otras menciones obligatorias en la etiqueta: Procedente de la agricultura ecológica. ES-ECO-025-NA. Agricultura de España."],"ingredients":[" Guisantes procedentes de la agricultura ecológica, agua y sal."],"conservation":" Conservar en lugar fresco y seco. Una vez abierto conservar en el frigorífico y consumir antes de 5 días.","ean":"8425205012276"},{"full_name":"HORTICOALBA guisantes al natural 100% ecológicos pack 3 lata 120 g neto escurrido","name":"guisantes al natural 100% ecológicos pack 3 lata 120 g neto escurrido","brand":"HORTICOALBA ","img":"https://sgfm.elcorteingles.es/SGFM//00/04/8/0118024400048/0118024400048000g01011.jpg","price":"2,39 €","price_unit":"(6,64 € / Kilo)","categories":["Supermercado","Alimentación General","Conservas vegetales","Guisantes","HORTICOALBA guisantes al natural 100% ecológicos pack 3 lata 120 g neto escurrido"],"general_information":["Denominación del alimento: Guisante Natural Bio","Nombre del operador: HORTICOLA ALBACETE, S.A.","Dirección del operador: C/ Autovía nº42 CP 02007 Pol. Industrial Campollano, Albacete","Cantidad Neta: 636 Mililitros","Peso neto escurrido: 360 g"],"ingredients":[" Guisantes ecológicos y agua."],"ean":"8430597001098"},{"full_name":"BONDUELLE guisantes cocinados extrafinos ecológicos lata 280 g","name":"guisantes cocinados extrafinos ecológicos lata 280 g","brand":"BONDUELLE ","img":"https://sgfm.elcorteingles.es/SGFM/dctm/MEDIA03/201604/06/00200124400060____1__600x600.jpg","price":"2,10 €","price_unit":"(7,50 € / Kilo)","categories":["Supermercado","Alimentación General","Conservas vegetales","Guisantes","BONDUELLE guisantes cocinados extrafinos ecológicos lata 280 g"],"general_information":["Denominación del alimento: Guisante extrafino BIO 425 P1","País de origen: Francia","Nombre del operador: Bonduelle Ibérica S.A.U.","Dirección del operador: Bonduelle Ibérica S.A.U.","Cantidad Neta: 400 g","Peso neto escurrido: 280 g"],"ingredients":[" ingredientes:Guisantes* (Agricultura UE), agua, azúcar de caña (Agricultura no UE)*, sal. *Procedente de la agricultura ecológica."],"conservation":" Antes de abrir, conservar en lugar seco,resguardado de la luz y de fuertes variaciones de temperatura. Una vez abierto,  conservar refrigerado y consumir antes de 5 dias","ean":"3083681013832"},{"full_name":"CIDACOS guisantes al natural primera lata 95 g neto escurrido","name":"guisantes al natural primera lata 95 g neto escurrido","brand":"CIDACOS ","img":"https://sgfm.elcorteingles.es/SGFM/00/24/0/0118024200240/0118024200240000g01011.jpg","price":"0,65 €","price_unit":"(6,84 € / Kilo)","categories":["Supermercado","Alimentación General","Conservas vegetales","Guisantes","CIDACOS guisantes al natural primera lata 95 g neto escurrido"],"general_information":["Denominación del alimento: Guisantes","Nombre del operador: Conservas el Cidacos S.A.","Dirección del operador: Crta. De Calahorra km. 1 26560 Autol (La Rioja)","Lugar de procedencia del alimento: DO España","Cantidad Neta: 150,0 g","Peso neto escurrido: 95,0 g"],"ingredients":[" Guisantes, agua, azucar y sal."],"conservation":" Mantener en lugar fresco y seco.","ean":"8410313242608"},{"full_name":"IBSA Bio guisantes muy finos extra ecológicos frasco 140 g neto escurrido","name":"Bio guisantes muy finos extra ecológicos frasco 140 g neto escurrido","brand":"IBSA ","img":"https://sgfm.elcorteingles.es/SGFM/00/03/0/0118024400030/0118024400030000g01011.jpg","price":"1,60 €","price_unit":"(11,43 € / Kilo)","categories":["Supermercado","Alimentación General","Conservas vegetales","Guisantes","IBSA Bio guisantes muy finos extra ecológicos frasco 140 g neto escurrido"],"general_information":["Denominación del alimento: GUISANTES ECOLÓGICOS ?IBSABIO?","Nombre del operador: INDUSTRIAS DEL BIERZO S.A.","Dirección del operador: C/ San Roque s/n Carracedelo, 24549","Cantidad Neta: 230 g"],"ingredients":[" Guisantes*, agua, sal y ácido ascórbico. (*procedente de agricultura ecológica)"],"ean":"8412464033128"},{"full_name":"CIDACOS guisantes al natural primera pack 3 latas 95 g neto escurrido","name":"guisantes al natural primera pack 3 latas 95 g neto escurrido","brand":"CIDACOS ","img":"https://sgfm.elcorteingles.es/SGFM/dctm/MEDIA02/CONTENIDOS/201412/10/00200124200015____2__600x600.jpg","price":"1,79 €","price_unit":"(6,28 € / Kilo)","categories":["Supermercado","Alimentación General","Conservas vegetales","Guisantes","CIDACOS guisantes al natural primera pack 3 latas 95 g neto escurrido"],"general_information":["Denominación del alimento: Guisantes","Nombre del operador: Conservas el Cidacos S.A.","Dirección del operador: Crta. De Calahorra km. 1 26560 Autol (La Rioja)","Lugar de procedencia del alimento: DO España","Cantidad Neta: 450,0 g","Peso neto escurrido: 285,0 g"],"ingredients":[" Guisantes, agua, azucar y sal."],"conservation":" Mantener en lugar fresco y seco.","ean":"8410313242639"},{"full_name":"EL CORTE INGLES judías verdes planas cortadas extra frasco 350 g neto escurrido","name":"judías verdes planas cortadas extra frasco 350 g neto escurrido","brand":"EL CORTE INGLES ","img":"https://sgfm.elcorteingles.es/SGFM/dctm/MEDIA03/201608/29/00118042100273____2__600x600.jpg","price":"1,85 €","price_unit":"(5,29 € / Kilo)","categories":["Supermercado","Alimentación General","Conservas vegetales","Judías verdes","EL CORTE INGLES judías verdes planas cortadas extra frasco 350 g neto escurrido"],"general_information":["Denominación del alimento: Judias verdes cortadas en trozos medianos Extra","País de origen: España","Nombre del operador: RIBEREBRO INTEGRAL, SAU","Dirección del operador: Poligono Industrial La Llanada - 26540 Alfaro La Rioja","Cantidad Neta: 660 g","Peso neto escurrido: 350 g","Número de raciones por envase: 1"],"ingredients":[" Judía verde, agua, sal y antioxidante: ácido ascórbico"],"conservation":" Una vez abierto el tarro conservar en el frigorífico","ean":"8410514117910"},{"full_name":"EL CORTE INGLES judías verdes redondas cortadas extra frasco 350 g neto escurrido","name":"judías verdes redondas cortadas extra frasco 350 g neto escurrido","brand":"EL CORTE INGLES ","img":"https://sgfm.elcorteingles.es/SGFM/dctm/MEDIA03/201608/26/00118042100380____2__600x600.jpg","price":"1,89 €","price_unit":"(5,40 € / Kilo)","categories":["Supermercado","Alimentación General","Conservas vegetales","Judías verdes","EL CORTE INGLES judías verdes redondas cortadas extra frasco 350 g neto escurrido"],"general_information":["Denominación del alimento: Judía verdes redondas calibre muy finas extra cortadas en trozos medianos.","Nombre del operador: Elaborado y distribuido para El Corte Ingles \npor\n Grupo Riberebro \nPolígono Industrial La Llanada\n 26540 Alfaro (La Rioja) España","Cantidad Neta: 660 g","Peso neto escurrido: 350 g"],"ingredients":[" Ingredientes: Judías verdes (Phaseolus vulgaris L) , agua, sal y antioxidante: ácido ascórbico."],"conservation":" Conservar en ambiente fresco y seco. Una vez abierto, conservar en frigorífico y consumir antes de 3 días.","ean":"8433329043663"},{"full_name":"ALIADA judías verdes anchas extra cortadas en trozos medianos frasco 360 g neto escurrido","name":"judías verdes anchas extra cortadas en trozos medianos frasco 360 g neto escurrido","brand":"ALIADA ","img":"https://sgfm.elcorteingles.es/SGFM/00/36/4/0118042100364/0118042100364000g01011.jpg","price":"0,97 €","price_unit":"(2,69 € / Kilo)","categories":["Supermercado","Alimentación General","Conservas vegetales","Judías verdes","ALIADA judías verdes anchas extra cortadas en trozos medianos frasco 360 g neto escurrido"],"general_information":["Denominación del alimento: Judías verdes","Nombre del operador: El Corte Inglés  S.A","Dirección del operador: C/Hermosilla, 112 -28009 Madrid (Madrid)","Cantidad Neta: 660 g","Peso neto escurrido: 360 g"],"ingredients":[" Judías verdes, agua, sal y acidulante: ácido cítrico"],"conservation":" Conservar en lugar fresco y seco. Una vez abierto, guardar refrigerado con el líquido de gobierno y consumir antes de una semana","ean":"8433329039789"},{"full_name":"ALIADA judias verdes finas extra cortadas en trozos medianos frasco 360 g neto escurrido","name":"judias verdes finas extra cortadas en trozos medianos frasco 360 g neto escurrido","brand":"ALIADA ","img":"https://sgfm.elcorteingles.es/SGFM/00/37/2/0118042100372/0118042100372000g01011.jpg","price":"0,97 €","price_unit":"(2,69 € / Kilo)","categories":["Supermercado","Alimentación General","Conservas vegetales","Judías verdes","ALIADA judias verdes finas extra cortadas en trozos medianos frasco 360 g neto escurrido"],"general_information":["Denominación del alimento: Judías verdes","Nombre del operador: El Corte Inglés  S.A","Dirección del operador: C/Hermosilla, 112 -28009 Madrid (Madrid)","Cantidad Neta: 660 g","Peso neto escurrido: 360 g"],"ingredients":[" Judías verdes, agua, sal y acidulante: ácido cítrico"],"conservation":" Conservar en lugar fresco y seco. Una vez abierto, guardar refrigerado con el líquido de gobierno y consumir antes de una semana","ean":"8433329039796"},{"full_name":"GVTARRA judías verdes planas extra cortadas en trozos frasco 350 g neto escurrido","name":"judías verdes planas extra cortadas en trozos frasco 350 g neto escurrido","brand":"GVTARRA ","img":"https://sgfm.elcorteingles.es/SGFM/dctm/MEDIA03/201612/12/00118042100075____3__600x600.jpg","price":"2,25 €","price_unit":"(6,43 € / Kilo)","categories":["Supermercado","Alimentación General","Conservas vegetales","Judías verdes","GVTARRA judías verdes planas extra cortadas en trozos frasco 350 g neto escurrido"],"general_information":["Denominación del alimento: Judias verdes cortadas en trozos Calidad Extra","País de origen: España","Nombre del operador: RIBEREBRO INTEGRAL, SAU","Dirección del operador: Poligono Industrial La Llanada - 26540 Alfaro La Rioja","Cantidad Neta: 660 g","Peso neto escurrido: 350 g","Número de raciones por envase: 1"],"ingredients":[" Judía verde, agua, sal, antioxidante: ácido ascórbico"],"conservation":" Una vez abierto el tarro conservar en el frigorífico","ean":"8410514117101"},{"full_name":"GVTARRA judías verdes cortadas en tiras frasco 350 g neto escurrido","name":"judías verdes cortadas en tiras frasco 350 g neto escurrido","brand":"GVTARRA ","img":"https://sgfm.elcorteingles.es/SGFM/dctm/MEDIA03/201612/12/00118042100083____2__600x600.jpg","price":"2,25 €","price_unit":"(6,43 € / Kilo)","categories":["Supermercado","Alimentación General","Conservas vegetales","Judías verdes","GVTARRA judías verdes cortadas en tiras frasco 350 g neto escurrido"],"general_information":["Denominación del alimento: Judia verde tiras primera","País de origen: España","Nombre del operador: RIBEREBRO INTEGRAL, SAU","Dirección del operador: Poligono Industrial La Llanada - 26540 Alfaro La Rioja","Cantidad Neta: 660 g","Peso neto escurrido: 350 g","Número de raciones por envase: 1"],"ingredients":[" Judía verde, agua, sal, antioxidante: ácido ascórbico"],"conservation":" Almacenar en ambiente fresco y seco, una vez abierto mantener refrigerado y consumir antes del tercer día de su apertura","ean":"8410514117118"},{"full_name":"GVTARRA judías verdes en trozos planas sin sal frasco 300 g neto escurrido","name":"judías verdes en trozos planas sin sal frasco 300 g neto escurrido","brand":"GVTARRA ","img":"https://sgfm.elcorteingles.es/SGFM/00/09/1/0118042100091/0118042100091000g01011.jpg","price":"2,25 €","price_unit":"(7,50 € / Kilo)","categories":["Supermercado","Alimentación General","Conservas vegetales","Judías verdes","GVTARRA judías verdes en trozos planas sin sal frasco 300 g neto escurrido"],"general_information":["Denominación del alimento: Judias verdes trpzps sin sal","País de origen: España","Nombre del operador: RIBEREBRO INTEGRAL, SAU","Dirección del operador: Poligono Industrial La Llanada - 26540 Alfaro La Rioja","Cantidad Neta: 535 g","Peso neto escurrido: 300 g","Número de raciones por envase: 1"],"ingredients":[" Judía verde, agua y antioxidante: ácido ascórbico."],"conservation":" Una vez abierto el tarro conservar en el frigorífico","ean":"8410514117873"},{"full_name":"GVTARRA judías verdes redondas extra cortadas en trozos medianos frasco 350 g neto escurrido","name":"judías verdes redondas extra cortadas en trozos medianos frasco 350 g neto escurrido","brand":"GVTARRA ","img":"https://sgfm.elcorteingles.es/SGFM/dctm/MEDIA03/201612/12/00118042100349____1__600x600.jpg","price":"2,25 €","price_unit":"(6,43 € / Kilo)","categories":["Supermercado","Alimentación General","Conservas vegetales","Judías verdes","GVTARRA judías verdes redondas extra cortadas en trozos medianos frasco 350 g neto escurrido"],"general_information":["Denominación del alimento: Judias verdes redondas muy finas Extra cortadas en trozos medianos","País de origen: España","Nombre del operador: RIBEREBRO INTEGRAL, SAU","Dirección del operador: Poligono Industrial La Llanada - 26540 Alfaro La Rioja","Cantidad Neta: 660 g","Peso neto escurrido: 350 g","Número de raciones por envase: 1"],"ingredients":[" Judias verdes, agua, sal, antioxidante: ácido ascórbico"],"conservation":" Una vez abierto el tarro conservar en el frigorífico","ean":"8435307401342"},{"full_name":"BONDUELLE judías verdes finas troceadas frasco 360 g neto escurrido","name":"judías verdes finas troceadas frasco 360 g neto escurrido","brand":"BONDUELLE ","img":"https://sgfm.elcorteingles.es/SGFM/dctm/MEDIA02/CONTENIDOS/201408/20/00118042100042____1__600x600.jpg","price":"2,15 €","price_unit":"(5,97 € / Kilo)","categories":["Supermercado","Alimentación General","Conservas vegetales","Judías verdes","BONDUELLE judías verdes finas troceadas frasco 360 g neto escurrido"],"general_information":["Denominación del alimento: Judia Verde fina troceada 720 P1","País de origen: Francia","Nombre del operador: Bonduelle Ibérica S.A.U.","Dirección del operador: Bonduelle Ibérica S.A.U. C/ ISLA GRACIOSA Nº 3 28703 SAN SEBASTIÁN DE LOS REYES","Cantidad Neta: 660 g","Peso neto escurrido: 360 g"],"ingredients":[],"conservation":" Antes de abrir, conservar en lugar seco,resguardado de la luz y de fuertes variaciones de temperatura. Una vez abierto,  conservar refrigerado y consumir antes de 5 dias","ean":"8410375110365"},{"full_name":"BONDUELLE judias verdes troceadas finas y sin hebras pack 3 lata 110 g neto escurrido","name":"judias verdes troceadas finas y sin hebras pack 3 lata 110 g neto escurrido","brand":"BONDUELLE ","img":"https://sgfm.elcorteingles.es/SGFM/dctm/MEDIA02/CONTENIDOS/201507/30/00118042100406____1__600x600.jpg","price":"2,40 €","price_unit":"(7,27 € / Kilo)","categories":["Supermercado","Alimentación General","Conservas vegetales","Judías verdes","BONDUELLE judias verdes troceadas finas y sin hebras pack 3 lata 110 g neto escurrido"],"general_information":["Denominación del alimento: Judia Verde fina troceada 212 P3","País de origen: Francia","Nombre del operador: Bonduelle Ibérica S.A.U.","Dirección del operador: Bonduelle Ibérica S.A.U.","Cantidad Neta: 600 g","Peso neto escurrido: 330 g"],"ingredients":[],"conservation":" Antes de abrir, conservar en lugar seco,resguardado de la luz y de fuertes variaciones de temperatura. Una vez abierto,  conservar refrigerado y consumir antes de 5 dias","ean":"8410375110853"},{"full_name":"BONDUELLE Natur judías verdes muy finas troceadas lata 225 g neto escurrido","name":"Natur judías verdes muy finas troceadas lata 225 g neto escurrido","brand":"BONDUELLE ","img":"https://sgfm.elcorteingles.es/SGFM/00/31/5/0118042100315/0118042100315000g01011.jpg","price":"1,25 €","price_unit":"(5,56 € / Kilo)","categories":["Supermercado","Alimentación General","Conservas vegetales","Judías verdes","BONDUELLE Natur judías verdes muy finas troceadas lata 225 g neto escurrido"],"general_information":["Denominación del alimento: Judia Verde muy fina troceada N+ 425 P1","País de origen: Francia","Nombre del operador: Bonduelle Ibérica S.A.U.","Dirección del operador: Bonduelle Ibérica S.A.U.","Cantidad Neta: 300 g","Peso neto escurrido: 225 g"],"ingredients":[" ingredientes:Júdias verdes finas troceadas, agua, sal, antioxydante: ácido ascórbico."],"conservation":" Antes de abrir, conservar en lugar seco,resguardado de la luz y de fuertes variaciones de temperatura. Una vez abierto,  conservar refrigerado y consumir antes de 5 dias","ean":"3083681009941"},{"full_name":"PEDRO LUIS judías verdes planas ecológicas frasco 360 g neto escurrido","name":"judías verdes planas ecológicas frasco 360 g neto escurrido","brand":"PEDRO LUIS ","img":"https://sgfm.elcorteingles.es/SGFM/dctm/MEDIA02/CONTENIDOS/201503/27/00118042300022____1__600x600.jpg","price":"2,75 €","price_unit":"(7,64 € / Kilo)","categories":["Supermercado","Alimentación General","Conservas vegetales","Judías verdes","PEDRO LUIS judías verdes planas ecológicas frasco 360 g neto escurrido"],"general_information":["Denominación del alimento: Judías verdes de agricultura ecológica, cortadas, al natural, Extra","Nombre del operador: Conservas Pedro Luís, S.L.","Dirección del operador: Pol.Industrial El Ramal, C/Del Ramal 19 -31580- Lodosa (Navarra)","Cantidad Neta: 660 g","Peso neto escurrido: 360 g"],"ingredients":[" Judías verdes*, agua y sal marina. *Procedente de la agricultura ecológica"],"conservation":" Conservar en lugar fresco y seco protegido de la luz. Una vez abierto conservar en el frigoríficoy consumir en 3 días.","ean":"8425205011323"},{"full_name":"EL FARO judías verdes extra finas redondas frasco 180 g neto escurrido","name":"judías verdes extra finas redondas frasco 180 g neto escurrido","brand":"EL FARO ","img":"https://sgfm.elcorteingles.es/SGFM/dctm/MEDIA02/CONTENIDOS/201411/19/00118042100067____1__600x600.jpg","price":"2,59 €","price_unit":"(14,39 € / Kilo)","categories":["Supermercado","Alimentación General","Conservas vegetales","Judías verdes","EL FARO judías verdes extra finas redondas frasco 180 g neto escurrido"],"general_information":[],"ingredients":[],"ean":"8410813211272"},{"full_name":"ALSUR judías verdes anchas frasco 360 g neto escurrido","name":"judías verdes anchas frasco 360 g neto escurrido","brand":"ALSUR ","img":"https://sgfm.elcorteingles.es/SGFM/00/03/4/0118042100034/0118042100034000g01011.jpg","price":"1,10 €","price_unit":"(3,06 € / Kilo)","categories":["Supermercado","Alimentación General","Conservas vegetales","Judías verdes","ALSUR judías verdes anchas frasco 360 g neto escurrido"],"general_information":["Denominación del alimento: Judías verdes anchas","País de origen: España","Nombre del operador: Sola de Antequera S.A.","Dirección del operador: Ctra. Córdoba-Málaga km 520 29200 Antequera (Málaga)","Cantidad Neta: 660 g","Peso neto escurrido: 360 g"],"ingredients":[" Judías verdes, Agua, Sal y Acidulante: Ácido Cítrico."],"conservation":" Conservar en un lugar fresco, seco y protegido del sol.","ean":"8420309302667"},{"full_name":"ALSUR judías verdes finas frasco 360 g neto escurrido","name":"judías verdes finas frasco 360 g neto escurrido","brand":"ALSUR ","img":"https://sgfm.elcorteingles.es/SGFM/00/01/8/0118042100018/0118042100018000g01011.jpg","price":"1,10 €","price_unit":"(3,06 € / Kilo)","categories":["Supermercado","Alimentación General","Conservas vegetales","Judías verdes","ALSUR judías verdes finas frasco 360 g neto escurrido"],"general_information":["Denominación del alimento: Judías verdes finas","País de origen: España","Nombre del operador: Sola de Antequera S.A.","Dirección del operador: Ctra. Córdoba-Málaga km 520 29200 Antequera (Málaga)","Cantidad Neta: 660 g","Peso neto escurrido: 360 g"],"ingredients":[" Judías verdes, Agua, Sal y Acidulante: Ácido Cítrico."],"conservation":" Conservar en un lugar fresco, seco y protegido del sol.","ean":"8420309030041"},{"full_name":"BONDUELLE judías verdes extrafinas frasco 280 g neto escurrido","name":"judías verdes extrafinas frasco 280 g neto escurrido","brand":"BONDUELLE ","img":"https://sgfm.elcorteingles.es/SGFM/dctm/MEDIA03/201607/27/00118042100059____1__600x600.jpg","price":"3,25 €","price_unit":"(9,03 € / Kilo)","categories":["Supermercado","Alimentación General","Conservas vegetales","Judías verdes","BONDUELLE judías verdes extrafinas frasco 280 g neto escurrido"],"general_information":[],"ingredients":[],"ean":"8410375110327"},{"full_name":"HELIOS judías verdes planas frasco 360 g neto escurrido","name":"judías verdes planas frasco 360 g neto escurrido","brand":"HELIOS ","img":"https://sgfm.elcorteingles.es/SGFM//00/01/5/0200142100015/0200142100015000g01011.jpg","price":"2,79 €","price_unit":"(7,75 € / Kilo)","categories":["Supermercado","Alimentación General","Conservas vegetales","Judías verdes","HELIOS judías verdes planas frasco 360 g neto escurrido"],"general_information":["Denominación del alimento: Judias verdes en trozos","Nombre del operador: DULCES Y CONSERVAS HELIOS S.A.","Dirección del operador: Carretera de Salamanca, nº44, 47195 Arroyo de la Encomienda","Cantidad Neta: 660 g","Peso neto escurrido: 360 g"],"ingredients":[" Judías verdes, agua, sal, acidulante: ácido cítrico."],"conservation":" Conservese en lugar fresco y seco. Una vez abierto conservesé en el frigorifico","ean":"8410095007402"},{"full_name":"AMALUR judías verdes Princesa cortadas ecológicas frasco 185 g neto escurrido","name":"judías verdes Princesa cortadas ecológicas frasco 185 g neto escurrido","brand":"AMALUR ","img":"https://sgfm.elcorteingles.es/SGFM/00/03/7/0200142300037/0200142300037000g01011.jpg","price":"1,65 €","price_unit":"(8,92 € / Kilo)","categories":["Supermercado","Alimentación General","Conservas vegetales","Judías verdes","AMALUR judías verdes Princesa cortadas ecológicas frasco 185 g neto escurrido"],"general_information":["Denominación del alimento: Judías princesa cortadas Bio","País de origen: España","Nombre del operador: JESÚS NAVARRO, S.A.","Dirección del operador: C/ISAAC PERAL, 46 03660 NOVELDA (ALICANTE)","Cantidad Neta: 340 g","Peso neto escurrido: 185 g"],"ingredients":[" Judías verdes*, agua y sal marina.*producto procedente de agricultura ecológica"],"ean":"8412422016064"},{"full_name":"HELIOS Torti-ya preparado para tortilla de patata con cebolla frasco 390 g neto escurrido","name":"Torti-ya preparado para tortilla de patata con cebolla frasco 390 g neto escurrido","brand":"HELIOS ","img":"https://sgfm.elcorteingles.es/SGFM/dctm/MEDIA03/201606/22/00118029902519____1__600x600.jpg","price":"3,70 €","price_unit":"(9,49 € / Kilo)","categories":["Supermercado","Alimentación General","Platos preparados","Tortillas","HELIOS Torti-ya preparado para tortilla de patata con cebolla frasco 390 g neto escurrido"],"general_information":["Denominación del alimento: Preparado para tortilla de patata con cebolla","Nombre del operador: DULCES Y CONSERVAS HELIOS S.A.","Dirección del operador: Carretera de Salamanca, nº44, 47195 Arroyo de la Encomienda","Cantidad Neta: 550 g","Peso neto escurrido: 390 g"],"ingredients":[" Patata*, cebolla, aceite de girasol, aceite de oliva, sal * contiene sulfitos"],"conservation":" Conservese en lugar fresco y seco. Una vez abierto conservesé en el frigorifico","ean":"8410095506127"},{"full_name":"EL CORTE INGLES champiñon laminado extra lata 180 g neto escurrido","name":"champiñon laminado extra lata 180 g neto escurrido","brand":"EL CORTE INGLES ","img":"https://sgfm.elcorteingles.es/SGFM/dctm/MEDIA03/201609/01/00118022300026____3__600x600.jpg","price":"1,25 €","price_unit":"(6,76 € / Kilo)","categories":["Supermercado","Alimentación General","Conservas vegetales","Champiñón","EL CORTE INGLES champiñon laminado extra lata 180 g neto escurrido"],"general_information":["Denominación del alimento: Champiñón laminado cultivado (Agaricus bisporus). Extra.","Nombre del operador: Elaborado y distribuido para El Corte Ingles \npor\n Grupo Riberebro \nPolígono Industrial La Llanada\n 26540 Alfaro (La Rioja) España","Lugar de procedencia del alimento: Cultivado en España","Cantidad Neta: 355 g","Peso neto escurrido: 185 g"],"ingredients":[" Ingredientes: Champiñones (Agaricus bisporus),  agua,  sal y corrector de acidez: ácido cítrico"],"conservation":" Mantener en lugar fresco y seco. Una vez abierto el envase, consérvese dentro de su propio jugo en el frigorífico en otro recipiente no metálico","ean":"8433329084239"},{"full_name":"EL CORTE INGLES champiñón laminado extra lata 85 g neto escurrido","name":"champiñón laminado extra lata 85 g neto escurrido","brand":"EL CORTE INGLES ","img":"https://sgfm.elcorteingles.es/SGFM/dctm/MEDIA03/201602/11/00118022300018____1__600x600.jpg","price":"0,69 €","price_unit":"(6,57 € / Kilo)","categories":["Supermercado","Alimentación General","Conservas vegetales","Champiñón","EL CORTE INGLES champiñón laminado extra lata 85 g neto escurrido"],"general_information":["Denominación del alimento: Champiñón laminado cultivado (Agaricus bisporus). Extra..","Nombre del operador: Elaborado y distribuido para El Corte Ingles \npor\n Grupo Riberebro \nPolígono Industrial La Llanada\n 26540 Alfaro (La Rioja) España","Lugar de procedencia del alimento: Cultivado en España","Cantidad Neta: 185 g","Peso neto escurrido: 105 g"],"ingredients":[" Ingredientes: Champiñones (Agaricus bisporus),  agua,  sal y corrector de acidez: ácido cítrico"],"conservation":" Mantener en lugar fresco y seco. Una vez abierto el envase, consérvese dentro de su propio jugo en el frigorífico en otro recipiente no metálico","ean":"8433329084222"},{"full_name":"EL CORTE INGLES champiñon entero lata 185 g neto escurrido","name":"champiñon entero lata 185 g neto escurrido","brand":"EL CORTE INGLES ","img":"https://sgfm.elcorteingles.es/SGFM/dctm/MEDIA03/201602/11/00118022300042____1__600x600.jpg","price":"1,65 €","price_unit":"(9,17 € / Kilo)","categories":["Supermercado","Alimentación General","Conservas vegetales","Champiñón","EL CORTE INGLES champiñon entero lata 185 g neto escurrido"],"general_information":["Denominación del alimento: Champiñón entero cultivado (Agaricus bisporus). Primera. Calibre medio.","Nombre del operador: Elaborado y distribuido para El Corte Ingles \npor\n Grupo Riberebro \nPolígono Industrial La Llanada\n 26540 Alfaro (La Rioja) España","Lugar de procedencia del alimento: Cultivado en España","Cantidad Neta: 355 g","Peso neto escurrido: 185 g"],"ingredients":[" Ingredientes: Champiñones (Agaricus bisporus),  agua,  sal y corrector de acidez: ácido cítrico"],"conservation":" Mantener en lugar fresco y seco. Una vez abierto el envase, consérvese dentro de su propio jugo en el frigorífico en otro recipiente no metálico","ean":"8433329084215"},{"full_name":"EL CORTE INGLES champiñón entero al natural lata 105 g neto escurrido","name":"champiñón entero al natural lata 105 g neto escurrido","brand":"EL CORTE INGLES ","img":"https://sgfm.elcorteingles.es/SGFM/dctm/MEDIA03/201602/11/00118022300034____1__600x600.jpg","price":"0,85 €","price_unit":"(10 € / Kilo)","categories":["Supermercado","Alimentación General","Conservas vegetales","Champiñón","EL CORTE INGLES champiñón entero al natural lata 105 g neto escurrido"],"general_information":["Denominación del alimento: Champiñón entero cultivado (Agaricus bisporus). Primera. Calibre medio.","Nombre del operador: Elaborado y distribuido para El Corte Ingles \npor\n Grupo Riberebro \nPolígono Industrial La Llanada\n 26540 Alfaro (La Rioja) España","Lugar de procedencia del alimento: Cultivado en España","Cantidad Neta: 185 g","Peso neto escurrido: 105 g"],"ingredients":[" Ingredientes: Champiñones (Agaricus bisporus),  agua,  sal y corrector de acidez: ácido cítrico"],"conservation":" Mantener en lugar fresco y seco. Una vez abierto el envase, consérvese dentro de su propio jugo en el frigorífico en otro recipiente no metálico","ean":"8433329084208"},{"full_name":"EL CORTE INGLES champiñón laminado pack 3 latas 105 g neto escurrido","name":"champiñón laminado pack 3 latas 105 g neto escurrido","brand":"EL CORTE INGLES ","img":"https://sgfm.elcorteingles.es/SGFM/dctm/MEDIA03/201609/22/00118022300703____3__600x600.jpg","price":"1,79 €","price_unit":"(5,68 € / Kilo)","categories":["Supermercado","Alimentación General","Conservas vegetales","Champiñón","EL CORTE INGLES champiñón laminado pack 3 latas 105 g neto escurrido"],"general_information":["Denominación del alimento: Champiñón laminado \"Agaricus bisporus (cultivado)\". Calidad primera","Nombre del operador: Elaborado y distribuido para El Corte Ingles \npor\n Grupo Riberebro \nPolígono Industrial La Llanada\n 26540 Alfaro (La Rioja) España","Lugar de procedencia del alimento: Cultivado en España","Cantidad Neta: 185 g","Peso neto escurrido: 105 g","Número de raciones por envase: 1"],"ingredients":[" Ingredientes: Champiñones (Agaricus bisporus),  agua,  sal y corrector de acidez: ácido cítrico"],"conservation":" Mantener en lugar fresco y seco. Una vez abierto el envase, consérvese dentro de su propio jugo en el frigorífico en otro recipiente no metálico","ean":"8433329074452"},{"full_name":"EL CORTE INGLES champiñón laminado de primera lata 185 g neto escurrido","name":"champiñón laminado de primera lata 185 g neto escurrido","brand":"EL CORTE INGLES ","img":"https://sgfm.elcorteingles.es/SGFM/dctm/MEDIA03/201711/03/00118022300786____1__600x600.jpg","price":"0,85 €","price_unit":"(4,59 € / Kilo)","categories":["Supermercado","Alimentación General","Conservas vegetales","Champiñón","EL CORTE INGLES champiñón laminado de primera lata 185 g neto escurrido"],"general_information":["Denominación del alimento: Champiñón laminado cultivado (Agaricus bisporus). Primera","Nombre del operador: Elaborado y distribuido para El Corte Ingles \npor\n Grupo Riberebro \nPolígono Industrial La Llanada\n 26540 Alfaro (La Rioja) España","Lugar de procedencia del alimento: Cultivado en España","Cantidad Neta: 355 g","Peso neto escurrido: 185 g"],"ingredients":[" Ingredientes: Champiñones (Agaricus bisporus),  agua,  sal y corrector de acidez: ácido cítrico"],"conservation":" Mantener en lugar fresco y seco. Una vez abierto el envase, consérvese dentro de su propio jugo en el frigorífico en otro recipiente no metálico","ean":"8433329084246"},{"full_name":"CIDACOS champiñon entero lata 180 g neto escurrido","name":"champiñon entero lata 180 g neto escurrido","brand":"CIDACOS ","img":"https://sgfm.elcorteingles.es/SGFM/00/05/9/0118022300059/0118022300059000g01011.jpg","price":"1,79 €","price_unit":"(9,94 € / Kilo)","categories":["Supermercado","Alimentación General","Conservas vegetales","Champiñón","CIDACOS champiñon entero lata 180 g neto escurrido"],"general_information":["Denominación del alimento: Champiñon entero primera","Nombre del operador: Conservas el Cidacos S.A.","Dirección del operador: Crta. De Calahorra km. 1 26560 Autol (La Rioja)","Lugar de procedencia del alimento: DO España","Cantidad Neta: 355,0 g","Peso neto escurrido: 180,0 g"],"ingredients":[" Champiñon (agaricus bisporus), agua, sal y antioxidantes: acidos citrico y disulfito sodico"],"conservation":" Mantener en lugar fresco y seco.","ean":"8410313122214"},{"full_name":"CIDACOS champiñón laminado extra lata 180 g neto escurrido","name":"champiñón laminado extra lata 180 g neto escurrido","brand":"CIDACOS ","img":"https://sgfm.elcorteingles.es/SGFM/00/07/5/0118022300075/0118022300075000g01011.jpg","price":"1,39 €            ","price_unit":"(6,39 € / Kilo)","categories":["Supermercado","Alimentación General","Conservas vegetales","Champiñón","CIDACOS champiñón laminado extra lata 180 g neto escurrido"],"general_information":["Denominación del alimento: Champiñon laminado extra","Nombre del operador: Conservas el Cidacos S.A.","Dirección del operador: Crta. De Calahorra km. 1 26560 Autol (La Rioja)","Lugar de procedencia del alimento: DO España","Cantidad Neta: 355,0 g","Peso neto escurrido: 180,0 g"],"ingredients":[" Champiñon (agaricus bisporus), agua, sal y antioxidantes: acidos citrico y disulfito sodico"],"conservation":" Mantener en lugar fresco y seco.","ean":"8410313122245"},{"full_name":"GVTARRA champiñón extra laminado pack 3 latas 105 g neto escurrido","name":"champiñón extra laminado pack 3 latas 105 g neto escurrido","brand":"GVTARRA ","img":"https://sgfm.elcorteingles.es/SGFM/dctm/MEDIA02/CONTENIDOS/201411/19/00118022300679____1__600x600.jpg","price":"2,49 €            ","price_unit":"(7,62 € / Kilo)","categories":["Supermercado","Alimentación General","Conservas vegetales","Champiñón","GVTARRA champiñón extra laminado pack 3 latas 105 g neto escurrido"],"general_information":["Denominación del alimento: Champiñones cultivados Agaricus bisporus laminados calibre medio calidad extra","País de origen: España","Nombre del operador: RIBEREBRO INTEGRAL, SAU","Dirección del operador: Poligono Industrial La Llanada - 26540 Alfaro La Rioja","Cantidad Neta: 555 g","Peso neto escurrido: 315 g","Número de raciones por envase: 3"],"ingredients":[" Champiñones, agua , sal, corrector de acidez: ácido cítrico (E-330)."],"conservation":" Almacenar en ambiente fresco y seco, una vez abierto mantener refrigerado y consumir antes del tercer día de su apertura","ean":"8435307400253"},{"full_name":"GVTARRA champiñón extra laminado frasco 190 g neto escurrido","name":"champiñón extra laminado frasco 190 g neto escurrido","brand":"GVTARRA ","img":"https://sgfm.elcorteingles.es/SGFM/dctm/MEDIA02/CONTENIDOS/201406/25/00118022300588____1__600x600.jpg","price":"2,45 €","price_unit":"(12,89 € / Kilo)","categories":["Supermercado","Alimentación General","Conservas vegetales","Champiñón","GVTARRA champiñón extra laminado frasco 190 g neto escurrido"],"general_information":["Denominación del alimento: Champiñones laminados calidad Extra","País de origen: España","Nombre del operador: RIBEREBRO INTEGRAL, SAU","Dirección del operador: Poligono Industrial La Llanada - 26540 Alfaro La Rioja","Cantidad Neta: 345 g","Peso neto escurrido: 190 g","Número de raciones por envase: 1"],"ingredients":[" Champiñones, agua , sal, corrector de acidez: ácido cítrico (E-330) y antioxidante: ácido ascórbico (E-300)."],"conservation":" Una vez abierto el tarro conservar en el frigorífico","ean":"8435307400123"},{"full_name":"PEDRO LUIS champiñon laminado ecológico frasco 124 g neto escurrido","name":"champiñon laminado ecológico frasco 124 g neto escurrido","brand":"PEDRO LUIS ","img":"https://sgfm.elcorteingles.es/SGFM/00/02/1/0118022500021/0118022500021000g01011.jpg","price":"2,55 €","price_unit":"(20,56 € / Kilo)","categories":["Supermercado","Alimentación General","Conservas vegetales","Champiñón","PEDRO LUIS champiñon laminado ecológico frasco 124 g neto escurrido"],"general_information":["Denominación del alimento: Champiñón laminado","Nombre del operador: Conservas Pedro Luís, S.L.","Dirección del operador: Pol.Industrial El Ramal, C/ Del Ramal 19 -31580- Lodosa (Navarra)","Cantidad Neta: 218,0 g","Peso neto escurrido: 124,0 g","Otras menciones obligatorias en la etiqueta: Materia fresca 100%. Procedente de la agricultura ecológica. ES-ECO-025-NA. Agricultura de España."],"ingredients":[" Champiñones*, agua, sal y antioxidante: ácido cítrico. *Procedente de agricultura ecológica."],"conservation":" Conservar en un lugar fresco y seco. Una vez abierto, conservar en el frigorífico y consumir antes de 5 días.","ean":"8425205011088"},{"full_name":"BONDUELLE champiñon entero mini frasco 170 g neto escurrido","name":"champiñon entero mini frasco 170 g neto escurrido","brand":"BONDUELLE ","img":"https://sgfm.elcorteingles.es/SGFM/dctm/MEDIA03/201605/18/00118022300729____1__600x600.jpg","price":"1,75 €","price_unit":"(10,29 € / Kilo)","categories":["Supermercado","Alimentación General","Conservas vegetales","Champiñón","BONDUELLE champiñon entero mini frasco 170 g neto escurrido"],"general_information":["Denominación del alimento: Champiñon Mini frasco 314 p1","País de origen: Polonia","Nombre del operador: Bonduelle Ibérica S.A.U.","Dirección del operador: C/ Isla Graciosa, 3, 2ªplanta S.S. de los Reyes (MADRID)","Cantidad Neta: 280 g","Peso neto escurrido: 170 g"],"ingredients":[" Champiñones, agua, sal, acidulante: ácido cítrico, antioxidante: ácido ascórbico."],"conservation":" Antes de abrir, conservar en lugar seco,resguardado de la luz y de fuertes variaciones de temperatura. Una vez abierto,  conservar refrigerado y consumir antes de 5 dias","ean":"3083681010251"},{"full_name":"BONDUELLE un toque de champiñón laminado pack 3 lata 55 g neto escurrido","name":"un toque de champiñón laminado pack 3 lata 55 g neto escurrido","brand":"BONDUELLE ","img":"https://sgfm.elcorteingles.es/SGFM/dctm/MEDIA03/201612/13/00118022300752____1__600x600.jpg","price":"1,55 €","categories":["Supermercado","Alimentación General","Conservas vegetales","Champiñón","BONDUELLE un toque de champiñón laminado pack 3 lata 55 g neto escurrido"],"general_information":["Denominación del alimento: Champiñones laminados naturales","País de origen: Hungr¡a","Nombre del operador: Bonduelle Ibérica S.A.U.","Dirección del operador: Bonduelle Ibérica S.A.U. C/ ISLA GRACIOSA Nº 1 28703 SAN SEBASTIÁN DE LOS REYES","Cantidad Neta: 110 g","Peso neto escurrido: 110 g"],"ingredients":[],"conservation":"Modo de empleo: No especificado","ean":"3083681070965"},{"full_name":"EL CORTE INGLES menestra de verduras frasco 400 g neto escurrido","name":"menestra de verduras frasco 400 g neto escurrido","brand":"EL CORTE INGLES ","img":"https://sgfm.elcorteingles.es/SGFM/dctm/MEDIA03/201609/22/00118028000331____1__600x600.jpg","price":"4,39 €            ","price_unit":"(10,62 € / Kilo)","categories":["Supermercado","Alimentación General","Conservas vegetales","Menestras y macedonias","EL CORTE INGLES menestra de verduras frasco 400 g neto escurrido"],"general_information":["Denominación del alimento: MENESTRA DE VERDURAS","Nombre del operador: Elaborado para El Corte Inglés\npor\nSola de Antequera, S.A.\nCtra. Córdoba ? Málaga km 520\n29200 Antequera (Málaga) España","Lugar de procedencia del alimento: Producto de España","Cantidad Neta: 660 g","Peso neto escurrido: 400 g","Número de raciones por envase: 3"],"ingredients":[" Ingredientes: Judía verde, guisantes, alcachofas (cuartos), espárragos blancos, zanahorias, agua, sal, acidulante: ácido cítrico y antioxidante: E-385."],"conservation":" Conservar  en lugar seco y fresco. Una vez abierto, refrigerar y consumir antes de  3 días.","ean":"8433329034173"},{"full_name":"EL CORTE INGLES macedonia de verduras frasco 450 g neto escurrido","name":"macedonia de verduras frasco 450 g neto escurrido","brand":"EL CORTE INGLES ","img":"https://sgfm.elcorteingles.es/SGFM/dctm/MEDIA03/201608/26/00200128000395____1__600x600.jpg","price":"1,55 €","price_unit":"(3,44 € / Kilo)","categories":["Supermercado","Alimentación General","Conservas vegetales","Menestras y macedonias","EL CORTE INGLES macedonia de verduras frasco 450 g neto escurrido"],"general_information":["Denominación del alimento: Macedonia de Verduras","País de origen: España","Nombre del operador: RIBEREBRO INTEGRAL, SAU","Dirección del operador: Poligono Industrial La Llanada - 26540 Alfaro La Rioja","Cantidad Neta: 660 g","Peso neto escurrido: 450 g","Número de raciones por envase: 1"],"ingredients":[" Agua, patatas, guisantes, judías verdes, zanahoria, sal, acidulante: ácido cítrico"],"conservation":" Una vez abierto el tarro conservar en el frigorífico","ean":"8410514118917"},{"full_name":"GVTARRA menestra Navarra de verduras frasco 400 g neto escurrido","name":"menestra Navarra de verduras frasco 400 g neto escurrido","brand":"GVTARRA ","img":"https://sgfm.elcorteingles.es/SGFM/dctm/MEDIA03/201612/12/00118028000059____2__600x600.jpg","price":"4,89 €            ","price_unit":"(12,12 € / Kilo)","categories":["Supermercado","Alimentación General","Conservas vegetales","Menestras y macedonias","GVTARRA menestra Navarra de verduras frasco 400 g neto escurrido"],"general_information":["Denominación del alimento: Menestra Navarra (Denominacion  de Origen reglamentaria)","País de origen: España","Nombre del operador: RIBEREBRO INTEGRAL, SAU","Dirección del operador: Poligono Industrial La Llanada - 26540 Alfaro La Rioja","Cantidad Neta: 660 g","Peso neto escurrido: 425 g","Número de raciones por envase: 1"],"ingredients":[" Alcachofas, espárragos, guisantes, zanahorias, agua, sal y antioxidante:ácido ascórbico"],"conservation":" Almacenar en ambiente fresco y seco, una vez abierto mantener refrigerado y consumir antes del tercer día de su apertura","ean":"8410514119105"},{"full_name":"GVTARRA menestra jardinera de verduras frasco 425 g neto escurrido","name":"menestra jardinera de verduras frasco 425 g neto escurrido","brand":"GVTARRA ","img":"https://sgfm.elcorteingles.es/SGFM/dctm/MEDIA03/201612/12/00118028000067____2__600x600.jpg","price":"2,99 €","price_unit":"(7,04 € / Kilo)","categories":["Supermercado","Alimentación General","Conservas vegetales","Menestras y macedonias","GVTARRA menestra jardinera de verduras frasco 425 g neto escurrido"],"general_information":["Denominación del alimento: Jardinera (patata, guisante, zanahoria)","País de origen: España","Nombre del operador: RIBEREBRO INTEGRAL, SAU","Dirección del operador: Poligono Industrial La Llanada - 26540 Alfaro La Rioja","Cantidad Neta: 660 g","Peso neto escurrido: 425 g","Número de raciones por envase: 1"],"ingredients":[" Patata, guisante, zanahoria, agua, sal, acidulante: ácido cítrico"],"conservation":" Almacenar en ambiente fresco y seco, una vez abierto mantener refrigerado y consumir antes del tercer día de su apertura","ean":"8410514115107"},{"full_name":"PEDRO LUIS menestra de verduras ecológicas frasco 210 g neto escurrido","name":"menestra de verduras ecológicas frasco 210 g neto escurrido","brand":"PEDRO LUIS ","img":"https://sgfm.elcorteingles.es/SGFM/00/01/4/0118028200014/0118028200014000g01011.jpg","price":"5,35 €            ","price_unit":"(22,62 € / Kilo)","categories":["Supermercado","Alimentación General","Conservas vegetales","Menestras y macedonias","PEDRO LUIS menestra de verduras ecológicas frasco 210 g neto escurrido"],"general_information":["Denominación del alimento: Menestras de verduras","Nombre del operador: Conservas Pedro Luís, S.L.","Dirección del operador: Pol.Industrial El Ramal, C/ Del Ramal 19 -31580- Lodosa (Navarra)","Cantidad Neta: 345,0 g","Peso neto escurrido: 210,0 g","Otras menciones obligatorias en la etiqueta: Producto de temporada. Recolección: Abril / Mayo. Procedente de la agricultura ecológica. ES-ECO-025-NA. Agricultura de España."],"ingredients":[" Hortalizas en proporción variable: Guisantes*, espárragos*, alcachofas*, zanahorias*, champiñones*, agua, sal y antioxidante: ácido ascórbico. *Procedente de la agricultura ecológica."],"ean":"8425205011248"},{"full_name":"PEDRO LUIS combinado de verduras ecológicas frasco 249 g neto escurrido","name":"combinado de verduras ecológicas frasco 249 g neto escurrido","brand":"PEDRO LUIS ","img":"https://sgfm.elcorteingles.es/SGFM/dctm/MEDIA03/201707/26/00118028200022____1__600x600.jpg","price":"2,50 €","price_unit":"(10,04 € / Kilo)","categories":["Supermercado","Alimentación General","Conservas vegetales","Menestras y macedonias","PEDRO LUIS combinado de verduras ecológicas frasco 249 g neto escurrido"],"general_information":["Denominación del alimento: Combinado de verduras de agricultura ecológica","Nombre del operador: Conservas Pedro Luís, S.L.","Dirección del operador: Pol.Industrial El Ramal, C/Del Ramal 19 -31580- Lodosa (Navarra)","Cantidad Neta: 410 g","Peso neto escurrido: 250 g"],"ingredients":[" Hortalizas en proporción variable (guisantes*, zanahorias*, judías verdes*), agua y sal marina. *Procedente de la agricultura ecológica"],"conservation":" Consevar en lugar fresco y seco protegido de la luz. Una vez abierto, conservar en el frigorífico y consumir antes de 3 días.","ean":"8425205014423"},{"full_name":"BONDUELLE macedonia de legumbres frasco 340 g neto escurrido","name":"macedonia de legumbres frasco 340 g neto escurrido","brand":"BONDUELLE ","img":"https://sgfm.elcorteingles.es/SGFM/00/03/4/0118028000034/0118028000034000g01011.jpg","price":"2,05 €","price_unit":"(6,03 € / Kilo)","categories":["Supermercado","Alimentación General","Conservas vegetales","Menestras y macedonias","BONDUELLE macedonia de legumbres frasco 340 g neto escurrido"],"general_information":["Denominación del alimento: Macedonia 580 P1","País de origen: Francia","Nombre del operador: Bonduelle Ibérica S.A.U.","Dirección del operador: Bonduelle Ibérica S.A.U.","Cantidad Neta: 530 g","Peso neto escurrido: 340 g"],"ingredients":[" ingredientes:Verduras: 50% de verduras verdes (guisantes, judías verdes troceadas, alubias verdes), zanahorias troceadas y nabos troceados. Jugo: agua, sal."],"conservation":" Antes de abrir, conservar en lugar seco,resguardado de la luz y de fuertes variaciones de temperatura. Una vez abierto,  conservar refrigerado y consumir antes de 5 dias","ean":"8410375110679"},{"full_name":"NOLIKO macedonia de verduras frasco 215 g neto escurrido","name":"macedonia de verduras frasco 215 g neto escurrido","brand":"NOLIKO ","img":"https://sgfm.elcorteingles.es/SGFM/00/13/3/0118028000133/0118028000133000g01011.jpg","price":"1,05 €","price_unit":"(4,88 € / Kilo)","categories":["Supermercado","Alimentación General","Conservas vegetales","Menestras y macedonias","NOLIKO macedonia de verduras frasco 215 g neto escurrido"],"general_information":[],"ingredients":[],"ean":"5410153035944"},{"full_name":"OSTARGUI menestra de verduras extra frasco 400 g neto escurrido","name":"menestra de verduras extra frasco 400 g neto escurrido","brand":"OSTARGUI ","img":"https://sgfm.elcorteingles.es/SGFM/dctm/MEDIA02/CONTENIDOS/201412/10/00118028000281____1__600x600.jpg","price":"4,75 €","price_unit":"(11,88 € / Kilo)","categories":["Supermercado","Alimentación General","Conservas vegetales","Menestras y macedonias","OSTARGUI menestra de verduras extra frasco 400 g neto escurrido"],"general_information":[],"ingredients":[],"ean":"8413239112000"},{"full_name":"GVTARRA Tus Primeros judías verdes, patatas y zanahorias frasco 380 g neto escurrido","name":"Tus Primeros judías verdes, patatas y zanahorias frasco 380 g neto escurrido","brand":"GVTARRA ","img":"https://sgfm.elcorteingles.es/SGFM/dctm/MEDIA03/201612/12/00118029903095____2__600x600.jpg","price":"2,49 €            ","price_unit":"(5,38 € / Kilo)","categories":["Supermercado","Alimentación General","Conservas vegetales","Menestras y macedonias","GVTARRA Tus Primeros judías verdes, patatas y zanahorias frasco 380 g neto escurrido"],"general_information":["Denominación del alimento: Judías verdes (en trozos), patatas y zanahorias","País de origen: España","Nombre del operador: RIBEREBRO INTEGRAL, SAU","Dirección del operador: Poligono Industrial La Llanada - 26540 Alfaro La Rioja","Cantidad Neta: 660 g","Peso neto escurrido: 380 g","Número de raciones por envase: 2"],"ingredients":[" Judía verde, patata, zanahoria, agua, sal y antioxidante: ácido ascórbico."],"conservation":" Una vez abierto el tarro conservar en el frigorífico","ean":"8435307402400"},{"full_name":"GVTARRA Tus Primeros acelgas, patatas y zanahorias frasco 425 g neto escurrido","name":"Tus Primeros acelgas, patatas y zanahorias frasco 425 g neto escurrido","brand":"GVTARRA ","img":"https://sgfm.elcorteingles.es/SGFM/dctm/MEDIA03/201612/12/00118029903103____2__600x600.jpg","price":"2,49 €            ","price_unit":"(5,06 € / Kilo)","categories":["Supermercado","Alimentación General","Conservas vegetales","Menestras y macedonias","GVTARRA Tus Primeros acelgas, patatas y zanahorias frasco 425 g neto escurrido"],"general_information":["Denominación del alimento: Acelgas, patatas y zanahorias","País de origen: España","Nombre del operador: RIBEREBRO INTEGRAL, SAU","Dirección del operador: Poligono Industrial La Llanada - 26540 Alfaro La Rioja","Cantidad Neta: 660 g","Peso neto escurrido: 425 g","Número de raciones por envase: 2"],"ingredients":[" Acelga, patata , zanahoria, agua, sal y antioxidante: ácido ascórbico."],"conservation":" Una vez abierto el tarro conservar en el frigorífico","ean":"8435307402417"},{"full_name":"GVTARRA Tus primeros col, patatas y zanahorias frasco 400 g neto escurrido","name":"Tus primeros col, patatas y zanahorias frasco 400 g neto escurrido","brand":"GVTARRA ","img":"https://sgfm.elcorteingles.es/SGFM/dctm/MEDIA03/201612/12/00118029903111____2__600x600.jpg","price":"2,49 €            ","price_unit":"(5,38 € / Kilo)","categories":["Supermercado","Alimentación General","Conservas vegetales","Menestras y macedonias","GVTARRA Tus primeros col, patatas y zanahorias frasco 400 g neto escurrido"],"general_information":["Denominación del alimento: Col / Repollo, patatas y zanahorias","País de origen: España","Nombre del operador: RIBEREBRO INTEGRAL, SAU","Dirección del operador: Poligono Industrial La Llanada - 26540 Alfaro La Rioja","Cantidad Neta: 660 g","Peso neto escurrido: 400 g","Número de raciones por envase: 2"],"ingredients":[" ata , zanahoria, agua, sal y antioxidante: metabisulfito sódico (E-223). Contiene sulfitos."],"conservation":" Una vez abierto el tarro conservar en el frigorífico","ean":"8435307402424"},{"full_name":"HELIOS macedonia de verduras al natural frasco 400 g neto escurrido","name":"macedonia de verduras al natural frasco 400 g neto escurrido","brand":"HELIOS ","img":"https://sgfm.elcorteingles.es/SGFM/dctm/MEDIA03/201608/08/00200128000015____2__600x600.jpg","price":"0,99 €","price_unit":"(2,48 € / Kilo)","categories":["Supermercado","Alimentación General","Conservas vegetales","Menestras y macedonias","HELIOS macedonia de verduras al natural frasco 400 g neto escurrido"],"general_information":["Denominación del alimento: Macedonia de verduras","Nombre del operador: DULCES Y CONSERVAS HELIOS S.A.","Dirección del operador: Carretera de Salamanca, nº44, 47195 Arroyo de la Encomienda","Cantidad Neta: 660 g","Peso neto escurrido: 400 g"],"ingredients":[" Patatas, guisantes, zanahorias, judías verdes, agua, sal y ácido cítrico"],"conservation":" Conservese en lugar fresco y seco. Una vez abierto conservesé en el frigorifico","ean":"8410095007372"},{"full_name":"HELIOS menestra de verduras frasco 400 g neto escurrido","name":"menestra de verduras frasco 400 g neto escurrido","brand":"HELIOS ","img":"https://sgfm.elcorteingles.es/SGFM//00/02/3/0200128000023/0200128000023000g01011.jpg","price":"5,65 €","price_unit":"(14,12 € / Kilo)","categories":["Supermercado","Alimentación General","Conservas vegetales","Menestras y macedonias","HELIOS menestra de verduras frasco 400 g neto escurrido"],"general_information":["Denominación del alimento: Menestra de verduras","Nombre del operador: DULCES Y CONSERVAS HELIOS S.A.","Dirección del operador: Carretera de Salamanca, nº44, 47195 Arroyo de la Encomienda","Cantidad Neta: 660 g","Peso neto escurrido: 400 g"],"ingredients":[" Guisantes, judías verdes, alcachofas, zanahorias, espárragos, champiñones, agua, sal y ácido cítrico."],"conservation":" Conservese en lugar fresco y seco. Una vez abierto conservesé en el frigorifico","ean":"8410095007297"},{"full_name":"EL CORTE INGLES Cardo troceado frasco 400 g neto escurrido","name":"Cardo troceado frasco 400 g neto escurrido","brand":"EL CORTE INGLES ","img":"https://sgfm.elcorteingles.es/SGFM/dctm/MEDIA03/201608/26/00118029901859____1__600x600.jpg","price":"1,95 €","price_unit":"(4,88 € / Kilo)","categories":["Supermercado","Alimentación General","Conservas vegetales","Cardos y borraja","EL CORTE INGLES Cardo troceado frasco 400 g neto escurrido"],"general_information":["Denominación del alimento: Cardo troceado","Nombre del operador: Elaborado y distribuido para El Corte Ingles \npor\n Grupo Riberebro \nPolígono Industrial La Llanada\n 26540 Alfaro (La Rioja) España","Cantidad Neta: 660 g","Peso neto escurrido: 400 g","Número de raciones por envase: 4"],"ingredients":[" Ingredientes: Cardo, agua, sal, corrector de acidez: ácido cítrico y antioxidante: ácido ascórbico."],"conservation":" Almacenar en ambiente fresco y seco. Una vez abierto el tarro conservar en el frigorífico.","ean":"8433329054065"},{"full_name":"GVTARRA cardo al natural troceado frasco 400 g neto escurrido","name":"cardo al natural troceado frasco 400 g neto escurrido","brand":"GVTARRA ","img":"https://sgfm.elcorteingles.es/SGFM/dctm/MEDIA03/201612/12/00118029900331____3__600x600.jpg","price":"2,59 €","price_unit":"(6,48 € / Kilo)","categories":["Supermercado","Alimentación General","Conservas vegetales","Cardos y borraja","GVTARRA cardo al natural troceado frasco 400 g neto escurrido"],"general_information":["Denominación del alimento: Cardo troceado","País de origen: España","Nombre del operador: RIBEREBRO INTEGRAL, SAU","Dirección del operador: Poligono Industrial La Llanada - 26540 Alfaro La Rioja","Cantidad Neta: 660 g","Peso neto escurrido: 400 g","Número de raciones por envase: 1"],"ingredients":[" Cardo, agua, sal, antioxidante: ácido ascórbico"],"conservation":" Almacenar en ambiente fresco y seco, una vez abierto mantener refrigerado y consumir antes del tercer día de su apertura","ean":"8410514110102"},{"full_name":"GVTARRA borraja al natural troceada frasco 400 g neto escurrido","name":"borraja al natural troceada frasco 400 g neto escurrido","brand":"GVTARRA ","img":"https://sgfm.elcorteingles.es/SGFM/dctm/MEDIA03/201612/12/00118029900323____2__600x600.jpg","price":"3,45 €","price_unit":"(8,62 € / Kilo)","categories":["Supermercado","Alimentación General","Conservas vegetales","Cardos y borraja","GVTARRA borraja al natural troceada frasco 400 g neto escurrido"],"general_information":["Denominación del alimento: Borraja troceada","País de origen: España","Nombre del operador: RIBEREBRO INTEGRAL, SAU","Dirección del operador: Poligono Industrial La Llanada - 26540 Alfaro La Rioja","Cantidad Neta: 660 g","Peso neto escurrido: 400 g","Número de raciones por envase: 1"],"ingredients":[" Borraja, agua, sal y antioxidante: ácido ascórbico"],"conservation":" Almacenar en ambiente fresco y seco, una vez abierto mantener refrigerado y consumir antes del tercer día de su apertura","ean":"8410514106105"},{"full_name":"GVTARRA Cardo al natural troceado sin sal frasco 325 g neto escurrido","name":"Cardo al natural troceado sin sal frasco 325 g neto escurrido","brand":"GVTARRA ","img":"https://sgfm.elcorteingles.es/SGFM/00/46/3/0118029900463/0118029900463000g01011.jpg","price":"3,25 €","price_unit":"(10 € / Kilo)","categories":["Supermercado","Alimentación General","Conservas vegetales","Cardos y borraja","GVTARRA Cardo al natural troceado sin sal frasco 325 g neto escurrido"],"general_information":["Denominación del alimento: Cardo troceado Extra sin sal","País de origen: España","Nombre del operador: RIBEREBRO INTEGRAL, SAU","Dirección del operador: Poligono Industrial La Llanada - 26540 Alfaro La Rioja","Cantidad Neta: 535 g","Peso neto escurrido: 325 g","Número de raciones por envase: 1"],"ingredients":[" Cardo, agua y antioxidante: Acido ascórbico"],"conservation":" Una vez abierto el tarro conservar en el frigorífico","ean":"8410514110874"},{"full_name":"PEDRO LUIS cardo al natural ecológico frasco 400 g neto escurrido","name":"cardo al natural ecológico frasco 400 g neto escurrido","brand":"PEDRO LUIS ","img":"https://sgfm.elcorteingles.es/SGFM/dctm/MEDIA02/CONTENIDOS/201503/27/00118030000022____1__600x600.jpg","price":"3,35 €            ","price_unit":"(6,88 € / Kilo)","categories":["Supermercado","Alimentación General","Conservas vegetales","Cardos y borraja","PEDRO LUIS cardo al natural ecológico frasco 400 g neto escurrido"],"general_information":["Denominación del alimento: Cardo de agricultura ecologica","País de origen: España","Nombre del operador: Conservas Pedro Luís, S.L.","Dirección del operador: Pol.Industrial El Ramal, C/Del Ramal 19 -31580- Lodosa (Navarra)","Cantidad Neta: 660 g","Peso neto escurrido: 400 g"],"ingredients":[" Cardo*, agua, sal marina y antioxidante: ácido cítrico. *Procedente de la agricultura ecológica."],"conservation":" Conservar en lugar fresco y seco, protegido de la luz. Una vez abierto, conservar en el frigorifico con el maximo de su jugo y consumir antes de 3 dias.","ean":"8425205011019"},{"full_name":"PEDRO LUIS borraja ecológica frasco 400 g neto escurrido","name":"borraja ecológica frasco 400 g neto escurrido","brand":"PEDRO LUIS ","img":"https://sgfm.elcorteingles.es/SGFM/dctm/MEDIA02/CONTENIDOS/201503/27/00118030000071____1__600x600.jpg","price":"2,99 €","price_unit":"(7,48 € / Kilo)","categories":["Supermercado","Alimentación General","Conservas vegetales","Cardos y borraja","PEDRO LUIS borraja ecológica frasco 400 g neto escurrido"],"general_information":["Denominación del alimento: Borraja de agricultura ecológica, al natural.","País de origen: España","Nombre del operador: Conservas Pedro Luís, S.L.","Dirección del operador: Pol.Industrial El Ramal, C/Del Ramal 19 -31580- Lodosa (Navarra)","Cantidad Neta: 660 g","Peso neto escurrido: 400 g"],"ingredients":[" Borraja*, agua, sal y antioxidante: acido ascórbico. *Procedente de la agricultura ecológica."],"conservation":" Conservar en lugar fresco y seco protegido de la luz. Una vez abierto, conservar en el frigorífico y consumir antes de 3 días.","ean":"8425205010999"},{"full_name":"ALSUR Cardo en trozos frasco 400 g neto escurrido","name":"Cardo en trozos frasco 400 g neto escurrido","brand":"ALSUR ","img":"https://sgfm.elcorteingles.es/SGFM/00/14/1/0118029900141/0118029900141000g01011.jpg","price":"1,45 €","price_unit":"(3,62 € / Kilo)","categories":["Supermercado","Alimentación General","Conservas vegetales","Cardos y borraja","ALSUR Cardo en trozos frasco 400 g neto escurrido"],"general_information":["Denominación del alimento: Cardo","País de origen: España","Nombre del operador: Sola de Antequera S.A.","Dirección del operador: Ctra. Córdoba-Málaga km 520 29200 Antequera (Málaga)","Cantidad Neta: 600 g","Peso neto escurrido: 400 g"],"ingredients":[" Cardo, Agua, Sal, Acidulante: Ácido Cítrico y Antioxidante: E-385."],"conservation":" Conservar en un lugar fresco, seco y protegido del sol.","ean":"8420309010319"},{"full_name":"EL CORTE INGLES acelgas troceadas extra frasco 425 g neto escurrido","name":"acelgas troceadas extra frasco 425 g neto escurrido","brand":"EL CORTE INGLES ","img":"https://sgfm.elcorteingles.es/SGFM/dctm/MEDIA03/201608/26/00118029901826____1__600x600.jpg","price":"2,05 €","price_unit":"(4,82 € / Kilo)","categories":["Supermercado","Alimentación General","Conservas vegetales","Acelgas","EL CORTE INGLES acelgas troceadas extra frasco 425 g neto escurrido"],"general_information":["Denominación del alimento: Acelga en trozos. Calidad Extra","Nombre del operador: Elaborado y distribuido para El Corte Ingles \npor\n Grupo Riberebro \nPolígono Industrial La Llanada\n 26540 Alfaro (La Rioja) España","Cantidad Neta: 660 g","Peso neto escurrido: 425 g","Número de raciones por envase: 4"],"ingredients":[" Ingredientes: Acelga, agua, sal, antioxidante: ácido ascórbico."],"conservation":" Almacenar en ambiente fresco y seco. Una vez abierto el tarro conservar en el frigorífico.","ean":"8433329054034"},{"full_name":"GVTARRA pencas de acelga extra frasco 350 g neto escurrido","name":"pencas de acelga extra frasco 350 g neto escurrido","brand":"GVTARRA ","img":"https://sgfm.elcorteingles.es/SGFM/dctm/MEDIA03/201612/12/00118029900836____2__600x600.jpg","price":"3,25 €","price_unit":"(9,29 € / Kilo)","categories":["Supermercado","Alimentación General","Conservas vegetales","Acelgas","GVTARRA pencas de acelga extra frasco 350 g neto escurrido"],"general_information":["Denominación del alimento: Pencas de alcegas calidad Extra","País de origen: España","Nombre del operador: RIBEREBRO INTEGRAL, SAU","Dirección del operador: Poligono Industrial La Llanada - 26540 Alfaro La Rioja","Cantidad Neta: 540 g","Peso neto escurrido: 350 g","Número de raciones por envase: 1"],"ingredients":[" Acelgas, agua, sal, antioxidante:ácido abscórbico y (E-223:Contiene sulfitos)"],"conservation":" Una vez abierto el tarro conservar en el frigorífico","ean":"8410514120804"},{"full_name":"GVTARRA acelgas troceadas al natural frasco 425 g neto escurrido","name":"acelgas troceadas al natural frasco 425 g neto escurrido","brand":"GVTARRA ","img":"https://sgfm.elcorteingles.es/SGFM/dctm/MEDIA03/201612/12/00118029900513____4__600x600.jpg","price":"2,25 €","price_unit":"(5,29 € / Kilo)","categories":["Supermercado","Alimentación General","Conservas vegetales","Acelgas","GVTARRA acelgas troceadas al natural frasco 425 g neto escurrido"],"general_information":["Denominación del alimento: Acelgas troceadas Extra","País de origen: España","Nombre del operador: RIBEREBRO INTEGRAL, SAU","Dirección del operador: Poligono Industrial La Llanada - 26540 Alfaro La Rioja","Cantidad Neta: 660 g","Peso neto escurrido: 425 g","Número de raciones por envase: 1"],"ingredients":[" Acelga, agua, sal, antioxidante: ácido ascórbico (E-300)"],"conservation":" Almacenar en ambiente fresco y seco, una vez abierto mantener refrigerado y consumir antes del tercer día de su apertura","ean":"8410514101100"},{"full_name":"GVTARRA Natura acelgas troceadas extra sin sal frasco 350 g neto escurrido","name":"Natura acelgas troceadas extra sin sal frasco 350 g neto escurrido","brand":"GVTARRA ","img":"https://sgfm.elcorteingles.es/SGFM/00/45/5/0118029900455/0118029900455000g01011.jpg","price":"2,45 €","price_unit":"(7 € / Kilo)","categories":["Supermercado","Alimentación General","Conservas vegetales","Acelgas","GVTARRA Natura acelgas troceadas extra sin sal frasco 350 g neto escurrido"],"general_information":["Denominación del alimento: Acelgas troceadas Extra sin sal","País de origen: España","Nombre del operador: RIBEREBRO INTEGRAL, SAU","Dirección del operador: Poligono Industrial La Llanada - 26540 Alfaro La Rioja","Cantidad Neta: 540 g","Peso neto escurrido: 350 g","Número de raciones por envase: 1"],"ingredients":[" Acelga, agua y  antioxidante E-300 (Acido ascórbico)"],"conservation":" Una vez abierto el tarro conservar en el frigorífico","ean":"8410514101872"},{"full_name":"PEDRO LUIS acelgas ecológicas al natural frasco 400 g neto escurrido","name":"acelgas ecológicas al natural frasco 400 g neto escurrido","brand":"PEDRO LUIS ","img":"https://sgfm.elcorteingles.es/SGFM/dctm/MEDIA02/CONTENIDOS/201503/27/00118030000030____1__600x600.jpg","price":"2,95 €","price_unit":"(7,38 € / Kilo)","categories":["Supermercado","Alimentación General","Conservas vegetales","Acelgas","PEDRO LUIS acelgas ecológicas al natural frasco 400 g neto escurrido"],"general_information":["Denominación del alimento: Acelga de agricultura ecológica, extra","País de origen: España","Nombre del operador: Conservas Pedro Luís, S.L.","Dirección del operador: Pol.Industrial El Ramal, C/Del Ramal 19 -31580- Lodosa (Navarra)","Cantidad Neta: 660 g","Peso neto escurrido: 425 g"],"ingredients":[" Acelga*, agua, sal marina y antioxidante: ácido ascórbico. *Procedente de agricultura ecológica."],"conservation":" Conservar en lugar fresco y seco protegido de la luz. Una vez abierto conservar en el frigorífico y consumir en 3 días.","ean":"8425205011002"},{"full_name":"ALSUR acelgas frasco 400 g neto escurrido","name":"acelgas frasco 400 g neto escurrido","brand":"ALSUR ","img":"https://sgfm.elcorteingles.es/SGFM/00/13/3/0118029900133/0118029900133000g01011.jpg","price":"1,45 €","price_unit":"(3,62 € / Kilo)","categories":["Supermercado","Alimentación General","Conservas vegetales","Acelgas","ALSUR acelgas frasco 400 g neto escurrido"],"general_information":["Denominación del alimento: Acelgas","País de origen: España","Nombre del operador: Sola de Antequera S.A.","Dirección del operador: Ctra. Córdoba-Málaga km 520 29200 Antequera (Málaga)","Cantidad Neta: 660 g","Peso neto escurrido: 425 g"],"ingredients":[" Acelgas, Agua, Sal y Acidulante: Ácido Cítrico."],"conservation":" Conservar en un lugar fresco, seco y protegido del sol.","ean":"8420309010302"},{"full_name":"EL CORTE INGLES espinacas extra frasco 425 g neto escurrido","name":"espinacas extra frasco 425 g neto escurrido","brand":"EL CORTE INGLES ","img":"https://sgfm.elcorteingles.es/SGFM/dctm/MEDIA03/201608/26/00118029901834____2__600x600.jpg","price":"2,05 €","price_unit":"(4,82 € / Kilo)","categories":["Supermercado","Alimentación General","Conservas vegetales","Espinacas","EL CORTE INGLES espinacas extra frasco 425 g neto escurrido"],"general_information":["Denominación del alimento: Espinacas. Calidad extra","Nombre del operador: Elaborado y distribuido para El Corte Ingles \npor\n Grupo Riberebro \nPolígono Industrial La Llanada\n 26540 Alfaro (La Rioja) España","Cantidad Neta: 600 g","Peso neto escurrido: 425 g","Número de raciones por envase: 4"],"ingredients":[" Ingredientes: Espinacas, agua, sal y antioxidante: ácido ascórbico."],"conservation":" Almacenar en ambiente fresco y seco. Una vez abierto el tarro conservar en el frigorífico.","ean":"8433329054041"},{"full_name":"GVTARRA espinacas extra al natural frasco 425 g neto escurrido","name":"espinacas extra al natural frasco 425 g neto escurrido","brand":"GVTARRA ","img":"https://sgfm.elcorteingles.es/SGFM/dctm/MEDIA03/201612/12/00118029900315____3__600x600.jpg","price":"2,25 €","price_unit":"(5,29 € / Kilo)","categories":["Supermercado","Alimentación General","Conservas vegetales","Espinacas","GVTARRA espinacas extra al natural frasco 425 g neto escurrido"],"general_information":["Denominación del alimento: Espinacas Extra","País de origen: España","Nombre del operador: RIBEREBRO INTEGRAL, SAU","Dirección del operador: Poligono Industrial La Llanada - 26540 Alfaro La Rioja","Cantidad Neta: 600 g","Peso neto escurrido: 425 g","Número de raciones por envase: 1"],"ingredients":[" Espinaca, agua, sal, antioxidante: ácido ascórbico"],"conservation":" Almacenar en ambiente fresco y seco, una vez abierto mantener refrigerado y consumir antes del tercer día de su apertura","ean":"8410514114100"},{"full_name":"ALSUR espinacas en conserva frasco 425 g neto escurrido","name":"espinacas en conserva frasco 425 g neto escurrido","brand":"ALSUR ","img":"https://sgfm.elcorteingles.es/SGFM/00/15/8/0118029900158/0118029900158000g01011.jpg","price":"1,45 €","price_unit":"(3,41 € / Kilo)","categories":["Supermercado","Alimentación General","Conservas vegetales","Espinacas","ALSUR espinacas en conserva frasco 425 g neto escurrido"],"general_information":["Denominación del alimento: Espinacas","País de origen: España","Nombre del operador: Sola de Antequera S.A.","Dirección del operador: Ctra. Córdoba-Málaga km 520 29200 Antequera (Málaga)","Cantidad Neta: 660 g","Peso neto escurrido: 425 g"],"ingredients":[" Espinacas, Agua, Sal, Acidulante: Ácido Cítrico y Antioxidante: E-385."],"conservation":" Conservar en un lugar fresco, seco y protegido del sol.","ean":"8420309010326"},{"full_name":"GVTARRA puerros en trozos frasco 400 g neto escurrido","name":"puerros en trozos frasco 400 g neto escurrido","brand":"GVTARRA ","img":"https://sgfm.elcorteingles.es/SGFM/dctm/MEDIA03/201612/12/00118029900547____2__600x600.jpg","price":"3,25 €","price_unit":"(8,12 € / Kilo)","categories":["Supermercado","Alimentación General","Conservas vegetales","Puerros","GVTARRA puerros en trozos frasco 400 g neto escurrido"],"general_information":["Denominación del alimento: Puerros cortados","País de origen: España","Nombre del operador: RIBEREBRO INTEGRAL, SAU","Dirección del operador: Poligono Industrial La Llanada - 26540 Alfaro La Rioja","Cantidad Neta: 660 g","Peso neto escurrido: 400 g","Número de raciones por envase: 1"],"ingredients":[" Puerros, agua, sal, acidulante: ácido cítrico"],"conservation":" Una vez abierto el tarro conservar en el frigorífico","ean":"8410514123102"},{"full_name":"LA HUERTA DE FRESNO puerros al natural frasco 400 g neto escurrido","name":"puerros al natural frasco 400 g neto escurrido","brand":"LA HUERTA DE FRESNO ","img":"https://sgfm.elcorteingles.es/SGFM/00/62/0/0118029900620/0118029900620000g01011.jpg","price":"4,25 €","price_unit":"(10,62 € / Kilo)","categories":["Supermercado","Alimentación General","Conservas vegetales","Puerros","LA HUERTA DE FRESNO puerros al natural frasco 400 g neto escurrido"],"general_information":[],"ingredients":[],"ean":"8437000464037"},{"full_name":"EL CORTE INGLES remolacha rallada en hilos frasco 250 g neto escurrido","name":"remolacha rallada en hilos frasco 250 g neto escurrido","brand":"EL CORTE INGLES ","img":"https://sgfm.elcorteingles.es/SGFM/dctm/MEDIA03/201611/15/00118025600992____1__600x600.jpg","price":"0,79 €","price_unit":"(3,16 € / Kilo)","categories":["Supermercado","Alimentación General","Conservas vegetales","Remolacha","EL CORTE INGLES remolacha rallada en hilos frasco 250 g neto escurrido"],"general_information":["Denominación del alimento: Acidos - Primera - En tiras","Nombre del operador: Elaborado para El Corte Inglés                                       por Comercial Rioverde Ctra. El Cortijo km 3           26006 Logroño España","Cantidad Neta: 425 g","Peso neto escurrido: 250 g","Número de raciones por envase: 6 de 30 g"],"ingredients":[" Ingredientes: Remolacha,  vinagre (sulfitos),  azúcar,  sal y antioxidante: ácido ascórbico. Puede contener trazas de apio y mostaza."],"conservation":" Conservar en lugar fresco y seco. Una vez abierto, consérvese en el frigorífico","ean":"8433329076975"},{"full_name":"EL CORTE INGLES remolacha en rodajas frasco 250 g neto escurrido","name":"remolacha en rodajas frasco 250 g neto escurrido","brand":"EL CORTE INGLES ","img":"https://sgfm.elcorteingles.es/SGFM/dctm/MEDIA03/201611/15/00118025601024____1__600x600.jpg","price":"1,00 €","categories":["Supermercado","Alimentación General","Conservas vegetales","Remolacha","EL CORTE INGLES remolacha en rodajas frasco 250 g neto escurrido"],"general_information":["Denominación del alimento: Acidos - Extra - En rodajas","Nombre del operador: Elaborado para El Corte Inglés                                       por Comercial Rioverde Ctra. El Cortijo km 3           26006 Logroño España","Cantidad Neta: 425 g","Peso neto escurrido: 250 g","Número de raciones por envase: 6 de 30 g"],"ingredients":[" Ingredientes: Remolacha,  vinagre (sulfitos), azúcar, sal y antioxidante: ácido ascórbico. Puede contener trazas de apio y mostaza."],"conservation":" Conservar en lugar fresco y seco. Una vez abierto, consérvese en el frigorífico","ean":"8433329076982"},{"full_name":"BONDUELLE remolacha en rodajas frasco 305 g neto escurrido","name":"remolacha en rodajas frasco 305 g neto escurrido","brand":"BONDUELLE ","img":"https://sgfm.elcorteingles.es/SGFM/00/19/0/0118025600190/0118025600190000g01011.jpg","price":"1,59 €","price_unit":"(5,21 € / Kilo)","categories":["Supermercado","Alimentación General","Conservas vegetales","Remolacha","BONDUELLE remolacha en rodajas frasco 305 g neto escurrido"],"general_information":["Denominación del alimento: Remolacha rodajas 580 P1","País de origen: Francia","Nombre del operador: Bonduelle Ibérica S.A.U.","Dirección del operador: Bonduelle Ibérica S.A.U.","Cantidad Neta: 530,0 g","Peso neto escurrido: 305,0 g"],"ingredients":[" ingredientes:Remolacha roja, agua, vinagre de alcohol, azúcar, sal, aroma natural."],"conservation":" Antes de abrir, conservar en lugar seco,resguardado de la luz y de fuertes variaciones de temperatura. Una vez abierto,  conservar refrigerado y consumir antes de 5 dias","ean":"8410375110280"},{"full_name":"PEDRO LUIS remolacha rallada ecológica frasco 210 g neto escurrido","name":"remolacha rallada ecológica frasco 210 g neto escurrido","brand":"PEDRO LUIS ","img":"https://sgfm.elcorteingles.es/SGFM/dctm/MEDIA02/CONTENIDOS/201503/27/00118025800097____1__600x600.jpg","price":"1,99 €","price_unit":"(9,48 € / Kilo)","categories":["Supermercado","Alimentación General","Conservas vegetales","Remolacha","PEDRO LUIS remolacha rallada ecológica frasco 210 g neto escurrido"],"general_information":["Denominación del alimento: Remolacha rallada","Nombre del operador: Conservas Pedro Luís, S.L.","Dirección del operador: Pol.Industrial El Ramal, C/ Del Ramal 19 -31580- Lodosa (Navarra)","Cantidad Neta: 345,0 g","Peso neto escurrido: 180,0 g","Otras menciones obligatorias en la etiqueta: Procedente de la agricultura ecológica. ES-ECO-025-NA. Agricultura de España."],"ingredients":[" Remolacha*, vinagre*, azúcar de caña*, y antioxidante: ácido ascórbico (vitamina C). *Procedente de la agricultura ecológica."],"ean":"8425205012870"},{"full_name":"KUHNE remolacha en rodajas frasco 220 g neto escurrido","name":"remolacha en rodajas frasco 220 g neto escurrido","brand":"KUHNE ","img":"https://sgfm.elcorteingles.es/SGFM/00/06/7/0118025600067/0118025600067000g01011.jpg","price":"2,75 €","price_unit":"(12,50 € / Kilo)","categories":["Supermercado","Alimentación General","Conservas vegetales","Remolacha","KUHNE remolacha en rodajas frasco 220 g neto escurrido"],"general_information":["Denominación del alimento: Remolacha roja","Nombre del operador: Bolton Cile España","Dirección del operador: C/ Ombú nº 3 28045 Madrid, España","Cantidad Neta: 330 g"],"ingredients":[" Remolacha, vinagre de alcohol, jarabe de glucosa-fructosa, azúcar, sal, aroma natural"],"ean":"0000040804309"},{"full_name":"AMALUR remolacha roja en rodajas de agricultura ecológica frasco 195 g neto escurrido","name":"remolacha roja en rodajas de agricultura ecológica frasco 195 g neto escurrido","brand":"AMALUR ","img":"https://sgfm.elcorteingles.es/SGFM/00/04/5/0200125800045/0200125800045000g01011.jpg","price":"2,45 €","price_unit":"(12,56 € / Kilo)","categories":["Supermercado","Alimentación General","Conservas vegetales","Remolacha","AMALUR remolacha roja en rodajas de agricultura ecológica frasco 195 g neto escurrido"],"general_information":["Denominación del alimento: Remolacha roja en rodajas Bio","País de origen: España","Nombre del operador: JESÚS NAVARRO, S.A.","Dirección del operador: C/ISAAC PERAL, 46 03660 NOVELDA (ALICANTE)","Cantidad Neta: 340 g","Peso neto escurrido: 225 g"],"ingredients":[" Remolacha roja*, agua, vinagre, azúcar* and sal marina.*producto procedente de agricultura ecológica"],"ean":"8412422016057"},{"full_name":"EL CORTE INGLES zanahoria rallada en hilos frasco 250 g neto escurrido","name":"zanahoria rallada en hilos frasco 250 g neto escurrido","brand":"EL CORTE INGLES ","img":"https://sgfm.elcorteingles.es/SGFM/dctm/MEDIA03/201612/15/00118025601016____1__600x600.jpg","price":"0,79 €","price_unit":"(3,16 € / Kilo)","categories":["Supermercado","Alimentación General","Conservas vegetales","Zanahorias","EL CORTE INGLES zanahoria rallada en hilos frasco 250 g neto escurrido"],"general_information":["Denominación del alimento: Acidos - Primera - En tiras","Nombre del operador: Elaborado para El Corte Inglés                                       por Comercial Rioverde Ctra. El Cortijo km 3           26006 Logroño España","Cantidad Neta: 425 g","Peso neto escurrido: 250 g","Número de raciones por envase: 6 de 30 g"],"ingredients":[" Ingredientes: Zanahoria, vinagre (sulfitos), azúcar, sal, corrector de acidez: ácido cítrico y antioxidante: ácido  ascórbico. Puede contener trazas de apio y mostaza."],"conservation":" Conservar en lugar fresco y seco. Una vez abierto, consérvese en el frigorífico","ean":"8433329076999"},{"full_name":"BONDUELLE zanahoria rallada en tiras pack 2 frasco 110 g neto escurrido","name":"zanahoria rallada en tiras pack 2 frasco 110 g neto escurrido","brand":"BONDUELLE ","img":"https://sgfm.elcorteingles.es/SGFM/00/72/9/0118025600729/0118025600729000g01011.jpg","price":"1,95 €","price_unit":"(8,86 € / Kilo)","categories":["Supermercado","Alimentación General","Conservas vegetales","Zanahorias","BONDUELLE zanahoria rallada en tiras pack 2 frasco 110 g neto escurrido"],"general_information":["Denominación del alimento: Zanahoria rallada 240 P2","País de origen: Francia","Nombre del operador: Bonduelle Ibérica S.A.U.","Dirección del operador: Bonduelle Ibérica S.A.U.","Cantidad Neta: 410,0 g","Peso neto escurrido: 220,0 g"],"ingredients":[" ingredientes:Zanahoria, agua, azúcar, sal, vinagre de alcohol, acidulante: ácido láctico."],"conservation":" Antes de abrir, conservar en lugar seco,resguardado de la luz y de fuertes variaciones de temperatura. Una vez abierto,  conservar refrigerado y consumir antes de 5 dias","ean":"8410375112178"},{"full_name":"BONDUELLE zanahoria rallada frasco 280 g neto escurrido","name":"zanahoria rallada frasco 280 g neto escurrido","brand":"BONDUELLE ","img":"https://sgfm.elcorteingles.es/SGFM/00/13/3/0118025600133/0118025600133000g01011.jpg","price":"1,59 €","price_unit":"(5,68 € / Kilo)","categories":["Supermercado","Alimentación General","Conservas vegetales","Zanahorias","BONDUELLE zanahoria rallada frasco 280 g neto escurrido"],"general_information":["Denominación del alimento: Zanahoria rallada 580 P1","País de origen: Francia","Nombre del operador: Bonduelle Ibérica S.A.U.","Dirección del operador: Bonduelle Ibérica S.A.U.","Cantidad Neta: 530,0 g","Peso neto escurrido: 280,0 g"],"ingredients":[" ingredientes:Zanahoria, agua, azúcar, sal, vinagre de alcohol, acidulante: ácido láctico."],"conservation":" Antes de abrir, conservar en lugar seco,resguardado de la luz y de fuertes variaciones de temperatura. Una vez abierto,  conservar refrigerado y consumir antes de 5 dias","ean":"8410375110297"},{"full_name":"GVTARRA zanahoria baby muy fina extra frasco 210 g neto escurrido","name":"zanahoria baby muy fina extra frasco 210 g neto escurrido","brand":"GVTARRA ","img":"https://sgfm.elcorteingles.es/SGFM/dctm/MEDIA03/201612/12/00118029900398____2__600x600.jpg","price":"2,10 €","price_unit":"(10 € / Kilo)","categories":["Supermercado","Alimentación General","Conservas vegetales","Zanahorias","GVTARRA zanahoria baby muy fina extra frasco 210 g neto escurrido"],"general_information":["Denominación del alimento: Zanahoria Baby","País de origen: España","Nombre del operador: RIBEREBRO INTEGRAL, SAU","Dirección del operador: Poligono Industrial La Llanada - 26540 Alfaro La Rioja","Cantidad Neta: 345 g","Peso neto escurrido: 190 g","Número de raciones por envase: 1"],"ingredients":[" Zanahoria, agua, sal, cloruro cálcico  y acidulante: ácido cítrico."],"conservation":" Almacenar en ambiente fresco y seco, una vez abierto mantener refrigerado y consumir antes del tercer día de su apertura","ean":"8410514127209"},{"full_name":"PEDRO LUIS zanahoria rallada ecológica frasco 210 g neto escurrido","name":"zanahoria rallada ecológica frasco 210 g neto escurrido","brand":"PEDRO LUIS ","img":"https://sgfm.elcorteingles.es/SGFM/00/08/9/0118025800089/0118025800089000g01011.jpg","price":"1,99 €","price_unit":"(9,48 € / Kilo)","categories":["Supermercado","Alimentación General","Conservas vegetales","Zanahorias","PEDRO LUIS zanahoria rallada ecológica frasco 210 g neto escurrido"],"general_information":["Denominación del alimento: Zanahoria","Nombre del operador: Conservas Pedro Luís, S.L.","Dirección del operador: Pol.Industrial El Ramal, C/ Del Ramal 19 -31580- Lodosa (Navarra)","Cantidad Neta: 345,0 g","Peso neto escurrido: 180,0 g","Otras menciones obligatorias en la etiqueta: Procedente de la agricultura ecológica. ES-ECO-025-NA. Agricultura de España."],"ingredients":[" Zanahoria*, vinagre*, azúcar de caña* y antioxidante: ácido ascórbico (vitamina C). *Procedente de la agricultura ecológica."],"ean":"8425205012863"},{"full_name":"NOLIKO zanahoria rallada para ensalada frasco 190 g neto escurrido","name":"zanahoria rallada para ensalada frasco 190 g neto escurrido","brand":"NOLIKO ","img":"https://sgfm.elcorteingles.es/SGFM/00/45/5/0118025600455/0118025600455000g01011.jpg","price":"1,15 €","price_unit":"(6,05 € / Kilo)","categories":["Supermercado","Alimentación General","Conservas vegetales","Zanahorias","NOLIKO zanahoria rallada para ensalada frasco 190 g neto escurrido"],"general_information":[],"ingredients":[],"ean":"8410292232225"},{"full_name":"AMALUR zanahoria rallada de agricultura ecológica frasco 190 g neto escurrido","name":"zanahoria rallada de agricultura ecológica frasco 190 g neto escurrido","brand":"AMALUR ","img":"https://sgfm.elcorteingles.es/SGFM/00/05/2/0200125800052/0200125800052000g01011.jpg","price":"1,65 €","price_unit":"(8,68 € / Kilo)","categories":["Supermercado","Alimentación General","Conservas vegetales","Zanahorias","AMALUR zanahoria rallada de agricultura ecológica frasco 190 g neto escurrido"],"general_information":["Denominación del alimento: Zanahoria rallada en tiras Bio","País de origen: España","Nombre del operador: JESÚS NAVARRO, S.A.","Dirección del operador: C/ISAAC PERAL, 46 03660 NOVELDA (ALICANTE)","Cantidad Neta: 330 g","Peso neto escurrido: 190 g"],"ingredients":[" Zanahorias*, agua, vinagre, azúcar, sal marina y acidulante (ácido tartárico E-334).*producto procedente de agricultura ecológica"],"ean":"8412422016088"},{"full_name":"GVTARRA col troceada frasco 400 g neto escurrido","name":"col troceada frasco 400 g neto escurrido","brand":"GVTARRA ","img":"https://sgfm.elcorteingles.es/SGFM/dctm/MEDIA03/201612/12/00118029900554____2__600x600.jpg","price":"2,25 €","price_unit":"(5,62 € / Kilo)","categories":["Supermercado","Alimentación General","Conservas vegetales","Choucrut, col y lombarda","GVTARRA col troceada frasco 400 g neto escurrido"],"general_information":["Denominación del alimento: Col troceada","País de origen: España","Nombre del operador: RIBEREBRO INTEGRAL, SAU","Dirección del operador: Poligono Industrial La Llanada - 26540 Alfaro La Rioja","Cantidad Neta: 660 g","Peso neto escurrido: 400 g","Número de raciones por envase: 1"],"ingredients":[" Col (Repollo), agua, sal y antioxidante: E-223 sulfitos"],"conservation":" Una vez abierto el tarro conservar en el frigorífico","ean":"8410514125106"},{"full_name":"HENGSTENBERG chucrut con vino blanco lata 770 g neto escurrido","name":"chucrut con vino blanco lata 770 g neto escurrido","brand":"HENGSTENBERG ","img":"https://sgfm.elcorteingles.es/SGFM/02/15/4/0118029902154/0118029902154000g01011.jpg","price":"1,80 €","price_unit":"(2,34 € / Kilo)","categories":["Supermercado","Alimentación General","Conservas vegetales","Choucrut, col y lombarda","HENGSTENBERG chucrut con vino blanco lata 770 g neto escurrido"],"general_information":["Denominación del alimento: Chucrut suave al vino","Nombre del operador: Hengstenberg Gmbh & Co. Kg","Dirección del operador: Hengstenberg, D-73726 Esslingen","Cantidad Neta: 810,0 g","Peso neto escurrido: 770,0 g"],"ingredients":[" Col blanca, vino, sal. Pasteurizado"],"ean":"0000040081908"},{"full_name":"KUHNE col lombarda frasco 335 g neto escurrido","name":"col lombarda frasco 335 g neto escurrido","brand":"KUHNE ","img":"https://sgfm.elcorteingles.es/SGFM/00/05/9/0118029900059/0118029900059000g01011.jpg","price":"3,65 €","price_unit":"(10,90 € / Kilo)","categories":["Supermercado","Alimentación General","Conservas vegetales","Choucrut, col y lombarda","KUHNE col lombarda frasco 335 g neto escurrido"],"general_information":["Denominación del alimento: Col lombarda","Nombre del operador: Bolton Cile España","Dirección del operador: C/ Ombú nº 3 28045 Madrid, España","Cantidad Neta: 350 g"],"ingredients":[" Col lombarda, vinagre de alcohol, jarabe de glucosa-fructosa, agua, vinagre de vino, azúcar, sal"],"ean":"0000040122991"},{"full_name":"LEUCHTENBERG choucroutte al vino envase 520 g","name":"choucroutte al vino envase 520 g","brand":"LEUCHTENBERG ","img":"https://sgfm.elcorteingles.es/SGFM/dctm/MEDIA03/201606/22/00118029902584____1__600x600.jpg","price":"3,10 €","price_unit":"(6,20 € / Kilo)","categories":["Supermercado","Alimentación General","Conservas vegetales","Choucrut, col y lombarda","LEUCHTENBERG choucroutte al vino envase 520 g"],"general_information":["Denominación del alimento: CHUCRUT AL VINO \"RIESLING\" (CHUCRUT TIPO GOURMET) LISTO PARA SERVIR","País de origen: Alemania","Nombre del operador: Casa Westfalia, S.A.","Dirección del operador: C/ Dels Roures 4, Polígono Industrial V2 - 17111 Vulpellac (Girona)","Cantidad Neta: 520 g","Peso neto escurrido: 500 g","Porcentaje de alcohol: 0%","Número de raciones por envase: 250"],"ingredients":[" Col blanca, sal, aceite de colza, azúcar, vino (2%), especias, antioxidante: ácido ascórbico. Una vez abierto, guardar en frigorífico."],"conservation":" Mantener en lugar fresco y seco","ean":"4002471071004"},{"full_name":"KRAUTBOY choucrut natural lata 700 g neto escurrido","name":"choucrut natural lata 700 g neto escurrido","brand":"KRAUTBOY ","img":"https://sgfm.elcorteingles.es/SGFM/dctm/MEDIA02/CONTENIDOS/201510/09/00200129902193____1__600x600.jpg","price":"1,69 €","price_unit":"(2,41 € / Kilo)","categories":["Supermercado","Alimentación General","Conservas vegetales","Choucrut, col y lombarda","KRAUTBOY choucrut natural lata 700 g neto escurrido"],"general_information":[],"ingredients":[],"ean":"8710488190439"},{"full_name":"KRAUTBOY choucrut al vino blanco lata 700 g neto escurrido","name":"choucrut al vino blanco lata 700 g neto escurrido","brand":"KRAUTBOY ","img":"https://sgfm.elcorteingles.es/SGFM/dctm/MEDIA02/CONTENIDOS/201510/09/00200129902201____1__600x600.jpg","price":"1,69 €","price_unit":"(2,41 € / Kilo)","categories":["Supermercado","Alimentación General","Conservas vegetales","Choucrut, col y lombarda","KRAUTBOY choucrut al vino blanco lata 700 g neto escurrido"],"general_information":[],"ingredients":[],"ean":"8710488190538"},{"full_name":"DEVELEY chucrut listo para tomar frasco 650 g neto escurrido","name":"chucrut listo para tomar frasco 650 g neto escurrido","brand":"DEVELEY ","img":"https://sgfm.elcorteingles.es/SGFM/dctm/MEDIA03/201610/25/00200129902987____1__600x600.jpg","price":"2,95 €","categories":["Supermercado","Alimentación General","Conservas vegetales","Choucrut, col y lombarda","DEVELEY chucrut listo para tomar frasco 650 g neto escurrido"],"general_information":["Denominación del alimento: CHOUCROUTE PASTEURIZADO","País de origen: Alemania","Nombre del operador: Casa Westfalia, S.A.","Dirección del operador: C/ Dels Roures 4, Polígono Industrial V2 - 17111 Vulpellac (Girona)","Cantidad Neta: 680 g","Peso neto escurrido: 650 g"],"ingredients":[" Col blanca, vino blanco, grasa de cerdo, sal, azúcar, almidón de patata, especias, cebollas."],"conservation":" Mantener en lugar fresco y seco. Una vez abierto, mantener refrigerado.","ean":"4003274009676"},{"full_name":"EL CORTE INGLES ensalada china frasco 250 g neto escurrido","name":"ensalada china frasco 250 g neto escurrido","brand":"EL CORTE INGLES ","img":"https://sgfm.elcorteingles.es/SGFM/dctm/MEDIA03/201611/15/00118025601040____1__600x600.jpg","price":"1,25 €","categories":["Supermercado","Alimentación General","Conservas vegetales","Ensaladas","EL CORTE INGLES ensalada china frasco 250 g neto escurrido"],"general_information":["Denominación del alimento: Acidos - Primera","Nombre del operador: Elaborado para El Corte Inglés                                       por Comercial Rioverde Ctra. El Cortijo km 3           26006 Logroño España","Cantidad Neta: 425 g","Peso neto escurrido: 250 g","Número de raciones por envase: 6 de 30 g"],"ingredients":[" Ingredientes: Vegetales en proporción variable (Brotes de judía mungo, zanahoria, setas,  mazorquitas de maíz, pimiento, repollo), vinagre, azúcar, sal, corrector de acidez: ácido cítrico y antioxidantes: ácido ascórbico y  \nmetabisulfito potásico Puede contener trazas de apio y mostaza."],"conservation":" Conservar en lugar fresco y seco. Una vez abierto, consérvese en el frigorífico","ean":"8433329077019"},{"full_name":"EL CORTE INGLES ensalada tropical frasco 250 g neto escurrido","name":"ensalada tropical frasco 250 g neto escurrido","brand":"EL CORTE INGLES ","img":"https://sgfm.elcorteingles.es/SGFM/dctm/MEDIA03/201612/27/00118025601032____1__600x600.jpg","price":"1,25 €","categories":["Supermercado","Alimentación General","Conservas vegetales","Ensaladas","EL CORTE INGLES ensalada tropical frasco 250 g neto escurrido"],"general_information":["Denominación del alimento: Acidos - Primera","Nombre del operador: Elaborado para El Corte Inglés                                       por Comercial Rioverde Ctra. El Cortijo km 3           26006 Logroño España","Cantidad Neta: 425 g","Peso neto escurrido: 250 g","Número de raciones por envase: 6 de 30 g"],"ingredients":[" Ingredientes: Vegetales en proporción variable (Zanahoria, maíz en grano, piña,  apio, palmito, pimiento), vinagre, azúcar, sal,  corrector de acidez: ácido cítrico y antioxidantes: ácido ascórbico y metabisulfito potásico. Puede contener trazas de mostaza."],"conservation":" Conservar en lugar fresco y seco. Una vez abierto, consérvese en el frigorífico","ean":"8433329077002"},{"full_name":"BONDUELLE ensalada mediterránea frasco 300 g neto escurrido","name":"ensalada mediterránea frasco 300 g neto escurrido","brand":"BONDUELLE ","img":"https://sgfm.elcorteingles.es/SGFM/00/12/5/0118025600125/0118025600125000g01011.jpg","price":"2,35 €","price_unit":"(7,83 € / Kilo)","categories":["Supermercado","Alimentación General","Conservas vegetales","Ensaladas","BONDUELLE ensalada mediterránea frasco 300 g neto escurrido"],"general_information":["Denominación del alimento: Ensalada Mediterranea 580 P1","País de origen: Francia","Nombre del operador: Bonduelle Ibérica S.A.U.","Dirección del operador: Bonduelle Ibérica S.A.U.","Cantidad Neta: 530 g","Peso neto escurrido: 310 g"],"ingredients":[" ingredientes:Mezcla de verduras en proporción variable: Maíz dulce en granos, brotes de judía mungo, zanahoria rallada, mazorquitas de maíz troceadas, pimiento rojo. Jugo: Agua, vinagre de alcohol, sal, azúcar."],"conservation":" Antes de abrir, conservar en lugar seco,resguardado de la luz y de fuertes variaciones de temperatura. Una vez abierto,  conservar refrigerado y consumir antes de 5 dias","ean":"8410375110693"},{"full_name":"EL CORTE INGLES corazones de palmito frasco 250 g neto escurrido","name":"corazones de palmito frasco 250 g neto escurrido","brand":"EL CORTE INGLES ","img":"https://sgfm.elcorteingles.es/SGFM/dctm/MEDIA03/201604/22/00118025600869____2__600x600.jpg","price":"2,25 €","price_unit":"(9 € / Kilo)","categories":["Supermercado","Alimentación General","Conservas vegetales","Palmito","EL CORTE INGLES corazones de palmito frasco 250 g neto escurrido"],"general_information":["Nombre del operador: Elaborado para el / Produzido para o\nGrupo El Corte Inglés\nHermosilla, 112   28009 Madrid ? España / Espanha\npor CIF: 0455345","Lugar de procedencia del alimento: Origen: Costa Rica","Cantidad Neta: 410 g","Peso neto escurrido: 250 g","Número de raciones por envase: 6-7"],"ingredients":[" Ingredientes: corazones de palmito, agua, sal y ácido cítrico (acidulante)."],"conservation":" Conservar en lugar fresco y seco\nUna vez abierto, mantener refrigerado un máximo de 5 días.","ean":"8433329053945"},{"full_name":"GIGANTE VERDE corazones de palmito enteros frasco 250 g neto escurrido","name":"corazones de palmito enteros frasco 250 g neto escurrido","brand":"GIGANTE VERDE ","img":"https://sgfm.elcorteingles.es/SGFM/dctm/MEDIA03/201710/10/00118025600851____2__600x600.jpg","price":"4,15 €            ","price_unit":"(14,60 € / Kilo)","categories":["Supermercado","Alimentación General","Conservas vegetales","Palmito","GIGANTE VERDE corazones de palmito enteros frasco 250 g neto escurrido"],"general_information":["Denominación del alimento: Corazones de palmito enteros","Nombre del operador: GENERAL MILLS IBERICA S.A.U.","Dirección del operador: C/Serrano Galvache, 56, Complejo Parque Norte, Edificio Álamo, planta 12, 28033 Madrid, España.","Cantidad Neta: 415 g","Peso neto escurrido: 250 g","Número de raciones por envase: 3"],"ingredients":[" Corazones de palmito, agua, sal, acidulante: ácido cítrico, antioxidante: ácido ascórbico."],"conservation":" Conservar en lugar fresco y seco.Una vez abierto, mantener en el frigorífico y consumir en 2 días.","ean":"8410076007070"},{"full_name":"GIGANTE VERDE mini corazones de palmito cortados pack 2 lata 135 g neto escurrido","name":"mini corazones de palmito cortados pack 2 lata 135 g neto escurrido","brand":"GIGANTE VERDE ","img":"https://sgfm.elcorteingles.es/SGFM/dctm/MEDIA03/201710/10/00118025600638____2__600x600.jpg","price":"4,05 €","price_unit":"(15 € / Kilo)","categories":["Supermercado","Alimentación General","Conservas vegetales","Palmito","GIGANTE VERDE mini corazones de palmito cortados pack 2 lata 135 g neto escurrido"],"general_information":["Denominación del alimento: Mini corazones de palmitos cortados","Nombre del operador: GENERAL MILLS IBERICA S.A.U.","Dirección del operador: C/Serrano Galvache, 56, Complejo Parque Norte, Edificio Álamo, planta 12, 28033 Madrid, España.","Cantidad Neta: 200 g","Peso neto escurrido: 110 g","Número de raciones por envase: 2"],"ingredients":[" Corazones de palmito, agua, sal, acidulante: ácido cítrico; antioxidante: ácido ascórbico."],"conservation":" Una vez abierto, mantener en el frigorífico en un recipiente no metálico y consumir en 2 días.","ean":"3254474000524"},{"full_name":"CORAZON TIERNO palmito al natural extrafino frasco 100 g neto escurrido","name":"palmito al natural extrafino frasco 100 g neto escurrido","brand":"CORAZON TIERNO ","img":"https://sgfm.elcorteingles.es/SGFM/dctm/MEDIA03/201608/02/00118025600687____1__600x600.jpg","price":"1,50 €","price_unit":"(15 € / Kilo)","categories":["Supermercado","Alimentación General","Conservas vegetales","Palmito","CORAZON TIERNO palmito al natural extrafino frasco 100 g neto escurrido"],"general_information":[],"ingredients":[],"ean":"8437014981018"},{"full_name":"CORAZON TIERNO medallones de palmito al natural especial para ensaladas frasco 250 g neto escurrido","name":"medallones de palmito al natural especial para ensaladas frasco 250 g neto escurrido","brand":"CORAZON TIERNO ","img":"https://sgfm.elcorteingles.es/SGFM/dctm/MEDIA03/201709/06/00118025600828____1__600x600.jpg","price":"2,39 €","price_unit":"(9,56 € / Kilo)","categories":["Supermercado","Alimentación General","Conservas vegetales","Palmito","CORAZON TIERNO medallones de palmito al natural especial para ensaladas frasco 250 g neto escurrido"],"general_information":[],"ingredients":[],"ean":"8437014981025"},{"full_name":"DANI palmitos al natural pack 2 tarros 110 g neto escurrido","name":"palmitos al natural pack 2 tarros 110 g neto escurrido","brand":"DANI ","img":"https://sgfm.elcorteingles.es/SGFM/dctm/MEDIA02/CONTENIDOS/201409/23/00118025600778____1__600x600.jpg","price":"3,90 €","price_unit":"(17,73 € / Kilo)","categories":["Supermercado","Alimentación General","Conservas vegetales","Palmito","DANI palmitos al natural pack 2 tarros 110 g neto escurrido"],"general_information":["Denominación del alimento: Palmitos al Natural","Nombre del operador: Conservas Dani S.A.U.","Dirección del operador: Pol. Ind. \"Els Garrofers\" · Parc 32-35-37, Vilassar de Mar (Barcelona)","Cantidad Neta: 380,0 g"],"ingredients":[" Palmitos, agua, sal y acidulante E-330"],"conservation":" Una vez abierto mantener en refrigeración y consumir inmediatamente","ean":"8410721095643"},{"full_name":"EL CORTE INGLES patata entera extra frasco 450 g neto escurrido","name":"patata entera extra frasco 450 g neto escurrido","brand":"EL CORTE INGLES ","img":"https://sgfm.elcorteingles.es/SGFM/01/84/2/0118029901842/0118029901842000g01011.jpg","price":"2,05 €","price_unit":"(4,56 € / Kilo)","categories":["Supermercado","Alimentación General","Conservas vegetales","Vegetales diversos","EL CORTE INGLES patata entera extra frasco 450 g neto escurrido"],"general_information":["Denominación del alimento: Patatas enteras. Calidad Extra","Nombre del operador: Elaborado y distribuido para El Corte Ingles \npor\n Grupo Riberebro \nPolígono Industrial La Llanada\n 26540 Alfaro (La Rioja) España","Cantidad Neta: 660 g","Peso neto escurrido: 450 g","Número de raciones por envase: 4"],"ingredients":[" Ingredientes: Patata , agua , sal y antioxidante: ácido ascórbico."],"conservation":" Almacenar en ambiente fresco y seco. Una vez abierto el tarro conservar en el frigorífico.","ean":"8433329054058"},{"full_name":"EL CORTE INGLES brotes germinados frasco 250 g neto escurrido","name":"brotes germinados frasco 250 g neto escurrido","brand":"EL CORTE INGLES ","img":"https://sgfm.elcorteingles.es/SGFM/dctm/MEDIA03/201611/15/00118025601008____1__600x600.jpg","price":"1,25 €","categories":["Supermercado","Alimentación General","Conservas vegetales","Vegetales diversos","EL CORTE INGLES brotes germinados frasco 250 g neto escurrido"],"general_information":["Denominación del alimento: Acidos - Extra","Nombre del operador: Elaborado para El Corte Inglés                                       por Comercial Rioverde Ctra. El Cortijo km 3           26006 Logroño España","Cantidad Neta: 425 g","Peso neto escurrido: 250 g","Número de raciones por envase: 6 de 30 g"],"ingredients":[" Ingredientes: Brotes de judía mungo, vinagre,  azúcar, sal, corrector de acidez: ácido cítrico y antioxidantes: ácido ascórbico y  metabisulfito potásico. Puede contener trazas de apio y mostaza."],"conservation":" Conservar en lugar fresco y seco. Una vez abierto, consérvese en el frigorífico","ean":"8433329076968"},{"full_name":"EL CORTE INGLES apio rallado en hilos frasco 250 g neto escurrido","name":"apio rallado en hilos frasco 250 g neto escurrido","brand":"EL CORTE INGLES ","img":"https://sgfm.elcorteingles.es/SGFM/dctm/MEDIA03/201612/27/00118025600984____1__600x600.jpg","price":"0,79 €","categories":["Supermercado","Alimentación General","Conservas vegetales","Vegetales diversos","EL CORTE INGLES apio rallado en hilos frasco 250 g neto escurrido"],"general_information":["Denominación del alimento: Acidos - Primera - En tiras","Nombre del operador: Elaborado para El Corte Inglés                                       por Comercial Rioverde Ctra. El Cortijo km 3           26006 Logroño España","Cantidad Neta: 425 g","Peso neto escurrido: 250 g","Número de raciones por envase: 6 de 30 g"],"ingredients":[" Ingredientes: Apio,  vinagre (sulfitos),  azúcar,  sal,  corrector de acidez: ácido cítrico y antioxidantes: ácido ascórbico y  metabisulfito potásico. Puede contener trazas de mostaza."],"conservation":" Conservar en lugar fresco y seco. Una vez abierto, consérvese en el frigorífico","ean":"8433329076951"},{"full_name":"GVTARRA pochas de Navarra al natural frasco 400 g neto escurrido","name":"pochas de Navarra al natural frasco 400 g neto escurrido","brand":"GVTARRA ","img":"https://sgfm.elcorteingles.es/SGFM/dctm/MEDIA02/CONTENIDOS/201601/21/00200129902904____1__600x600.jpg","price":"4,29 €            ","price_unit":"(5,80 € / Kilo)","categories":["Supermercado","Alimentación General","Conservas vegetales","Vegetales diversos","GVTARRA pochas de Navarra al natural frasco 400 g neto escurrido"],"general_information":["Denominación del alimento: Alubias Pochas frescas","País de origen: España","Nombre del operador: RIBEREBRO INTEGRAL, SAU","Dirección del operador: Poligono Industrial La Llanada - 26540 Alfaro La Rioja","Cantidad Neta: 560 g","Peso neto escurrido: 400 g","Número de raciones por envase: 1"],"ingredients":[" Alubias pochas, agua, sal, antioxidante: E-223 y contiene Sulfitos"],"conservation":" Una vez abierto el tarro conservar en el frigorífico","ean":"8435307400758"},{"full_name":"GVTARRA pochas de Navarra con setas frasco 400 g neto escurrido","name":"pochas de Navarra con setas frasco 400 g neto escurrido","brand":"GVTARRA ","img":"https://sgfm.elcorteingles.es/SGFM/dctm/MEDIA02/CONTENIDOS/201411/18/00118029902907____1__600x600.jpg","price":"3,45 €            ","price_unit":"(7,12 € / Kilo)","categories":["Supermercado","Alimentación General","Conservas vegetales","Vegetales diversos","GVTARRA pochas de Navarra con setas frasco 400 g neto escurrido"],"general_information":["Denominación del alimento: Alubias pochas frescas con setas","País de origen: España","Nombre del operador: RIBEREBRO INTEGRAL, SAU","Dirección del operador: Poligono Industrial La Llanada - 26540 Alfaro La Rioja","Cantidad Neta: 560 g","Peso neto escurrido: 400 g","Número de raciones por envase: 1"],"ingredients":[" Pocha (Phaseolus vulgaris), setas cutivadas(7,5%)0(Pholiota nameko), sal, antioxidante E-223 y Boletus edulis en polvo. Contiene sulfitos."],"conservation":" Una vez abierto el tarro conservar en el frigorífico","ean":"8435307402134"},{"full_name":"GVTARRA pochas de Navarra con borraja frasco 400 g neto escurrido","name":"pochas de Navarra con borraja frasco 400 g neto escurrido","brand":"GVTARRA ","img":"https://sgfm.elcorteingles.es/SGFM/dctm/MEDIA03/201612/12/00118029902881____2__600x600.jpg","price":"3,45 €            ","price_unit":"(7,12 € / Kilo)","categories":["Supermercado","Alimentación General","Conservas vegetales","Vegetales diversos","GVTARRA pochas de Navarra con borraja frasco 400 g neto escurrido"],"general_information":["Denominación del alimento: Alubias pochas frescas con borraja","País de origen: España","Nombre del operador: RIBEREBRO INTEGRAL, SAU","Dirección del operador: Poligono Industrial La Llanada - 26540 Alfaro La Rioja","Cantidad Neta: 560 g","Peso neto escurrido: 400 g","Número de raciones por envase: 1"],"ingredients":[" Alubias pochas, borraja (35%), agua, sal, antioxidante: E-223 sulfitos"],"conservation":" Una vez abierto el tarro conservar en el frigorífico","ean":"8435307402110"},{"full_name":"GVTARRA pochas de Navarra con cardo frasco 400 g neto escurrido","name":"pochas de Navarra con cardo frasco 400 g neto escurrido","brand":"GVTARRA ","img":"https://sgfm.elcorteingles.es/SGFM/dctm/MEDIA03/201612/12/00118029902899____2__600x600.jpg","price":"3,45 €            ","price_unit":"(7,12 € / Kilo)","categories":["Supermercado","Alimentación General","Conservas vegetales","Vegetales diversos","GVTARRA pochas de Navarra con cardo frasco 400 g neto escurrido"],"general_information":["Denominación del alimento: Alubias pochas frescas con cardo","País de origen: España","Nombre del operador: RIBEREBRO INTEGRAL, SAU","Dirección del operador: Poligono Industrial La Llanada - 26540 Alfaro La Rioja","Cantidad Neta: 560 g","Peso neto escurrido: 400 g","Número de raciones por envase: 1"],"ingredients":[" Alubias pochas, cardo (20%), agua, sal, antioxidante:E-223, contiene Sulfitos"],"conservation":" Una vez abierto el tarro conservar en el frigorífico","ean":"8435307402127"},{"full_name":"GVTARRA patatas enteras frasco 450 g neto escurrido","name":"patatas enteras frasco 450 g neto escurrido","brand":"GVTARRA ","img":"https://sgfm.elcorteingles.es/SGFM/dctm/MEDIA03/201612/12/00118029900596____1__600x600.jpg","price":"2,25 €","price_unit":"(5 € / Kilo)","categories":["Supermercado","Alimentación General","Conservas vegetales","Vegetales diversos","GVTARRA patatas enteras frasco 450 g neto escurrido"],"general_information":["Denominación del alimento: Patata Entera Extra","País de origen: España","Nombre del operador: RIBEREBRO INTEGRAL, SAU","Dirección del operador: Poligono Industrial La Llanada - 26540 Alfaro La Rioja","Cantidad Neta: 660 g","Peso neto escurrido: 450 g","Número de raciones por envase: 1"],"ingredients":[" Patata, agua, sal y antioxidante: ácido ascórbico."],"conservation":" Almacenar en ambiente fresco y seco, una vez abierto mantener refrigerado y consumir antes del tercer día de su apertura","ean":"8410514132104"},{"full_name":"GVTARRA grelos frasco 425 g neto escurrido","name":"grelos frasco 425 g neto escurrido","brand":"GVTARRA ","img":"https://sgfm.elcorteingles.es/SGFM/00/94/3/0118029900943/0118029900943000g01011.jpg","price":"2,89 €","price_unit":"(6,80 € / Kilo)","categories":["Supermercado","Alimentación General","Conservas vegetales","Vegetales diversos","GVTARRA grelos frasco 425 g neto escurrido"],"general_information":["Denominación del alimento: Grelos","País de origen: España","Nombre del operador: RIBEREBRO INTEGRAL, SAU","Dirección del operador: Poligono Industrial La Llanada - 26540 Alfaro La Rioja","Cantidad Neta: 660 g","Peso neto escurrido: 425 g","Número de raciones por envase: 1"],"ingredients":[" Grelos, agua, sal y antioxidante: ácido ascórbico"],"conservation":" Una vez abierto el tarro conservar en el frigorífico","ean":"8410514137109"},{"full_name":"GVTARRA coles de Bruselas frasco 400 g neto escurrido","name":"coles de Bruselas frasco 400 g neto escurrido","brand":"GVTARRA ","img":"https://sgfm.elcorteingles.es/SGFM/dctm/MEDIA03/201612/12/00118029900364____2__600x600.jpg","price":"2,25 €","price_unit":"(5,62 € / Kilo)","categories":["Supermercado","Alimentación General","Conservas vegetales","Vegetales diversos","GVTARRA coles de Bruselas frasco 400 g neto escurrido"],"general_information":["Denominación del alimento: Coles de bruselas Extra","País de origen: España","Nombre del operador: RIBEREBRO INTEGRAL, SAU","Dirección del operador: Poligono Industrial La Llanada - 26540 Alfaro La Rioja","Cantidad Neta: 660 g","Peso neto escurrido: 400 g","Número de raciones por envase: 1"],"ingredients":[" Coles, agua, sal y antioxidante: ácido ascórbico."],"conservation":" Una vez abierto el tarro conservar en el frigorífico","ean":"8410514111109"},{"full_name":"GVTARRA habitas tiernas extra finas frasco 210 g neto escurrido","name":"habitas tiernas extra finas frasco 210 g neto escurrido","brand":"GVTARRA ","img":"https://sgfm.elcorteingles.es/SGFM/dctm/MEDIA03/201612/12/00118029900372____1__600x600.jpg","price":"7,19 €            ","price_unit":"(23,57 € / Kilo)","categories":["Supermercado","Alimentación General","Conservas vegetales","Vegetales diversos","GVTARRA habitas tiernas extra finas frasco 210 g neto escurrido"],"general_information":["Denominación del alimento: Habitas Tiernas","País de origen: España","Nombre del operador: RIBEREBRO INTEGRAL, SAU","Dirección del operador: Poligono Industrial La Llanada - 26540 Alfaro La Rioja","Cantidad Neta: 345 g","Peso neto escurrido: 210 g","Número de raciones por envase: 1"],"ingredients":[" Habas, agua, sal"],"conservation":" Almacenar en ambiente fresco y seco, una vez abierto mantener refrigerado y consumir antes del tercer día de su apertura","ean":"8410514116203"},{"full_name":"P&W cebolla frita crujiente envase 100 g","name":"cebolla frita crujiente envase 100 g","brand":"P&W ","img":"https://sgfm.elcorteingles.es/SGFM/dctm/MEDIA03/201606/23/00118029900711____1__600x600.jpg","price":"1,40 €            ","price_unit":"(12,50 € / Kilo)","categories":["Supermercado","Alimentación General","Conservas vegetales","Vegetales diversos","P&W cebolla frita crujiente envase 100 g"],"general_information":["Denominación del alimento: CEBOLLA FRITA CRUJIENTE DESHIDRATADA","País de origen: Países Bajos","Nombre del operador: Casa Westfalia, S.A.","Dirección del operador: C/ Dels Roures 4, Polígono Industrial V2 - 17111 Vulpellac (Girona)","Cantidad Neta: 100 g"],"ingredients":[" Cebolla 76%, aceite de palma, harina de trigo, sal."],"conservation":" Mantener en lugar fresco y seco","ean":"4001812002103"},{"full_name":"P&W cebolla frita crujiente envase 200 g","name":"cebolla frita crujiente envase 200 g","brand":"P&W ","img":"https://sgfm.elcorteingles.es/SGFM/02/75/8/0118029902758/0118029902758000g01011.jpg","price":"1,99 €","price_unit":"(9,95 € / Kilo)","categories":["Supermercado","Alimentación General","Conservas vegetales","Vegetales diversos","P&W cebolla frita crujiente envase 200 g"],"general_information":["Denominación del alimento: CEBOLLA FRITA CRUJIENTE DESHIDRATADA","País de origen: Países Bajos","Nombre del operador: Casa Westfalia, S.A.","Dirección del operador: C/ Dels Roures 4, Polígono Industrial V2 - 17111 Vulpellac (Girona)","Cantidad Neta: 200 g"],"ingredients":[" Cebolla, aceite de palma, harina de trigo, sal."],"conservation":" Mantener en lugar fresco y seco","ean":"4001812001724"},{"full_name":"HIDA cebolla frita pack 2 latas 155 g","name":"cebolla frita pack 2 latas 155 g","brand":"HIDA ","img":"https://sgfm.elcorteingles.es/SGFM/02/31/1/0118029902311/0118029902311000g01011.jpg","price":"1,49 €","price_unit":"(4,81 € / Kilo)","categories":["Supermercado","Alimentación General","Conservas vegetales","Vegetales diversos","HIDA cebolla frita pack 2 latas 155 g"],"general_information":["Denominación del alimento: Cebolla frita.","Nombre del operador: Hida Alimentación, S.A.","Dirección del operador: Pol. El Arreaque. Apdo. 70 -30.170 Mula (Murcia)-España.","Cantidad Neta: 310 g","Otras menciones obligatorias en la etiqueta: Sin gluten. No OGM's."],"ingredients":[" Cebolla, aceite de oliva virgen extra (11.4%, sal y acidulante: ácido cítrico."],"conservation":"Modo de empleo: Consumo directo o utilización del mismo como ingrediente o guarnición en la elaboración de otros platos.","ean":"8424523110107"},{"full_name":"CATALIMENT perlas de trufa envase 50 g","name":"perlas de trufa envase 50 g","brand":"CATALIMENT ","img":"https://sgfm.elcorteingles.es/SGFM/dctm/MEDIA02/CONTENIDOS/201504/14/00118384001394____1__600x600.jpg","price":"6,60 €","price_unit":"(132 € / Kilo)","categories":["Supermercado","Alimentación General","Conservas vegetales","Vegetales diversos","CATALIMENT perlas de trufa envase 50 g"],"general_information":["Denominación del alimento: Perlas Trufa","Nombre del operador: Cataliment S.L","Dirección del operador: Pol.Ind. Oeste- Parcela 9-13D-Módulo C- CP 30820 Alcantarilla- Murcia- España","Cantidad Neta: 50 g","Otras menciones obligatorias en la etiqueta: Contiene mostaza."],"ingredients":[" Agua, jugo trufa melanosporum 15%, trufa melanosporum 5% (epecie Tuber Melanosporum, zona España), almidón de patata modificado, sal, estabilizador goma xantana, especias, azúcar caramelizado, acidulante ácido cítrico, zumo de limón, aroma natural de trufa, espesante goma guar. Contiene mostaza."],"conservation":" Conservar en frío entre 2 y 10°C.","ean":"8437012580220"},{"full_name":"BONDUELLE brotes de soja pack 3 latas 90 g neto escurrido","name":"brotes de soja pack 3 latas 90 g neto escurrido","brand":"BONDUELLE ","img":"https://sgfm.elcorteingles.es/SGFM/00/18/2/0118025600182/0118025600182000g01011.jpg","price":"2,45 €","price_unit":"(9,07 € / Kilo)","categories":["Supermercado","Alimentación General","Conservas vegetales","Vegetales diversos","BONDUELLE brotes de soja pack 3 latas 90 g neto escurrido"],"general_information":["Denominación del alimento: Brotes de soja 212 P3","País de origen: Francia","Nombre del operador: Bonduelle Ibérica S.A.U.","Dirección del operador: Bonduelle Ibérica S.A.U.","Cantidad Neta: 600,0 g","Peso neto escurrido: 270,0 g"],"ingredients":[" ingredientes:Brotes de Judía Mungo, agua, azúcar, sal, condimento balsámico blanco (vinagre de vino blanco, mosto de uva blanca), acidulante: ácido cítrico, antioxidante: ácido ascórbico."],"conservation":" Antes de abrir, conservar en lugar seco,resguardado de la luz y de fuertes variaciones de temperatura. Una vez abierto,  conservar refrigerado y consumir antes de 5 dias","ean":"8410375110273"},{"full_name":"IBSA cebolla frita del bierzo con aceite de oliva frasco 280 g","name":"cebolla frita del bierzo con aceite de oliva frasco 280 g","brand":"IBSA ","img":"https://sgfm.elcorteingles.es/SGFM/00/61/2/0118029900612/0118029900612000g01011.jpg","price":"1,15 €","price_unit":"(4,11 € / Kilo)","categories":["Supermercado","Alimentación General","Conservas vegetales","Vegetales diversos","IBSA cebolla frita del bierzo con aceite de oliva frasco 280 g"],"general_information":["Denominación del alimento: Cebolla frita","Nombre del operador: INDUSTRIAS DEL BIERZO S.A.","Dirección del operador: C/ San Roque s/n Carracedelo, 24549","Cantidad Neta: 285 g"],"ingredients":[" Cebolla, aceite de oliva (5%), sal, acidulante: ácido cítrico y antioxidante: ácido ascórbico."],"ean":"8412464090916"},{"full_name":"IBSA cebolla caramelizada frasco 240 g neto escurrido","name":"cebolla caramelizada frasco 240 g neto escurrido","brand":"IBSA ","img":"https://sgfm.elcorteingles.es/SGFM/dctm/MEDIA03/201703/02/00118029902659____1__600x600.jpg","price":"1,65 €            ","price_unit":"(5,62 € / Kilo)","categories":["Supermercado","Alimentación General","Conservas vegetales","Vegetales diversos","IBSA cebolla caramelizada frasco 240 g neto escurrido"],"general_information":["Denominación del alimento: Cebolla caramelizada","Nombre del operador: Industrias del Bierzo S.A","Dirección del operador: C/ San Roque, s/n 24549 Carracedelo (León) España","Cantidad Neta: 250 g","Otras menciones obligatorias en la etiqueta: Sin gluten. Sin colorantes ni conservantes."],"ingredients":[" Cebolla, azúcar (15%), aceite de oliva (3%), acidulante: ácido cítrico."],"conservation":" Una vez abierto conservar en el frigorífico máximo 5 días.","ean":"8412464094129"},{"full_name":"IBSA calabaza caramelizada frasco 240 g","name":"calabaza caramelizada frasco 240 g","brand":"IBSA ","img":"https://sgfm.elcorteingles.es/SGFM/dctm/MEDIA03/201704/06/00118029903327____1__600x600.jpg","price":"1,95 €","price_unit":"(8,12 € / Kilo)","categories":["Supermercado","Alimentación General","Conservas vegetales","Vegetales diversos","IBSA calabaza caramelizada frasco 240 g"],"general_information":["Denominación del alimento: CALABAZA CARAMELIZADA","Nombre del operador: INDUSTRIAS DEL BIERZO S.A.","Dirección del operador: C/ San Roque s/n Carracedelo, 24549","Cantidad Neta: 240 g"],"ingredients":[" Calabaza (59%), azúcar, agua, corteza de limón, aceite de oliva (3%), jengibre y ácido cítrico."],"ean":"8412464180204"},{"full_name":"ARANCA habas baby al natural frasco 425 g neto escurrido","name":"habas baby al natural frasco 425 g neto escurrido","brand":"ARANCA ","img":"https://sgfm.elcorteingles.es/SGFM/dctm/MEDIA03/201606/28/00118029903053____1__600x600.jpg","price":"1,65 €","categories":["Supermercado","Alimentación General","Conservas vegetales","Vegetales diversos","ARANCA habas baby al natural frasco 425 g neto escurrido"],"general_information":["Denominación del alimento: Habas Baby","Nombre del operador: Selfoods SAU","Dirección del operador: El Rebato s/n 08739 SUBIRATS (Barcelona)","Cantidad Neta: 680 g","Peso neto escurrido: 425 g","Otras menciones obligatorias en la etiqueta: No contiene alérgenos."],"ingredients":[" Habas , agua, sal, antioxidante:ácido ascórbico (E300)"],"conservation":" Una vex abierto guardar en el frigorífico máximo 3 días","ean":"8412766500915"},{"full_name":"ARANCA tomates secos en aceite frasco 190 g","name":"tomates secos en aceite frasco 190 g","brand":"ARANCA ","img":"https://sgfm.elcorteingles.es/SGFM/00/77/8/0118027500778/0118027500778000g01011.jpg","price":"2,45 €            ","price_unit":"(10,26 € / Kilo)","categories":["Supermercado","Alimentación General","Conservas vegetales","Vegetales diversos","ARANCA tomates secos en aceite frasco 190 g"],"general_information":[],"ingredients":[],"ean":"8436021661104"},{"full_name":"ARANCA Escalivada artesanal frasco 285 g neto escurrido","name":"Escalivada artesanal frasco 285 g neto escurrido","brand":"ARANCA ","img":"https://sgfm.elcorteingles.es/SGFM/01/25/5/0118026101255/0118026101255000g01011.jpg","price":"3,25 €","price_unit":"(11,40 € / Kilo)","categories":["Supermercado","Alimentación General","Conservas vegetales","Vegetales diversos","ARANCA Escalivada artesanal frasco 285 g neto escurrido"],"general_information":["Denominación del alimento: Escalivada","Nombre del operador: Selfoods SAU","Dirección del operador: El Rebato s/n 08739 SUBIRATS (Barcelona)","Cantidad Neta: 350 g","Peso neto escurrido: 285 g"],"ingredients":[" Pimientos, berenjena y cebolla. Acidulante ( ácido cítrico)."],"conservation":" Recomendaciones de almacenaje: temperatura máxima de 25 °C y humedad relativa mínima de 80 %.","ean":"8412766981509"},{"full_name":"CASTELLO tomate seco en aceite frasco 280 g neto escurrido","name":"tomate seco en aceite frasco 280 g neto escurrido","brand":"CASTELLO ","price":"3,25 €","price_unit":"(11,61 € / Kilo)","categories":["Supermercado","Alimentación General","Conservas vegetales","Vegetales diversos","CASTELLO tomate seco en aceite frasco 280 g neto escurrido"],"general_information":["Denominación del alimento: Pomodori Secchi","Nombre del operador: Garda Import, S.L.","Dirección del operador: C/ Joan Torruella i Urpina, 37 Nave 1 - 08758 Cervelló - Barcelona","Cantidad Neta: 280,0 g"],"ingredients":[" Tomates secos, aceite de semillas de girasol, vinagre de vino, sal, albahaca, perejil, aromas naturales. Antioxidante: Ácido L-Ascórbico."],"conservation":" Temperatura ambiente (20 - 25°C)","ean":"8437004689337"},{"full_name":"CASTELO Grelos gallegos I. G. P. lata 460 g neto escurrido","name":"Grelos gallegos I. G. P. lata 460 g neto escurrido","brand":"CASTELO ","img":"https://sgfm.elcorteingles.es/SGFM/00/56/2/0118029900562/0118029900562000g01011.jpg","price":"2,55 €","price_unit":"(5,54 € / Kilo)","categories":["Supermercado","Alimentación General","Conservas vegetales","Vegetales diversos","CASTELO Grelos gallegos I. G. P. lata 460 g neto escurrido"],"general_information":["Denominación del alimento: Grelos al natural","Nombre del operador: Champivil, S.L.","Dirección del operador: C/Mourence 6, 27820 Villalba (Lugo).","Cantidad Neta: 850 g"],"ingredients":[" Grelos, agua y sal."],"conservation":" Almacenar en lugar oscuro, fresco y seco. Una vez abierto el envase conservar en el frigorífico, no más de 48 horas.","ean":"8437003326059"},{"full_name":"CASTELO Grelos gallegos I. G. P. lata 230 g neto escurrido","name":"Grelos gallegos I. G. P. lata 230 g neto escurrido","brand":"CASTELO ","img":"https://sgfm.elcorteingles.es/SGFM/00/57/0/0118029900570/0118029900570000g01011.jpg","price":"1,45 €","price_unit":"(6,30 € / Kilo)","categories":["Supermercado","Alimentación General","Conservas vegetales","Vegetales diversos","CASTELO Grelos gallegos I. G. P. lata 230 g neto escurrido"],"general_information":["Denominación del alimento: Grelos al natural","Nombre del operador: Champivil, S.L.","Dirección del operador: C/Mourence 6, 27820 Villalba (Lugo).","Cantidad Neta: 425 g"],"ingredients":[" Grelos, agua y sal."],"conservation":" Almacenar en lugar oscuro, fresco y seco. Una vez abierto el envase conservar en el frigorífico, no más de 48 horas.","ean":"8437003326110"},{"full_name":"CASTELO berzas al natural frasco 300 g neto escurrido","name":"berzas al natural frasco 300 g neto escurrido","brand":"CASTELO ","img":"https://sgfm.elcorteingles.es/SGFM/00/79/4/0118029900794/0118029900794000g01011.jpg","price":"2,95 €","price_unit":"(9,83 € / Kilo)","categories":["Supermercado","Alimentación General","Conservas vegetales","Vegetales diversos","CASTELO berzas al natural frasco 300 g neto escurrido"],"general_information":["Denominación del alimento: Berzas al natural","Nombre del operador: Champivil, S.L.","Dirección del operador: C/Mourence 6, 27820 Villalba (Lugo).","Cantidad Neta: 850 g"],"ingredients":[" Berza, agua y sal."],"conservation":" Almacenar en lugar oscuro, fresco y seco. Una vez abierto el envase conservar en el frigorífico, no más de 48 horas.","ean":"8437003326158"},{"full_name":"ALSUR habas cocidas al natural frasco 425 g neto escurrido","name":"habas cocidas al natural frasco 425 g neto escurrido","brand":"ALSUR ","img":"https://sgfm.elcorteingles.es/SGFM/02/70/9/0118029902709/0118029902709000g01011.jpg","price":"2,19 €","price_unit":"(5,15 € / Kilo)","categories":["Supermercado","Alimentación General","Conservas vegetales","Vegetales diversos","ALSUR habas cocidas al natural frasco 425 g neto escurrido"],"general_information":["Denominación del alimento: Habas finas al natural","País de origen: Bélgica","Nombre del operador: Sola de Antequera S.A.","Dirección del operador: Ctra. Córdoba-Málaga km 520 29200 Antequera (Málaga)","Lugar de procedencia del alimento: Bélgica, Países Bajos, Alemania","Cantidad Neta: 680,0 g","Peso neto escurrido: 425,0 g"],"ingredients":[" Habas, Agua, Sal y Antioxidante: Ácido Ascórbico."],"conservation":" Conservar en un lugar fresco, seco y protegido del sol.","ean":"8420309210009"},{"full_name":"CARNE trufas indicum frasco 50 g","name":"trufas indicum frasco 50 g","brand":"CARNE ","img":"https://sgfm.elcorteingles.es/SGFM/00/12/5/0118029900125/0118029900125000g01011.jpg","price":"13,50 €            ","price_unit":"(205 € / Kilo)","categories":["Supermercado","Alimentación General","Conservas vegetales","Vegetales diversos","CARNE trufas indicum frasco 50 g"],"general_information":["Denominación del alimento: Trufa","Nombre del operador: Conservas Carné, S.A.","Dirección del operador: P.I. Congost Parc. 4 Sur Nave 6, 08530 La Garriga, Barcelona.","Cantidad Neta: 65 g","Peso neto escurrido: 50 g"],"ingredients":[" Trufa Indicum, jugo de Trufa Indicum y sal."],"ean":"8412792202050"},{"full_name":"CARNE carne de trufas indicum frasco 10 g","name":"carne de trufas indicum frasco 10 g","brand":"CARNE ","img":"https://sgfm.elcorteingles.es/SGFM/00/01/8/0118029900018/0118029900018000g01011.jpg","price":"3,55 €            ","price_unit":"(265 € / Kilo)","categories":["Supermercado","Alimentación General","Conservas vegetales","Vegetales diversos","CARNE carne de trufas indicum frasco 10 g"],"general_information":["Denominación del alimento: Trufa","Nombre del operador: Conservas Carné, S.A.","Dirección del operador: P.I. Congost Parc. 4 Sur Nave 6, 08530 La Garriga, Barcelona.","Cantidad Neta: 10 g"],"ingredients":[" Trufa Indicum, jugo de Trufa Indicum y sal."],"ean":"8412792202012"},{"full_name":"CARNE trufas negras melanosporum frasco 10 g","name":"trufas negras melanosporum frasco 10 g","brand":"CARNE ","img":"https://sgfm.elcorteingles.es/SGFM/00/02/6/0118029900026/0118029900026000g01011.jpg","price":"13,50 €            ","categories":["Supermercado","Alimentación General","Conservas vegetales","Vegetales diversos","CARNE trufas negras melanosporum frasco 10 g"],"general_information":["Denominación del alimento: Trufa","Nombre del operador: Conservas Carné, S.A.","Dirección del operador: P.I. Congost Parc. 4 Sur Nave 6, 08530 La Garriga, Barcelona.","Cantidad Neta: 15 g","Peso neto escurrido: 10 g"],"ingredients":[" Trufa melanosporum, jugo de trufa y sal."],"ean":"8412792212011"},{"full_name":"TARTUFI JIMMY trufa negra entera de verano frasco 35 g","name":"trufa negra entera de verano frasco 35 g","brand":"TARTUFI JIMMY ","img":"https://sgfm.elcorteingles.es/SGFM/dctm/MEDIA03/201711/28/00118029903574____1__600x600.jpg","price":"12,99 €","price_unit":"(371,14 € / Kilo)","categories":["Supermercado","Alimentación General","Conservas vegetales","Vegetales diversos","TARTUFI JIMMY trufa negra entera de verano frasco 35 g"],"general_information":["Denominación del alimento: Trufa entera de Verano","País de origen: Italia","Nombre del operador: Inasa Import S.L","Dirección del operador: Calle Zurbarán 7. entreplanta 4-28010 Madrid","Lugar de procedencia del alimento: Italia","Cantidad Neta: 50 g"],"ingredients":[" Trufa entera de Verano (Tuber Aestivum Vitt - 3 selección - procedencia UE), agua, sal, aroma."],"conservation":" Una vez abierto, conservar en frío hasta 7 días.","ean":"8033993042230"},{"full_name":"A ROSALEIRA grelos al natural lata 500 g neto escurrido","name":"grelos al natural lata 500 g neto escurrido","brand":"A ROSALEIRA ","img":"https://sgfm.elcorteingles.es/SGFM/00/53/9/0118029900539/0118029900539000g01011.jpg","price":"3,75 €","price_unit":"(7,50 € / Kilo)","categories":["Supermercado","Alimentación General","Conservas vegetales","Vegetales diversos","A ROSALEIRA grelos al natural lata 500 g neto escurrido"],"general_information":["Denominación del alimento: Grelos","Nombre del operador: Conservas A Rosaleira, S.L.","Dirección del operador: C/ Cumieira, 30 -36770 O Rosal (Pontevedra)","Lugar de procedencia del alimento: Galicia","Cantidad Neta: 800,0 g","Peso neto escurrido: 500,0 g"],"ingredients":[" Grelos, agua y sal."],"ean":"8427802122013"},{"full_name":"A ROSALEIRA zaragallada al natural (tomate pimiento y cebolla) lata 350 g neto escurrido","name":"zaragallada al natural (tomate pimiento y cebolla) lata 350 g neto escurrido","brand":"A ROSALEIRA ","img":"https://sgfm.elcorteingles.es/SGFM/dctm/MEDIA02/CONTENIDOS/201409/17/00118029902220____1__600x600.jpg","price":"1,95 €","price_unit":"(5,57 € / Kilo)","categories":["Supermercado","Alimentación General","Conservas vegetales","Vegetales diversos","A ROSALEIRA zaragallada al natural (tomate pimiento y cebolla) lata 350 g neto escurrido"],"general_information":["Denominación del alimento: Zaragallada","País de origen: España","Nombre del operador: Conservas A Rosaleira, S.L.","Dirección del operador: C/ Cumieira, 30 -36770 O Rosal (Pontevedra)","Lugar de procedencia del alimento: Galicia/España","Cantidad Neta: 420 g","Peso neto escurrido: 350 g"],"ingredients":[" Tomates, pimientos y cebolla."],"conservation":" Temperatura ambiente","ean":"8427802111000"},{"full_name":"PORTO MUIÑOS wakame al natural de producción ecológica lata 70 g neto escurrido","name":"wakame al natural de producción ecológica lata 70 g neto escurrido","brand":"PORTO MUIÑOS ","img":"https://sgfm.elcorteingles.es/SGFM/00/15/4/0118030000154/0118030000154000g01011.jpg","price":"2,75 €            ","price_unit":"(33,57 € / Kilo)","categories":["Supermercado","Alimentación General","Conservas vegetales","Vegetales diversos","PORTO MUIÑOS wakame al natural de producción ecológica lata 70 g neto escurrido"],"general_information":["Denominación del alimento: Alga wakame al natural","Nombre del operador: Porto-Muiños S.L.","Dirección del operador: Pol. Ind. O Acevedo, parcela 114 - 15185 Cerceda (A Coruña)","Lugar de procedencia del alimento: Pesca de Rías","Cantidad Neta: 85 g","Peso neto escurrido: 70 g"],"ingredients":[" Alga Wakame (Undaria pinnatifida), agua y sal. Puede contener moluscos, crustáceos y pescado."],"conservation":" Conservar a temperatura ambiente en un lugar seco y fresco.","ean":"8437001476220"},{"full_name":"BAJAMAR brotes de bambú agridulces frasco 140 g neto escurrido","name":"brotes de bambú agridulces frasco 140 g neto escurrido","brand":"BAJAMAR ","img":"https://sgfm.elcorteingles.es/SGFM/00/02/6/0118025600026/0118025600026000g01011.jpg","price":"1,75 €","price_unit":"(12,50 € / Kilo)","categories":["Supermercado","Alimentación General","Conservas vegetales","Vegetales diversos","BAJAMAR brotes de bambú agridulces frasco 140 g neto escurrido"],"general_information":["Denominación del alimento: Brotes de bambú agridulce","Nombre del operador: Bajamar S.A.","Dirección del operador: Ctra. Sangüesa, s/n. 31310 Carcastillo (Navarra)","Lugar de procedencia del alimento: China.","Cantidad Neta: 280 g","Peso neto escurrido: 140 g"],"ingredients":[" Brotes de bambú, agua, vinagre de arroz, azúcar, sal y acidulante: ácido cítrico."],"conservation":" Una vez abierto, mantener en refrigeración un máximo de 48 horas. A temperatura ambiente, en lugar fresco y seco / no requiere refrigeración.","ean":"8410465003492"},{"full_name":"LA TEJEA cebolla caramelizada al vinagre de Jerez frasco 270 g","name":"cebolla caramelizada al vinagre de Jerez frasco 270 g","brand":"LA TEJEA ","img":"https://sgfm.elcorteingles.es/SGFM/01/11/5/0118029901115/0118029901115000g01011.jpg","price":"3,09 €            ","price_unit":"(10,19 € / Kilo)","categories":["Supermercado","Alimentación General","Conservas vegetales","Vegetales diversos","LA TEJEA cebolla caramelizada al vinagre de Jerez frasco 270 g"],"general_information":["Denominación del alimento: Cebolla caramelizada al vinagre de jerez","Nombre del operador: Cabeza Turmal S.L.","Dirección del operador: C/ Rafael Sánchez, 49 - 45640 El Real de San Vicente (Toledo)","Cantidad Neta: 135 g","Peso neto escurrido: 110 g"],"ingredients":[" Cebolla Reca, azúcar, caramelo líquido y vinagre de Jerez."],"conservation":" Una vez abierto almacenar en refrigeración.","ean":"8437002019174"},{"full_name":"AMALUR patatas París de agricultura ecológica frasco 425 g neto escurrido","name":"patatas París de agricultura ecológica frasco 425 g neto escurrido","brand":"AMALUR ","img":"https://sgfm.elcorteingles.es/SGFM/00/08/6/0200130000086/0200130000086000g01011.jpg","price":"3,00 €","price_unit":"(7,06 € / Kilo)","categories":["Supermercado","Alimentación General","Conservas vegetales","Vegetales diversos","AMALUR patatas París de agricultura ecológica frasco 425 g neto escurrido"],"general_information":["Denominación del alimento: Patatas París Bio","País de origen: España","Nombre del operador: JESÚS NAVARRO, S.A.","Dirección del operador: C/ISAAC PERAL, 46 03660 NOVELDA (ALICANTE)","Cantidad Neta: 680 g","Peso neto escurrido: 425 g"],"ingredients":[" Patatas*, agua, sal marina y antioxidante: ácido ascórbico (E-300). *producto procedente de agricultura ecológica"],"ean":"8412422016033"},{"full_name":"AMALUR brotes de soja germinada de agricultura ecológica frasco 180 g neto escurrido","name":"brotes de soja germinada de agricultura ecológica frasco 180 g neto escurrido","brand":"AMALUR ","img":"https://sgfm.elcorteingles.es/SGFM/00/07/8/0200125800078/0200125800078000g01011.jpg","price":"1,65 €","price_unit":"(9,17 € / Kilo)","categories":["Supermercado","Alimentación General","Conservas vegetales","Vegetales diversos","AMALUR brotes de soja germinada de agricultura ecológica frasco 180 g neto escurrido"],"general_information":["Denominación del alimento: Brotes germinados de judía mungo Bio","País de origen: España","Nombre del operador: JESÚS NAVARRO, S.A.","Dirección del operador: C/ISAAC PERAL, 46 03660 NOVELDA (ALICANTE)","Cantidad Neta: 330 g","Peso neto escurrido: 175 g"],"ingredients":[" Brotes germinados de judía mungo*, agua, azúcar*, vinagre de alcohol*, zumo de limón concentrado*, sal y antioxidante: E-300. *Ingredientes procedentes de la agricultura ecológica"],"ean":"8412422016095"},{"full_name":"ALSUR coliflor cocida frasco 390 g neto escurrido","name":"coliflor cocida frasco 390 g neto escurrido","brand":"ALSUR ","img":"https://sgfm.elcorteingles.es/SGFM/dctm/MEDIA02/CONTENIDOS/201410/02/00118029902253____1__600x600.jpg","price":"1,45 €","price_unit":"(3,72 € / Kilo)","categories":["Supermercado","Alimentación General","Conservas vegetales","Vegetales diversos","ALSUR coliflor cocida frasco 390 g neto escurrido"],"general_information":["Denominación del alimento: Coliflor cocida","País de origen: España","Nombre del operador: Sola de Antequera S.A.","Dirección del operador: Ctra. Córdoba-Málaga km 520 29200 Antequera (Málaga)","Cantidad Neta: 660 g","Peso neto escurrido: 360 g"],"ingredients":[" Coliflor, Agua, Sal y Acidulante: Ácido Cítrico."],"conservation":" Conservar en un lugar fresco, seco y protegido del sol.","ean":"8420309400011"},{"full_name":"ALSUR brotes de ajo verdes frasco 335 g neto escurrido","name":"brotes de ajo verdes frasco 335 g neto escurrido","brand":"ALSUR ","img":"https://sgfm.elcorteingles.es/SGFM/00/08/3/0118029900083/0118029900083000g01011.jpg","price":"1,79 €","price_unit":"(5,34 € / Kilo)","categories":["Supermercado","Alimentación General","Conservas vegetales","Vegetales diversos","ALSUR brotes de ajo verdes frasco 335 g neto escurrido"],"general_information":["Denominación del alimento: Brotes de ajo","País de origen: China","Nombre del operador: Sola de Antequera S.A.","Dirección del operador: Ctra. Córdoba-Málaga km 520 29200 Antequera (Málaga)","Lugar de procedencia del alimento: China","Cantidad Neta: 660 g","Peso neto escurrido: 365 g"],"ingredients":[" Brotes de ajo, Agua, Sal y Acidulante: Ácido Cítrico."],"conservation":" Conservar en un lugar fresco, seco y protegido del sol.","ean":"8420309010029"},{"full_name":"ZELVA cebolla frita crujiente vaso 100 g","name":"cebolla frita crujiente vaso 100 g","brand":"ZELVA ","img":"https://sgfm.elcorteingles.es/SGFM/02/49/3/0118029902493/0118029902493000g01011.jpg","price":"1,39 €","price_unit":"(13,90 € / Kilo)","categories":["Supermercado","Alimentación General","Conservas vegetales","Vegetales diversos","ZELVA cebolla frita crujiente vaso 100 g"],"general_information":[],"ingredients":[],"ean":"8414266331006"},{"full_name":"SANDOVAL cebolla frita con aceite de oliva lata 400 g","name":"cebolla frita con aceite de oliva lata 400 g","brand":"SANDOVAL ","img":"https://sgfm.elcorteingles.es/SGFM/dctm/MEDIA02/CONTENIDOS/201410/02/00118029900166____1__600x600.jpg","price":"1,00 €","price_unit":"(2,50 € / Kilo)","categories":["Supermercado","Alimentación General","Conservas vegetales","Vegetales diversos","SANDOVAL cebolla frita con aceite de oliva lata 400 g"],"general_information":[],"ingredients":[],"ean":"8436007461100"},{"full_name":"ESPADA cebolla frita envase 150 g","name":"cebolla frita envase 150 g","brand":"ESPADA ","img":"https://sgfm.elcorteingles.es/SGFM/dctm/MEDIA02/CONTENIDOS/201504/17/00118029902923____1__600x600.jpg","price":"1,95 €","price_unit":"(13 € / Kilo)","categories":["Supermercado","Alimentación General","Conservas vegetales","Vegetales diversos","ESPADA cebolla frita envase 150 g"],"general_information":["Denominación del alimento: Cebolla frita","Nombre del operador: Espafrima S.L","Dirección del operador: C/ Fundidores, 45. Poligono Industrial Los Ángeles 28906 Getafe (Madrid) España","Cantidad Neta: 150 g"],"ingredients":[" Cebolla deshidratada, aceite de palma, harina de trigo y sal"],"conservation":" El producto cerrado y en el envase de origen conserva sus propiedades durante 12 meses a partir de la fecha de fabricación. Debe conservarse en un lugar fresco, seco y sin exposición directa a la luz.","ean":"8423856000307"},{"full_name":"ALSUR brotes de soja frasco 180 g neto escurrido","name":"brotes de soja frasco 180 g neto escurrido","brand":"ALSUR ","img":"https://sgfm.elcorteingles.es/SGFM/00/88/2/0200125600882/0200125600882000g01011.jpg","price":"1,19 €","price_unit":"(6,61 € / Kilo)","categories":["Supermercado","Alimentación General","Conservas vegetales","Vegetales diversos","ALSUR brotes de soja frasco 180 g neto escurrido"],"general_information":["Denominación del alimento: Brotes de soja","País de origen: España","Nombre del operador: Sola de Antequera S.A.","Dirección del operador: Ctra. Córdoba-Málaga km 520 29200 Antequera (Málaga)","Cantidad Neta: 345 g","Peso neto escurrido: 180 g"],"ingredients":[" Brotes de Judía mungo (Soja Verde), Agua, Sal, Acidulante: Ácido Cítrico, y Antioxidante: Ácido Ascórbico."],"conservation":" Conservar en un lugar fresco, seco y protegido del sol.","ean":"8420309400653"},{"full_name":"BONDUELLE Natur+ habas finas lata 265 g neto escurrido","name":"Natur+ habas finas lata 265 g neto escurrido","brand":"BONDUELLE ","img":"https://sgfm.elcorteingles.es/SGFM/02/13/6/0200129902136/0200129902136000g01011.jpg","price":"1,55 €","price_unit":"(5,85 € / Kilo)","categories":["Supermercado","Alimentación General","Conservas vegetales","Vegetales diversos","BONDUELLE Natur+ habas finas lata 265 g neto escurrido"],"general_information":["Denominación del alimento: Habas N+ 425 P1","País de origen: Francia","Nombre del operador: Bonduelle Ibérica S.A.U.","Dirección del operador: Bonduelle Ibérica S.A.U.","Cantidad Neta: 310 g","Peso neto escurrido: 265 g"],"ingredients":[" ingredientes:Habas, agua, azúcar, sal, aroma natural."],"conservation":" Antes de abrir, conservar en lugar seco,resguardado de la luz y de fuertes variaciones de temperatura. Una vez abierto,  conservar refrigerado y consumir antes de 5 dias","ean":"3083681003888"},{"full_name":"PEPEJO EL LABRADOR tomate asado con leña frasco 470 g neto escurrido","name":"tomate asado con leña frasco 470 g neto escurrido","brand":"PEPEJO EL LABRADOR ","img":"https://sgfm.elcorteingles.es/SGFM/dctm/MEDIA03/201612/12/00118027500638____2__600x600.jpg","price":"2,69 €","price_unit":"(5,72 € / Kilo)","categories":["Supermercado","Alimentación General","Conservas vegetales","Vegetales diversos","PEPEJO EL LABRADOR tomate asado con leña frasco 470 g neto escurrido"],"general_information":["Denominación del alimento: Tomate asado con leña","Nombre del operador: Productos Manipulados Abellán S.L.","Dirección del operador: Vereda de los Pepejos, 11, 30139, El Raal, Murcia.","Cantidad Neta: 680 g"],"ingredients":[" Tomate y sal."],"conservation":" Mantener en lugar seco, protegido de la luz a temperatura ambiente. Una vez abierto mantener en refrigeración. No se recomienda la congelación del producto.","ean":"8437003725241"},{"full_name":"PEPEJO EL LABRADOR tomate confitado frasco 365 g neto escurrido","name":"tomate confitado frasco 365 g neto escurrido","brand":"PEPEJO EL LABRADOR ","img":"https://sgfm.elcorteingles.es/SGFM/00/77/8/0118031700778/0118031700778000g01011.jpg","price":"4,80 €","price_unit":"(13,15 € / Kilo)","categories":["Supermercado","Alimentación General","Conservas vegetales","Vegetales diversos","PEPEJO EL LABRADOR tomate confitado frasco 365 g neto escurrido"],"general_information":["Denominación del alimento: Tomate confitado","Nombre del operador: Productos Manipulados Abellán S.L.","Dirección del operador: Vereda de los Pepejos, 11, 30139, El Raal, Murcia.","Cantidad Neta: 475 g"],"ingredients":[" Tomate y azúcar."],"conservation":" Mantener en lugar seco, protegido de la luz a temperatura ambiente. Una vez abierto mantener en refrigeración. No se recomienda la congelación del producto.","ean":"8437003725067"},{"full_name":"HIDA cebolla frita lata 340 g neto escurrido","name":"cebolla frita lata 340 g neto escurrido","brand":"HIDA ","img":"https://sgfm.elcorteingles.es/SGFM/dctm/MEDIA03/201707/05/00118029900299____1__600x600.jpg","price":"1,15 €","price_unit":"(2,88 € / Kilo)","categories":["Supermercado","Alimentación General","Conservas vegetales","Vegetales diversos","HIDA cebolla frita lata 340 g neto escurrido"],"general_information":[],"ingredients":[],"ean":"8424523110077"},{"full_name":"HIDA calabacín y cebolla lata 340 g neto escurrido","name":"calabacín y cebolla lata 340 g neto escurrido","brand":"HIDA ","img":"https://sgfm.elcorteingles.es/SGFM/dctm/MEDIA03/201707/05/00118029900307____1__600x600.jpg","price":"1,65 €","price_unit":"(4,85 € / Kilo)","categories":["Supermercado","Alimentación General","Conservas vegetales","Vegetales diversos","HIDA calabacín y cebolla lata 340 g neto escurrido"],"general_information":[],"ingredients":[],"ean":"8424523130129"},{"full_name":"VEGA BAJA verdura para paella Valenciana lata 240 g neto escurrido","name":"verdura para paella Valenciana lata 240 g neto escurrido","brand":"VEGA BAJA ","img":"https://sgfm.elcorteingles.es/SGFM/dctm/MEDIA02/CONTENIDOS/201507/02/00118029902931____1__600x600.jpg","price":"1,25 €","price_unit":"(5,21 € / Kilo)","categories":["Supermercado","Alimentación General","Conservas vegetales","Vegetales diversos","VEGA BAJA verdura para paella Valenciana lata 240 g neto escurrido"],"general_information":[],"ingredients":[],"ean":"8437011060860"},{"full_name":"J.R.SUAREZ ajo picado frasco 150 g","name":"ajo picado frasco 150 g","brand":"J.R.SUAREZ ","img":"https://sgfm.elcorteingles.es/SGFM/00/93/5/0118029900935/0118029900935000g01011.jpg","price":"2,29 €","price_unit":"(15,27 € / Kilo)","categories":["Supermercado","Alimentación General","Conservas vegetales","Vegetales diversos","J.R.SUAREZ ajo picado frasco 150 g"],"general_information":["Denominación del alimento: Ajo fresco morado en pasta","País de origen: España","Nombre del operador: J.R. SUAREZ MONEDERO S.L.","Dirección del operador: C/La región, 7 16660 Las Pedroñeras- Cuenca","Cantidad Neta: 135 g"],"ingredients":[" Ajo fresco morado, sal, regulador de acidez: acido cítrico."],"conservation":" Una vez abierto mantener refrigerado.","ean":"8412346796066"},{"full_name":"LA SUEGRA berza cantabra frasco 345 g","name":"berza cantabra frasco 345 g","brand":"LA SUEGRA ","img":"https://sgfm.elcorteingles.es/SGFM/dctm/MEDIA03/201712/11/00118029903376____1__600x600.jpg","price":"2,10 €","price_unit":"(6,09 € / Kilo)","categories":["Supermercado","Alimentación General","Conservas vegetales","Vegetales diversos","LA SUEGRA berza cantabra frasco 345 g"],"general_information":["Denominación del alimento: Berza Cántabra De Asa De Cántaro","Nombre del operador: Disargos S.L.","Dirección del operador: C/ Marqués de Santillana Nº 5 6º B 39300 Torrelavega Cantabria","Cantidad Neta: 345 g","Peso neto escurrido: 190 g"],"ingredients":[" Berza, agua, sal."],"conservation":" Conservar en lugar fresco y seco.","ean":"8429320111135"},{"full_name":"LIEBANATURAL cebolla confitada frasco 270 g","name":"cebolla confitada frasco 270 g","brand":"LIEBANATURAL ","img":"https://sgfm.elcorteingles.es/SGFM/02/01/1/0200129902011/0200129902011000g01011.jpg","price":"3,95 €","price_unit":"(14,63 € / Kilo)","categories":["Supermercado","Alimentación General","Conservas vegetales","Vegetales diversos","LIEBANATURAL cebolla confitada frasco 270 g"],"general_information":[],"ingredients":[],"ean":"8437005636187"},{"full_name":"AROSALEIRA patata al natural producto de Galicia frasco 400 g","name":"patata al natural producto de Galicia frasco 400 g","brand":"AROSALEIRA ","img":"https://sgfm.elcorteingles.es/SGFM/dctm/MEDIA03/201711/13/00118029903343____1__600x600.jpg","price":"2,45 €","price_unit":"(6,12 € / Kilo)","categories":["Supermercado","Alimentación General","Conservas vegetales","Vegetales diversos","AROSALEIRA patata al natural producto de Galicia frasco 400 g"],"general_information":[],"ingredients":[],"ean":"8427802001004"},{"full_name":"FERRER surtido de setas frasco 600 g neto escurrido","name":"surtido de setas frasco 600 g neto escurrido","brand":"FERRER ","img":"https://sgfm.elcorteingles.es/SGFM/00/54/7/0118022300547/0118022300547000g01011.jpg","price":"5,65 €            ","price_unit":"(7,92 € / Kilo)","categories":["Supermercado","Alimentación General","Conservas vegetales","Setas","FERRER surtido de setas frasco 600 g neto escurrido"],"general_information":["Denominación del alimento: Surtido de setas al natural","Nombre del operador: Ferrer tradicional, S.L.","Dirección del operador: Pol.  Ind.  Sta. Anna, Crta. Santpedor a Navarcles, Km4  -08251 Santpedor (Barcelona)","Cantidad Neta: 950,0 g","Peso neto escurrido: 600,0 g"],"ingredients":[" Setas en proporción variable (Lactarius deliciosus, Pleurotus ostreatus, Lentinus edodes, Phollota nameko, Volvariella volvacea), agua, sal, acidulante: ácido cítrico y antioxidante: ácido ascórbico."],"conservation":" Una vez abierto, mantener en refrigeración con el máximo líquido de gobierno posible y consumir antes de una semana.","ean":"8411026010010"},{"full_name":"FERRER rovellons en medallones frasco 200 g neto escurrido","name":"rovellons en medallones frasco 200 g neto escurrido","brand":"FERRER ","img":"https://sgfm.elcorteingles.es/SGFM/00/31/5/0118022300315/0118022300315000g01011.jpg","price":"4,59 €","price_unit":"(22,95 € / Kilo)","categories":["Supermercado","Alimentación General","Conservas vegetales","Setas","FERRER rovellons en medallones frasco 200 g neto escurrido"],"general_information":["Denominación del alimento: Robellon","Nombre del operador: Ferrer tradicional, S.L.","Dirección del operador: Pol.  Ind.  Sta. Anna, Crta. Santpedor a Navarcles, Km4  -08251 Santpedor (Barcelona)","Cantidad Neta: 330,0 g","Peso neto escurrido: 200,0 g"],"ingredients":[" Lactarius deliciosus, agua, sal, acidulante: ácido cítrico y antioxidante: ácido ascórbico."],"conservation":" Una vez abierto, mantener en refrigeración con el líquido de gobierno y consumir antes de una semana.","ean":"8411026011581"},{"full_name":"FERRER rovellones en trozos frasco 200 g neto escurrido","name":"rovellones en trozos frasco 200 g neto escurrido","brand":"FERRER ","img":"https://sgfm.elcorteingles.es/SGFM/00/32/3/0118022300323/0118022300323000g01011.jpg","price":"3,49 €            ","price_unit":"(13,75 € / Kilo)","categories":["Supermercado","Alimentación General","Conservas vegetales","Setas","FERRER rovellones en trozos frasco 200 g neto escurrido"],"general_information":["Denominación del alimento: Robellon","Nombre del operador: Ferrer tradicional, S.L.","Dirección del operador: Pol.  Ind.  Sta. Anna, Crta. Santpedor a Navarcles, Km4  -08251 Santpedor (Barcelona)","Cantidad Neta: 330,0 g","Peso neto escurrido: 175,0 g"],"ingredients":[" Lactarius deliciosus, agua, sal, acidulante: ácido cítrico y antioxidante: ácido ascórbico."],"conservation":" Una vez abierto, mantener en refrigeración con el líquido de gobierno y consumir antes de una semana.","ean":"8411026011598"},{"full_name":"FERRER Bolets letinus pirineu frasco 200 g neto escurrido","name":"Bolets letinus pirineu frasco 200 g neto escurrido","brand":"FERRER ","img":"https://sgfm.elcorteingles.es/SGFM//00/33/1/0118022300331/0118022300331000g01011.jpg","price":"2,35 €            ","price_unit":"(9,75 € / Kilo)","categories":["Supermercado","Alimentación General","Conservas vegetales","Setas","FERRER Bolets letinus pirineu frasco 200 g neto escurrido"],"general_information":["Denominación del alimento: Lentinus","Nombre del operador: Ferrer tradicional, S.L.","Dirección del operador: Pol.  Ind.  Sta. Anna, Crta. Santpedor a Navarcles, Km4  -08251 Santpedor (Barcelona)","Cantidad Neta: 330,0 g","Peso neto escurrido: 200,0 g"],"ingredients":[" Lentinus edodes, agua, sal, acidulante: ácido cítrico y antioxidante: ácido ascórbico."],"conservation":" Una vez abierto, mantener en refrigeración con el líquido de gobierno y consumir antes de una semana.","ean":"8411026010980"},{"full_name":"FERRER surtido de setas variadas frasco 200 g neto escurrido","name":"surtido de setas variadas frasco 200 g neto escurrido","brand":"FERRER ","img":"https://sgfm.elcorteingles.es/SGFM/00/34/9/0118022300349/0118022300349000g01011.jpg","price":"1,95 €            ","price_unit":"(8,75 € / Kilo)","categories":["Supermercado","Alimentación General","Conservas vegetales","Setas","FERRER surtido de setas variadas frasco 200 g neto escurrido"],"general_information":["Denominación del alimento: Setas variadas","Nombre del operador: Ferrer tradicional, S.L.","Dirección del operador: Pol.  Ind.  Sta. Anna, Crta. Santpedor a Navarcles, Km4  -08251 Santpedor (Barcelona)","Cantidad Neta: 340,0 g","Peso neto escurrido: 200,0 g"],"ingredients":[" Setas en proporción variable (Lactarius deliciosus, Pleurotus ostreatus, Lentinus edodes, Phollota nameko, Volvariella volvacea), agua, sal, acidulante: ácido cítrico y antioxidante: ácido ascórbico."],"conservation":" Una vez abierto, mantener en refrigeración con el líquido de gobierno y consumir antes de una semana.","ean":"8411026011543"},{"full_name":"FERRER fredolic boto extra frasco 200 g neto escurrido","name":"fredolic boto extra frasco 200 g neto escurrido","brand":"FERRER ","img":"https://sgfm.elcorteingles.es/SGFM//00/35/6/0118022300356/0118022300356000g01011.jpg","price":"2,15 €","price_unit":"(10,75 € / Kilo)","categories":["Supermercado","Alimentación General","Conservas vegetales","Setas","FERRER fredolic boto extra frasco 200 g neto escurrido"],"general_information":["Denominación del alimento: Fredolic","Nombre del operador: Ferrer tradicional, S.L.","Dirección del operador: Pol.  Ind.  Sta. Anna, Crta. Santpedor a Navarcles, Km4  -08251 Santpedor (Barcelona)","Cantidad Neta: 330,0 g","Peso neto escurrido: 200,0 g"],"ingredients":[" Volvariella volvacea, agua, sal, acidulante: ácido cítrico y antioxidante: ácido ascórbico."],"conservation":" Una vez abierto, mantener en refrigeración con el líquido de gobierno y consumir antes de una semana.","ean":"8411026010584"},{"full_name":"FERRER setas variadas al natural frasco 200 g neto escurrido","name":"setas variadas al natural frasco 200 g neto escurrido","brand":"FERRER ","img":"https://sgfm.elcorteingles.es/SGFM/00/69/5/0118022300695/0118022300695000g01011.jpg","price":"1,80 €","price_unit":"(9 € / Kilo)","categories":["Supermercado","Alimentación General","Conservas vegetales","Setas","FERRER setas variadas al natural frasco 200 g neto escurrido"],"general_information":["Denominación del alimento: Setas de cultivo","Nombre del operador: Ferrer tradicional, S.L.","Dirección del operador: Pol.  Ind.  Sta. Anna, Crta. Santpedor a Navarcles, Km4  -08251 Santpedor (Barcelona)","Cantidad Neta: 330,0 g","Peso neto escurrido: 200,0 g"],"ingredients":[" Pleurotus ostreatus, agua y sal."],"conservation":" Una vez abierto, mantener en refrigeración con el máximo líquido de gobierno posible y consumir antes de una semana.","ean":"8411026011147"},{"full_name":"BOLETUS gran surtido de setas al natural calidad extra frasco 180 g neto escurrido","name":"gran surtido de setas al natural calidad extra frasco 180 g neto escurrido","brand":"BOLETUS ","img":"https://sgfm.elcorteingles.es/SGFM/dctm/MEDIA03/201702/03/00118022300422____1__600x600.jpg","price":"3,05 €            ","price_unit":"(10,28 € / Kilo)","categories":["Supermercado","Alimentación General","Conservas vegetales","Setas","BOLETUS gran surtido de setas al natural calidad extra frasco 180 g neto escurrido"],"general_information":["Denominación del alimento: Surtido Setas","Nombre del operador: Selfoods SAU","Dirección del operador: El Rebato s/n 08739 SUBIRATS (Barcelona)","Cantidad Neta: 340 g","Peso neto escurrido: 180 g"],"ingredients":[" Setas en proporción variable: SETA DE CULTIVO cultivada trozos (Pleurotus Ostreatus), SHIITAKE cultivada (Lentinus edodes), YELLOW TOP cultivada (Stropharia Rugosa), SHIMEJI cultivada (Pleurotus Cornucopiae), NAMEKO cultivada (Pholiota Nameko), VOLVAREA cultivada (Volvarea Volvacea), ROVELLÓN  silvestre cultivada (Lactarius Deliciosus), agua sal  yodada y acidulante: ácido cítrico y antioxidante: ácido ascórbico."],"ean":"8436021661456"},{"full_name":"BOLETUS seta de cultivo frasco 180 g neto escurrido","name":"seta de cultivo frasco 180 g neto escurrido","brand":"BOLETUS ","img":"https://sgfm.elcorteingles.es/SGFM/dctm/MEDIA03/201607/27/00118022300414____1__600x600.jpg","price":"1,85 €","price_unit":"(10,28 € / Kilo)","categories":["Supermercado","Alimentación General","Conservas vegetales","Setas","BOLETUS seta de cultivo frasco 180 g neto escurrido"],"general_information":["Denominación del alimento: Seta de cultivo","Nombre del operador: Selfoods SAU","Dirección del operador: El Rebato s/n 08739 SUBIRATS (Barcelona)","Cantidad Neta: 340 g","Peso neto escurrido: 180 g","Otras menciones obligatorias en la etiqueta: No contiene alérgenos."],"ingredients":[" Setas de cultivo (Pleurotus ostreatus), agua, sal, acidulante: ácido cítrico y antioxidante: ácido ascórbico"],"conservation":" Una vez abierto mantener en frió y consumir antes de 4 días","ean":"8436021661449"},{"full_name":"BOLETUS Seta shitake frasco 180 g neto escurrido","name":"Seta shitake frasco 180 g neto escurrido","brand":"BOLETUS ","price":"3,45 €","price_unit":"(19,17 € / Kilo)","categories":["Supermercado","Alimentación General","Conservas vegetales","Setas","BOLETUS Seta shitake frasco 180 g neto escurrido"],"general_information":["Denominación del alimento: Llanega Silvestre","Nombre del operador: Selfoods SAU","Dirección del operador: El Rebato s/n 08739 SUBIRATS (Barcelona)","Cantidad Neta: 285 g","Peso neto escurrido: 150 g","Otras menciones obligatorias en la etiqueta: No contiene alérgenos."],"ingredients":[" Llanega Silvestre( Tricholoma portentosum) agua, sal, acidulante:ácido cítrico y antioxidante: ácido ascórbico"],"conservation":" Una vez abierto guardar en el frigorifico y consumir antes de 4 días","ean":"8436021661395"},{"full_name":"BOLETUS shitake calidad extra frasco 180 g neto escurrido","name":"shitake calidad extra frasco 180 g neto escurrido","brand":"BOLETUS ","img":"https://sgfm.elcorteingles.es/SGFM/00/44/8/0118022300448/0118022300448000g01011.jpg","price":"2,25 €","price_unit":"(12,50 € / Kilo)","categories":["Supermercado","Alimentación General","Conservas vegetales","Setas","BOLETUS shitake calidad extra frasco 180 g neto escurrido"],"general_information":["Denominación del alimento: Setas shiitake","Nombre del operador: Selfoods SAU","Dirección del operador: El Rebato s/n 08739 SUBIRATS (Barcelona)","Cantidad Neta: 340 g","Peso neto escurrido: 180 g"],"ingredients":[" SHIITAKE CULTIVADA (Lentinus Edodes), agua, sal yodada, acidulante: ácido cítrico y antioxidante: ácido ascórbico."],"ean":"8436021661418"},{"full_name":"BOLETUS robellón entero al natural medallón del país frasco 150 g neto escurrido","name":"robellón entero al natural medallón del país frasco 150 g neto escurrido","brand":"BOLETUS ","img":"https://sgfm.elcorteingles.es/SGFM/00/57/0/0118022300570/0118022300570000g01011.jpg","price":"3,85 €            ","price_unit":"(20,67 € / Kilo)","categories":["Supermercado","Alimentación General","Conservas vegetales","Setas","BOLETUS robellón entero al natural medallón del país frasco 150 g neto escurrido"],"general_information":["Denominación del alimento: ROVELLÓN ENTERO MEDALLÓN","Nombre del operador: Selfoods SAU","Dirección del operador: El Rebato s/n 08739 SUBIRATS (Barcelona)","Cantidad Neta: 285 g","Peso neto escurrido: 150 g"],"ingredients":[" Rovellón silvestre (Lactarius Deliciosus), Agua, Sal, acidulante: ácido cítrico y antioxidante: ácido ascórbico"],"conservation":" Una vez abierto mantener en frió y consumir antes de 4 días","ean":"8436021663733"},{"full_name":"BOLETUS hongos en aceite de oliva frasco 180 g","name":"hongos en aceite de oliva frasco 180 g","brand":"BOLETUS ","img":"https://sgfm.elcorteingles.es/SGFM/00/63/8/0118022300638/0118022300638000g01011.jpg","price":"5,25 €            ","price_unit":"(24,17 € / Kilo)","categories":["Supermercado","Alimentación General","Conservas vegetales","Setas","BOLETUS hongos en aceite de oliva frasco 180 g"],"general_information":["Denominación del alimento: Hongo en Aceite de Oliva","Nombre del operador: Selfoods SAU","Dirección del operador: El Rebato s/n 08739 SUBIRATS (Barcelona)","Cantidad Neta: 180 g","Peso neto escurrido: 130 g"],"ingredients":[" Hongo silvestre (Boletus edulis) trozos, aceite de oliva y sal."],"ean":"8436021663979"},{"full_name":"BOLETUS moixernons deshidratados estuche 15 g","name":"moixernons deshidratados estuche 15 g","brand":"BOLETUS ","img":"https://sgfm.elcorteingles.es/SGFM/00/23/2/0118022300232/0118022300232000g01011.jpg","price":"3,90 €","categories":["Supermercado","Alimentación General","Conservas vegetales","Setas","BOLETUS moixernons deshidratados estuche 15 g"],"general_information":["Denominación del alimento: Moixernons","Nombre del operador: Selfoods SAU","Dirección del operador: El Rebato s/n 08739 SUBIRATS (Barcelona)","Cantidad Neta: 15 g"],"ingredients":[" M. Oreades"],"conservation":" Después de abierto mantener en refrigeración.","ean":"8412766980045"},{"full_name":"BOLETUS cepes deshidratados estuche 15 g","name":"cepes deshidratados estuche 15 g","brand":"BOLETUS ","img":"https://sgfm.elcorteingles.es/SGFM/00/24/0/0118022300240/0118022300240000g01011.jpg","price":"3,90 €","categories":["Supermercado","Alimentación General","Conservas vegetales","Setas","BOLETUS cepes deshidratados estuche 15 g"],"general_information":["Denominación del alimento: Ceps","Nombre del operador: Selfoods SAU","Dirección del operador: El Rebato s/n 08739 SUBIRATS (Barcelona)","Cantidad Neta: 15 g"],"ingredients":[" Boletus Edulis"],"conservation":" Una vez abierto, conservar en el frigorífico.","ean":"8412766980052"},{"full_name":"ARANCA robellones enteros lata 200 g neto escurrido","name":"robellones enteros lata 200 g neto escurrido","brand":"ARANCA ","img":"https://sgfm.elcorteingles.es/SGFM/00/28/1/0118022300281/0118022300281000g01011.jpg","price":"2,95 €","price_unit":"(14,75 € / Kilo)","categories":["Supermercado","Alimentación General","Conservas vegetales","Setas","ARANCA robellones enteros lata 200 g neto escurrido"],"general_information":["Denominación del alimento: Rovellones Enteros","Nombre del operador: Selfoods SAU","Dirección del operador: El Rebato s/n 08739 SUBIRATS (Barcelona)","Cantidad Neta: 390 g","Peso neto escurrido: 200 g"],"ingredients":[" Setas de robellón, agua, sal y ácido cítrico (E-330)"],"conservation":" Recomendaciones de almacenaje: temperatura máxima de 25 °C y humedad relativa mínima de 80 %. Después de abierto mantener en refrigeración.","ean":"8436021664303"},{"full_name":"ARANCA rovellones en trozos lata 200 g neto escurrido","name":"rovellones en trozos lata 200 g neto escurrido","brand":"ARANCA ","img":"https://sgfm.elcorteingles.es/SGFM/00/22/4/0118022300224/0118022300224000g01011.jpg","price":"2,00 €","price_unit":"(10 € / Kilo)","categories":["Supermercado","Alimentación General","Conservas vegetales","Setas","ARANCA rovellones en trozos lata 200 g neto escurrido"],"general_information":["Denominación del alimento: Rovellones trozos","Nombre del operador: Selfoods SAU","Dirección del operador: El Rebato s/n 08739 SUBIRATS (Barcelona)","Cantidad Neta: 390 g","Peso neto escurrido: 200 g"],"ingredients":[" Setas de robellón a trozos, agua, sal y ácido cítrico (E-330)"],"conservation":" Recomendaciones de almacenaje: temperatura máxima de 25 °C y humedad relativa mínima de 80 %. Después de abierto mantener en refrigeración.","ean":"8436021664297"},{"full_name":"ARANCA surtido de setas en aceite lata 225 g neto escurrido","name":"surtido de setas en aceite lata 225 g neto escurrido","brand":"ARANCA ","img":"https://sgfm.elcorteingles.es/SGFM/dctm/MEDIA02/CONTENIDOS/201412/10/00118022300273____2__600x600.jpg","price":"3,25 €","price_unit":"(25 € / Kilo)","categories":["Supermercado","Alimentación General","Conservas vegetales","Setas","ARANCA surtido de setas en aceite lata 225 g neto escurrido"],"general_information":["Denominación del alimento: Surtido de setas en aceite","Nombre del operador: Selfoods SAU","Dirección del operador: El Rebato s/n 08739 SUBIRATS (Barcelona)","Cantidad Neta: 190 g","Peso neto escurrido: 130 g"],"ingredients":[" Setas en proporciones variables: 68% (seta de cultivo cultivada (Pleurotus Ostreatus), Shimeji cultivada (Pleurostus cornucopiae), Shiitake cultivada (lentinus edodes), nameko cultivada (pholiota nameko), chantorela cultiva (cantharellus cibarius)), aceite de girasol, sal, potenciador de sabor: glutamato monosódico, azúcar, perejil, aroma, ajo, pimienta negra, romero, acidulante: ácido cítrico y antioxidante : ácido ascórbico."],"conservation":" Una vez abierto mantener en frió y consumir antes de 4 días","ean":"8412766500892"},{"full_name":"CARNE menestra de setas frasco 180 g neto escurrido","name":"menestra de setas frasco 180 g neto escurrido","brand":"CARNE ","img":"https://sgfm.elcorteingles.es/SGFM/00/18/2/0118022300182/0118022300182000g01011.jpg","price":"2,60 €","price_unit":"(14,44 € / Kilo)","categories":["Supermercado","Alimentación General","Conservas vegetales","Setas","CARNE menestra de setas frasco 180 g neto escurrido"],"general_information":["Denominación del alimento: Menestra de setas","Nombre del operador: Conservas Carné, S.A.","Dirección del operador: P.I. Congost Parc. 4 Sur Nave 6, 08530 La Garriga, Barcelona.","Cantidad Neta: 370 g","Peso neto escurrido: 180 g"],"ingredients":[" L. deliciosus, t. terreum, p.nameko, ll.edodes, p.ostreatus, v.volvacea, c.cibarius, agua, sal y cítrico."],"ean":"8412792452189"},{"full_name":"CARNE menestra de setas deshidratadas frasco 15 g","name":"menestra de setas deshidratadas frasco 15 g","brand":"CARNE ","img":"https://sgfm.elcorteingles.es/SGFM/00/17/4/0118022300174/0118022300174000g01011.jpg","price":"2,85 €","price_unit":"(190 € / Kilo)","categories":["Supermercado","Alimentación General","Conservas vegetales","Setas","CARNE menestra de setas deshidratadas frasco 15 g"],"general_information":["Denominación del alimento: Menestra de setas","Nombre del operador: Conservas Carné, S.A.","Dirección del operador: P.I. Congost Parc. 4 Sur Nave 6, 08530 La Garriga, Barcelona.","Cantidad Neta: 15 g","Otras menciones obligatorias en la etiqueta: Producto deshidratado. Esterilizado antes de su envasado."],"ingredients":[" B. edulis, c. cornucopioides, c. cibarius, l. edodes, t. georgii, a. judae, a. bisporus, p. ostreatus."],"conservation":"Modo de empleo: Poner en remojo durante 2h antes de añadir a la salsa.","ean":"8412792452059"},{"full_name":"CARNE rovellons enteros frasco 180 g neto escurrido","name":"rovellons enteros frasco 180 g neto escurrido","brand":"CARNE ","img":"https://sgfm.elcorteingles.es/SGFM/00/14/1/0118022300141/0118022300141000g01011.jpg","price":"3,95 €","price_unit":"(21,94 € / Kilo)","categories":["Supermercado","Alimentación General","Conservas vegetales","Setas","CARNE rovellons enteros frasco 180 g neto escurrido"],"general_information":["Denominación del alimento: Rovellons extra","Nombre del operador: Conservas Carné, S.A.","Dirección del operador: P.I. Congost Parc. 4 Sur Nave 6, 08530 La Garriga, Barcelona.","Cantidad Neta: 370 g","Peso neto escurrido: 180 g"],"ingredients":[" Rovellons, agua, sal y acidulante: ácido cítrico (E330)."],"ean":"8412792022184"},{"full_name":"CARNE rovellons en trozos frasco 180 g neto escurrido","name":"rovellons en trozos frasco 180 g neto escurrido","brand":"CARNE ","img":"https://sgfm.elcorteingles.es/SGFM/00/15/8/0118022300158/0118022300158000g01011.jpg","price":"2,75 €","price_unit":"(15,28 € / Kilo)","categories":["Supermercado","Alimentación General","Conservas vegetales","Setas","CARNE rovellons en trozos frasco 180 g neto escurrido"],"general_information":["Denominación del alimento: Rovellons en trozos","Nombre del operador: Conservas Carné, S.A.","Dirección del operador: P.I. Congost Parc. 4 Sur Nave 6, 08530 La Garriga, Barcelona.","Cantidad Neta: 370 g","Peso neto escurrido: 180 g"],"ingredients":[" Rovellons, agua, sal y acidulante: ácido cítrico (E330)."],"ean":"8412792002186"},{"full_name":"CARNE robellones botón frasco 100 g neto escurrido","name":"robellones botón frasco 100 g neto escurrido","brand":"CARNE ","img":"https://sgfm.elcorteingles.es/SGFM/00/16/6/0118022300166/0118022300166000g01011.jpg","price":"3,25 €","price_unit":"(32,50 € / Kilo)","categories":["Supermercado","Alimentación General","Conservas vegetales","Setas","CARNE robellones botón frasco 100 g neto escurrido"],"general_information":["Denominación del alimento: Rovellons en trozos","Nombre del operador: Conservas Carné, S.A.","Dirección del operador: P.I. Congost Parc. 4 Sur Nave 6, 08530 La Garriga, Barcelona.","Cantidad Neta: 210 g","Peso neto escurrido: 100 g"],"ingredients":[" Rovellons, agua, sal y acidulante: ácido cítrico (E330)."],"ean":"8412792032107"},{"full_name":"CARNE fredolics frasco 180 g neto escurrido","name":"fredolics frasco 180 g neto escurrido","brand":"CARNE ","img":"https://sgfm.elcorteingles.es/SGFM/00/12/5/0118022300125/0118022300125000g01011.jpg","price":"2,90 €","price_unit":"(16,11 € / Kilo)","categories":["Supermercado","Alimentación General","Conservas vegetales","Setas","CARNE fredolics frasco 180 g neto escurrido"],"general_information":["Denominación del alimento: Negrillas extra","Nombre del operador: Conservas Carné, S.A.","Dirección del operador: P.I. Congost Parc. 4 Sur Nave 6, 08530 La Garriga, Barcelona.","Cantidad Neta: 370 g","Peso neto escurrido: 180 g"],"ingredients":[" Thricholosoma portentosum, agua, sal y cítrico."],"ean":"8412792062180"},{"full_name":"CARNE robellones aperitivo frasco 100 g neto escurrido","name":"robellones aperitivo frasco 100 g neto escurrido","brand":"CARNE ","img":"https://sgfm.elcorteingles.es/SGFM/00/19/0/0118022300190/0118022300190000g01011.jpg","price":"3,25 €","price_unit":"(32,50 € / Kilo)","categories":["Supermercado","Alimentación General","Conservas vegetales","Setas","CARNE robellones aperitivo frasco 100 g neto escurrido"],"general_information":["Denominación del alimento: Rovellons a la vinagreta","Nombre del operador: Conservas Carné, S.A.","Dirección del operador: P.I. Congost Parc. 4 Sur Nave 6, 08530 La Garriga, Barcelona.","Cantidad Neta: 210 g","Peso neto escurrido: 100 g"],"ingredients":[" Rovellons, vinagre, pimentón, laurel, ajo, agua y sal."],"ean":"8412792112106"},{"full_name":"CARNE colmenillas deshidratadas frasco 15 g","name":"colmenillas deshidratadas frasco 15 g","brand":"CARNE ","img":"https://sgfm.elcorteingles.es/SGFM/00/11/7/0118022300117/0118022300117000g01011.jpg","price":"10,95 €","price_unit":"(730 € / Kilo)","categories":["Supermercado","Alimentación General","Conservas vegetales","Setas","CARNE colmenillas deshidratadas frasco 15 g"],"general_information":["Denominación del alimento: Colmenillas","Nombre del operador: Conservas Carné, S.A.","Dirección del operador: P.I. Congost Parc. 4 Sur Nave 6, 08530 La Garriga, Barcelona.","Cantidad Neta: 15 g","Otras menciones obligatorias en la etiqueta: Producto deshidratado. Esterilizado antes de su envasado."],"ingredients":[" Morchella Cónica."],"conservation":"Modo de empleo: Poner en remojo durante 2h antes de añadir a la salsa.","ean":"8412792051139"},{"full_name":"CARNE ceps deshidratados frasco 15 g","name":"ceps deshidratados frasco 15 g","brand":"CARNE ","img":"https://sgfm.elcorteingles.es/SGFM/00/10/9/0118022300109/0118022300109000g01011.jpg","price":"3,55 €","price_unit":"(236,67 € / Kilo)","categories":["Supermercado","Alimentación General","Conservas vegetales","Setas","CARNE ceps deshidratados frasco 15 g"],"general_information":["Denominación del alimento: Hongos","Nombre del operador: Conservas Carné, S.A.","Dirección del operador: P.I. Congost Parc. 4 Sur Nave 6, 08530 La Garriga, Barcelona.","Cantidad Neta: 15 g","Otras menciones obligatorias en la etiqueta: Producto deshidratado. Esterilizado antes de su venta."],"ingredients":[" Boletus edulis"],"conservation":"Modo de empleo: Poner en remojo durante 2h antes de añadir la salsa.","ean":"8412792452004"},{"full_name":"CARNE moixernons deshidratados frasco 15 g","name":"moixernons deshidratados frasco 15 g","brand":"CARNE ","img":"https://sgfm.elcorteingles.es/SGFM/00/09/1/0118022300091/0118022300091000g01011.jpg","price":"3,75 €","categories":["Supermercado","Alimentación General","Conservas vegetales","Setas","CARNE moixernons deshidratados frasco 15 g"],"general_information":["Denominación del alimento: Senderuelas","Nombre del operador: Conservas Carné, S.A.","Dirección del operador: P.I. Congost Parc. 4 Sur Nave 6, 08530 La Garriga, Barcelona.","Cantidad Neta: 15 g","Otras menciones obligatorias en la etiqueta: Producto deshidratado. Esterilizado antes de su venta."],"ingredients":[" Marasmius oreades."],"conservation":"Modo de empleo: Poner en remojo durante 2h antes de añadir la salsa.","ean":"8412792051207"},{"full_name":"CARNE trompetas deshidratadas frasco 15 g","name":"trompetas deshidratadas frasco 15 g","brand":"CARNE ","img":"https://sgfm.elcorteingles.es/SGFM/00/13/3/0118022300133/0118022300133000g01011.jpg","price":"3,15 €","categories":["Supermercado","Alimentación General","Conservas vegetales","Setas","CARNE trompetas deshidratadas frasco 15 g"],"general_information":["Denominación del alimento: Trompetas","Nombre del operador: Conservas Carné, S.A.","Dirección del operador: P.I. Congost Parc. 4 Sur Nave 6, 08530 La Garriga, Barcelona.","Cantidad Neta: 15 g","Otras menciones obligatorias en la etiqueta: Producto deshidratado. Esterilizado antes de su venta."],"ingredients":[" Cratherellus cornucopioides"],"conservation":"Modo de empleo: Poner en remojo durante 2h antes de añadir la salsa.","ean":"8412792502006"},{"full_name":"PEDRO LUIS shitake ecológicas frasco 145 g neto escurrido","name":"shitake ecológicas frasco 145 g neto escurrido","brand":"PEDRO LUIS ","img":"https://sgfm.elcorteingles.es/SGFM/dctm/MEDIA02/CONTENIDOS/201503/27/00118022500013____1__600x600.jpg","price":"4,35 €","price_unit":"(30 € / Kilo)","categories":["Supermercado","Alimentación General","Conservas vegetales","Setas","PEDRO LUIS shitake ecológicas frasco 145 g neto escurrido"],"general_information":["Denominación del alimento: Shiitake","Nombre del operador: Conservas Pedro Luís, S.L.","Dirección del operador: Pol.Industrial El Ramal, C/ Del Ramal 19 -31580- Lodosa (Navarra)","Cantidad Neta: 250,0 g","Peso neto escurrido: 145,0 g","Otras menciones obligatorias en la etiqueta: Procedente de la agricultura ecológica. ES-ECO-025-NA. Agricultura de España."],"ingredients":[" Shiitake*, agua y sal. *Procendente de la agricultura ecológica."],"conservation":"Modo de empleo: Resulta ideal para cocinar un revuelto o acompañar distintos platos.","ean":"8425205010470"},{"full_name":"ROSARA boletus edulis en aceite frasco 190 g neto escurrido","name":"boletus edulis en aceite frasco 190 g neto escurrido","brand":"ROSARA ","img":"https://sgfm.elcorteingles.es/SGFM/00/39/8/0118022300398/0118022300398000g01011.jpg","price":"6,45 €","price_unit":"(33,95 € / Kilo)","categories":["Supermercado","Alimentación General","Conservas vegetales","Setas","ROSARA boletus edulis en aceite frasco 190 g neto escurrido"],"general_information":[],"ingredients":[],"ean":"8413940019216"},{"full_name":"LODOSA surtido de setas con ajos tiernos frasco 160 g neto escurrido","name":"surtido de setas con ajos tiernos frasco 160 g neto escurrido","brand":"LODOSA ","img":"https://sgfm.elcorteingles.es/SGFM/00/25/7/0118022300257/0118022300257000g01011.jpg","price":"1,39 €","price_unit":"(8,69 € / Kilo)","categories":["Supermercado","Alimentación General","Conservas vegetales","Setas","LODOSA surtido de setas con ajos tiernos frasco 160 g neto escurrido"],"general_information":["Denominación del alimento: Setas con ajos tiernos","País de origen: España","Nombre del operador: Cooperativa del Campo S. Coop. De Lodosa","Dirección del operador: c/ El Ramal, 3 - 31580 Lodosa (Navarra)","Lugar de procedencia del alimento: D.O. Lodosa","Cantidad Neta: 290 g","Peso neto escurrido: 160 g"],"ingredients":[" Setas, ajos tiernos, agua y sal."],"conservation":" Conservar en lugar fresco y seco.","ean":"8411467061060"},{"full_name":"BOLETUS trufa entera extra indicum estuche 10","name":"trufa entera extra indicum estuche 10 ","brand":"BOLETUS ","img":"https://sgfm.elcorteingles.es/SGFM/dctm/MEDIA02/CONTENIDOS/201412/10/00118029902212____2__600x600.jpg","price":"4,50 €            ","price_unit":"(375 € / Kilo)","categories":["Supermercado","Alimentación General","Conservas vegetales","Trufas","BOLETUS trufa entera extra indicum estuche 10"],"general_information":["Denominación del alimento: Trufas","Nombre del operador: Selfoods SAU","Dirección del operador: El Rebato s/n 08739 SUBIRATS (Barcelona)","Cantidad Neta: 12.5 g","Peso neto escurrido: 10 g"],"ingredients":[" T. Aestivum, jugo T.Aestivum y sal"],"ean":"8412766501387"}]