[{"full_name":"EL CORTE INGLES cóctel de frutas sin azúcar lata 480 g neto escurrido","name":"cóctel de frutas sin azúcar lata 480 g neto escurrido","brand":"EL CORTE INGLES ","img":"https://sgfm.elcorteingles.es/SGFM/dctm/MEDIA03/201612/13/00118030300760____1__600x600.jpg","price":"2,65 €","price_unit":"(5,52 € / Kilo)","categories":["Supermercado","Alimentación General","Conservas de frutas","Cocktail de frutas","EL CORTE INGLES cóctel de frutas sin azúcar lata 480 g neto escurrido"],"general_information":["Denominación del alimento: Cóctel de frutas con edulcorantes. Sin azúcares añadidos. Contiene azúcares naturalmente presentes","Cantidad Neta: 780 g","Peso neto escurrido: 480 g"],"ingredients":[" Ingredientes: Melocotón, pera, piña, uva, cereza coloreada con colorante E-127, agua, acidulante (ácido cítrico), edulcorantes (sucralosa  y acesulfame potásico)."],"conservation":" Conservar en lugar fresco y seco , humedad relativa inferior al 80% y a una temperatura inferior a 30ºC, sin oscilaciones bruscas de temperatura durante todo el consumo preferente del producto. Una vez abierto, conservar el producto en el frigorífico durante un tiempo máximo de tres días, preferiblemente en un envase de vidrio o plástico.","ean":"8433329078610"},{"full_name":"DEL MONTE cóctel de frutas en zumo lata 250 g neto escurrido","name":"cóctel de frutas en zumo lata 250 g neto escurrido","brand":"DEL MONTE ","img":"https://sgfm.elcorteingles.es/SGFM/00/16/6/0118030300166/0118030300166000g01011.jpg","price":"2,65 €            ","price_unit":"(8,20 € / Kilo)","categories":["Supermercado","Alimentación General","Conservas de frutas","Cocktail de frutas","DEL MONTE cóctel de frutas en zumo lata 250 g neto escurrido"],"general_information":["Denominación del alimento: Cocktail de frutas","Nombre del operador: Bolton Cile España","Dirección del operador: C/ Ombú nº 3 28045 Madrid, España","Cantidad Neta: 415 g"],"ingredients":[" Fruta en proporciones variables (melocotones, peras, piña, uvas, cerezas con colorante E-127), zumo clarificado de piña procedente de concentrado"],"ean":"0024000124023"},{"full_name":"HELIOS cóctel de frutas lata 240 g neto escurrido","name":"cóctel de frutas lata 240 g neto escurrido","brand":"HELIOS ","img":"https://sgfm.elcorteingles.es/SGFM/dctm/MEDIA02/CONTENIDOS/201412/10/00118030302311____2__600x600.jpg","price":"1,79 €            ","price_unit":"(7,08 € / Kilo)","categories":["Supermercado","Alimentación General","Conservas de frutas","Cocktail de frutas","HELIOS cóctel de frutas lata 240 g neto escurrido"],"general_information":["Denominación del alimento: Cocktail de Frutras en Almibar 420g","Nombre del operador: DULCES Y CONSERVAS HELIOS S.A.","Dirección del operador: Carretera de Salamanca, nº44, 47195 Arroyo de la Encomienda","Cantidad Neta: 420 g","Peso neto escurrido: 240 g"],"ingredients":[" Frutas en porción variable (melocotón, pera, piña, uva, cereza), agua, azúcar, acidulante: ácido cítrico, antioxidante: ácido ascórbico y colorante eritrosina (solo la cereza)"],"conservation":" Conservese en lugar fresco y seco. Una vez abierto conservesé en el frigorifico","ean":"8410095005057"},{"full_name":"ZALEA Real cóctel de frutas lata 240 g neto escurrido","name":"Real cóctel de frutas lata 240 g neto escurrido","brand":"ZALEA ","img":"https://sgfm.elcorteingles.es/SGFM/dctm/MEDIA03/201606/28/00118030302352____1__600x600.jpg","price":"1,39 €","price_unit":"(5,79 € / Kilo)","categories":["Supermercado","Alimentación General","Conservas de frutas","Cocktail de frutas","ZALEA Real cóctel de frutas lata 240 g neto escurrido"],"general_information":[],"ingredients":[],"ean":"8436549527456"},{"full_name":"VENCEROL selección cocktail de frutas en almíbar ligero frasco 400 g neto escurrido","name":"selección cocktail de frutas en almíbar ligero frasco 400 g neto escurrido","brand":"VENCEROL ","img":"https://sgfm.elcorteingles.es/SGFM/dctm/MEDIA03/201611/11/00118030302394____1__600x600.jpg","price":"2,89 €            ","categories":["Supermercado","Alimentación General","Conservas de frutas","Cocktail de frutas","VENCEROL selección cocktail de frutas en almíbar ligero frasco 400 g neto escurrido"],"general_information":["Denominación del alimento: Cocktail de Frutas","Nombre del operador: IMPEX MEDRANO, S.L","Dirección del operador: P.I. LAS LABRADAS, C/CASTILLA Y LEÓN, 4","Cantidad Neta: 600 g","Peso neto escurrido: 400 g"],"ingredients":[" Melocotón, pera, piña, uva, cereza, agua, azúcar, acidulante (E-330) y endurecedor: cloruro cálcico."],"conservation":" Almacenar el producto a Temperatura ambiente (15/30°C) en un lugar fresco y seco. Una vez abierto almacenar en refrigeración 2/5°C, aconsejándose su consumo en un plazo de 48 horas.","ean":"8436012965075"},{"full_name":"ARANCA compota de manzana frasco 680 g","name":"compota de manzana frasco 680 g","brand":"ARANCA ","img":"https://sgfm.elcorteingles.es/SGFM/00/18/2/0118031700182/0118031700182000g01011.jpg","price":"2,99 €            ","price_unit":"(3,31 € / Kilo)","categories":["Supermercado","Alimentación General","Conservas de frutas","Compotas de frutas","ARANCA compota de manzana frasco 680 g"],"general_information":["Denominación del alimento: COMPOTA DE MANZANA","Nombre del operador: Selfoods SAU","Dirección del operador: El Rebato s/n 08739 SUBIRATS (Barcelona)","Cantidad Neta: 720 g"],"ingredients":[" Manzanas, azúcar, antioxidante: acido ascórbico (E300), Acido cítrico (E330)"],"conservation":" Después de abierto conservar en el frigorífico, consumir antes de 3 días","ean":"8412766500540"},{"full_name":"ODENWALD compota de manzana frasco 700 g","name":"compota de manzana frasco 700 g","brand":"ODENWALD ","img":"https://sgfm.elcorteingles.es/SGFM/dctm/MEDIA03/201606/22/00118031701727____1__600x600.jpg","price":"4,50 €","price_unit":"(6,43 € / Kilo)","categories":["Supermercado","Alimentación General","Conservas de frutas","Compotas de frutas","ODENWALD compota de manzana frasco 700 g"],"general_information":["Denominación del alimento: COMPOTA DE MANZANA CON TROPEZONES","Nombre del operador: Casa Westfalia, S.A.","Dirección del operador: C/ Dels Roures 4, Polígono Industrial V2 - 17111 Vulpellac (Girona)","Cantidad Neta: 720 g","Peso neto escurrido: 720 g"],"ingredients":[" Manzanas, azúcar, jarabe de glucosa-fructosa, acidulante: ácido cítrico, antioxidante: ácido ascórbico."],"conservation":" Mantener en lugar fresco y seco","ean":"4008122260032"},{"full_name":"POMBEL compota de manzana y pera 100% fruta pack 4 tarrina 100 g","name":"compota de manzana y pera 100% fruta pack 4 tarrina 100 g","brand":"POMBEL ","img":"https://sgfm.elcorteingles.es/SGFM//00/88/4/0118160900884/0118160900884000g01011.jpg","price":"2,29 €","price_unit":"(5,72 € / Kilo)","categories":["Supermercado","Alimentación General","Conservas de frutas","Compotas de frutas","POMBEL compota de manzana y pera 100% fruta pack 4 tarrina 100 g"],"general_information":["Denominación del alimento: Puré de manzana y pera","País de origen: Francia","Nombre del operador: STADIUM INNOVATION","Dirección del operador: Paseo Ferrocarril (PG CAMI RAL), 339, Castelldefels, 8860 Barcelona","Cantidad Neta: 400 g","Otras menciones obligatorias en la etiqueta: Envasado en atmósfera protectora. Acondicionado en atmósfera protectora."],"ingredients":[" Manzana (67%), pera (27%), zumo de manzana concentrado (6%), aroma natural (0,04%) y antioxidante: ácido ascórbico."],"conservation":" Conservar preferentemente en frío (0-10° C). Consumir dentro de las 24 horas una vez abierto el envase.","ean":"8437010537080"},{"full_name":"POMBEL compota de manzana y plátano tarrina 400 g","name":"compota de manzana y plátano tarrina 400 g","brand":"POMBEL ","img":"https://sgfm.elcorteingles.es/SGFM/01/34/6/0118160901346/0118160901346000g01011.jpg","price":"2,29 €","price_unit":"(5,72 € / Kilo)","categories":["Supermercado","Alimentación General","Conservas de frutas","Compotas de frutas","POMBEL compota de manzana y plátano tarrina 400 g"],"general_information":["Denominación del alimento: Puré de manzana y plátano","País de origen: Francia","Nombre del operador: STADIUM INNOVATION","Dirección del operador: Paseo Ferrocarril (PG CAMI RAL), 339, Castelldefels, 8860 Barcelona","Cantidad Neta: 400 g","Otras menciones obligatorias en la etiqueta: Envasado en atmósfera protectora. Acondicionado en atmósfera protectora."],"ingredients":[" Manzana (80%), plátano (20%), antioxidante: ácido ascórbico, y acidificante: ácido cítrico."],"conservation":" Conservar preferentemente en frío (0-10° C). Consumir dentro de las 24 horas una vez abierto el envase.","ean":"8437010537103"},{"full_name":"POMBEL compota de manzana, fresa y plátano 100% fruta pack 4 tarrina 100 g","name":"compota de manzana, fresa y plátano 100% fruta pack 4 tarrina 100 g","brand":"POMBEL ","img":"https://sgfm.elcorteingles.es/SGFM/dctm/MEDIA02/CONTENIDOS/201410/16/00118160900934____1__600x600.jpg","price":"2,29 €","price_unit":"(5,72 € / Kilo)","categories":["Supermercado","Alimentación General","Conservas de frutas","Compotas de frutas","POMBEL compota de manzana, fresa y plátano 100% fruta pack 4 tarrina 100 g"],"general_information":["Denominación del alimento: Puré de manzana, fresa y plátano","País de origen: Francia","Nombre del operador: STADIUM INNOVATION","Dirección del operador: Paseo Ferrocarril (PG CAMI RAL), 339, Castelldefels, 8860 Barcelona","Cantidad Neta: 400 g","Otras menciones obligatorias en la etiqueta: Envasado en atmósfera protectora. Acondicionado en atmósfera protectora."],"ingredients":[" Manzana (68,5%), plátano (20%), fresa (11%), zumo concentrado de grosella negra (0,1%), antioxidante: ácido ascórbico y acidificante: ácido cítrico."],"conservation":" Conservar preferentemente en frío (0-10° C). Consumir dentro de las 24 horas una vez abierto el envase.","ean":"8437010537066"},{"full_name":"POMBEL compota de manzana 100% fruta pack 4 tarrinas 100 g","name":"compota de manzana 100% fruta pack 4 tarrinas 100 g","brand":"POMBEL ","img":"https://sgfm.elcorteingles.es/SGFM//00/33/0/0118160900330/0118160900330000g01011.jpg","price":"2,29 €","price_unit":"(5,72 € / Kilo)","categories":["Supermercado","Alimentación General","Conservas de frutas","Compotas de frutas","POMBEL compota de manzana 100% fruta pack 4 tarrinas 100 g"],"general_information":["Denominación del alimento: Puré de manzana","País de origen: Francia","Nombre del operador: STADIUM INNOVATION","Dirección del operador: Paseo Ferrocarril (PG CAMI RAL), 339, Castelldefels, 8860 Barcelona","Cantidad Neta: 400 g","Otras menciones obligatorias en la etiqueta: Envasado en atmósfera protectora. Acondicionado en atmósfera protectora."],"ingredients":[" Manzana (100%) y antioxidante: ácido ascórbico."],"conservation":" Conservar preferentemente en frío (0-10° C). Consumir dentro de las 24 horas una vez abierto el envase.","ean":"8437010537042"},{"full_name":"POMBEL compota de manzana y frambuesa 100% pack 4 tarrina 100 g","name":"compota de manzana y frambuesa 100% pack 4 tarrina 100 g","brand":"POMBEL ","img":"https://sgfm.elcorteingles.es/SGFM/dctm/MEDIA03/201610/06/00118160901577____1__600x600.jpg","price":"2,95 €","price_unit":"(7,38 € / Kilo)","categories":["Supermercado","Alimentación General","Conservas de frutas","Compotas de frutas","POMBEL compota de manzana y frambuesa 100% pack 4 tarrina 100 g"],"general_information":["Denominación del alimento: Puré de manzana y frambuesa","País de origen: Francia","Nombre del operador: STADIUM INNOVATION","Dirección del operador: Paseo Ferrocarril (PG CAMI RAL), 339, Castelldefels, 8860 Barcelona","Cantidad Neta: 400 g","Otras menciones obligatorias en la etiqueta: Envasado en atmósfera protectora. Acondicionado en atmósfera protectora."],"ingredients":[" Manzana (80,9%), frambuesa (16%), zumo de manzana concentrado (3%), aroma natural (0,075%), antioxidante: ácido ascórbico."],"conservation":" Conservar preferentemente en frío (0-10° C). Consumir dentro de las 24 horas una vez abierto el envase.","ean":"8437010537233"},{"full_name":"POMBEL compota de manzana y albaricoque 100% fruta pack 4 tarrina 100 g","name":"compota de manzana y albaricoque 100% fruta pack 4 tarrina 100 g","brand":"POMBEL ","img":"https://sgfm.elcorteingles.es/SGFM/dctm/MEDIA03/201611/11/00118160901569____1__600x600.jpg","price":"2,29 €","price_unit":"(5,72 € / Kilo)","categories":["Supermercado","Alimentación General","Conservas de frutas","Compotas de frutas","POMBEL compota de manzana y albaricoque 100% fruta pack 4 tarrina 100 g"],"general_information":["Denominación del alimento: Puré de manzana y albaricoque","País de origen: Francia","Nombre del operador: STADIUM INNOVATION","Dirección del operador: Paseo Ferrocarril (PG CAMI RAL), 339, Castelldefels, 8860 Barcelona","Cantidad Neta: 400 g","Otras menciones obligatorias en la etiqueta: Envasado en atmósfera protectora. Acondicionado en atmósfera protectora."],"ingredients":[" Manzana (70%), albaricoque (30%), aroma natural (0,04%), antioxidante: ácido ascórbico."],"conservation":" Conservar preferentemente en frío (0-10° C). Consumir dentro de las 24 horas una vez abierto el envase.","ean":"8437010537240"},{"full_name":"POMBEL compota de manzana y piña 100% fruta sin azúcar añadido pack 4 tarrinas 100 g","name":"compota de manzana y piña 100% fruta sin azúcar añadido pack 4 tarrinas 100 g","brand":"POMBEL ","img":"https://sgfm.elcorteingles.es/SGFM//00/81/4/0202060900814/0202060900814000g01011.jpg","price":"2,29 €","price_unit":"(5,72 € / Kilo)","categories":["Supermercado","Alimentación General","Conservas de frutas","Compotas de frutas","POMBEL compota de manzana y piña 100% fruta sin azúcar añadido pack 4 tarrinas 100 g"],"general_information":["Denominación del alimento: Puré de manzana y piña","País de origen: Francia","Nombre del operador: STADIUM INNOVATION","Dirección del operador: Paseo Ferrocarril (PG CAMI RAL), 339, Castelldefels, 8860 Barcelona","Cantidad Neta: 400 g","Otras menciones obligatorias en la etiqueta: Envasado en atmósfera protectora. Acondicionado en atmósfera protectora."],"ingredients":[" Manzana (75%), piña(20%), zumo de manzana concentrado (5%), aroma natural (0,10%) y antioxidante: ácido ascórbico."],"conservation":" Conservar preferentemente en frío (0-10° C). Consumir dentro de las 24 horas una vez abierto el envase.","ean":"8437010537097"},{"full_name":"POMBEL compota de manzana y mango 100% fruta pack 4 tarrinas 100 g","name":"compota de manzana y mango 100% fruta pack 4 tarrinas 100 g","brand":"POMBEL ","img":"https://sgfm.elcorteingles.es/SGFM/dctm/MEDIA02/CONTENIDOS/201410/16/00118160901106____1__600x600.jpg","price":"2,29 €","price_unit":"(5,72 € / Kilo)","categories":["Supermercado","Alimentación General","Conservas de frutas","Compotas de frutas","POMBEL compota de manzana y mango 100% fruta pack 4 tarrinas 100 g"],"general_information":["Denominación del alimento: Puré de manzana y mango","País de origen: Francia","Nombre del operador: STADIUM INNOVATION","Dirección del operador: Paseo Ferrocarril (PG CAMI RAL), 339, Castelldefels, 8860 Barcelona","Cantidad Neta: 400 g","Otras menciones obligatorias en la etiqueta: Envasado en atmósfera protectora. Acondicionado en atmósfera protectora."],"ingredients":[" Manzana (67%), mango (30%), zumo de manzana concentrado (3%) y antioxidante: ácido ascórbico."],"conservation":" Conservar preferentemente en frío (0-10° C). Consumir dentro de las 24 horas una vez abierto el envase.","ean":"8437010537073"},{"full_name":"LA ERMITA DE SAN PEDRO mermefruta de ciruela verde 75% sin gluten envase 275 g","name":"mermefruta de ciruela verde 75% sin gluten envase 275 g","brand":"LA ERMITA DE SAN PEDRO ","img":"https://sgfm.elcorteingles.es/SGFM/dctm/MEDIA03/201709/06/00118821800051____1__600x600.jpg","price":"1,00 €","price_unit":"(3,70 € / Kilo)","categories":["Supermercado","Alimentación General","Conservas de frutas","Compotas de frutas","LA ERMITA DE SAN PEDRO mermefruta de ciruela verde 75% sin gluten envase 275 g"],"general_information":[],"ingredients":[],"ean":"8436019981849"},{"full_name":"LA ERMITA DE SAN PEDRO mermefruta con arándanos 75% sin gluten envase 275 g","name":"mermefruta con arándanos 75% sin gluten envase 275 g","brand":"LA ERMITA DE SAN PEDRO ","img":"https://sgfm.elcorteingles.es/SGFM/dctm/MEDIA03/201709/06/00118821800044____1__600x600.jpg","price":"2,00 €","price_unit":"(7,41 € / Kilo)","categories":["Supermercado","Alimentación General","Conservas de frutas","Compotas de frutas","LA ERMITA DE SAN PEDRO mermefruta con arándanos 75% sin gluten envase 275 g"],"general_information":[],"ingredients":[],"ean":"8436019981818"},{"full_name":"LA ERMITA DE SAN PEDRO mermefruta de fresa 75% sin gluten envase 275 g","name":"mermefruta de fresa 75% sin gluten envase 275 g","brand":"LA ERMITA DE SAN PEDRO ","img":"https://sgfm.elcorteingles.es/SGFM/dctm/MEDIA03/201709/14/00118821800093____1__600x600.jpg","price":"2,00 €","price_unit":"(7,41 € / Kilo)","categories":["Supermercado","Alimentación General","Conservas de frutas","Compotas de frutas","LA ERMITA DE SAN PEDRO mermefruta de fresa 75% sin gluten envase 275 g"],"general_information":[],"ingredients":[],"ean":"8436019981863"},{"full_name":"LA ERMITA DE SAN PEDRO mermefruta de manzana 75% sin gluten envase 275 g","name":"mermefruta de manzana 75% sin gluten envase 275 g","brand":"LA ERMITA DE SAN PEDRO ","img":"https://sgfm.elcorteingles.es/SGFM/dctm/MEDIA03/201709/06/00118821800077____1__600x600.jpg","price":"2,40 €","price_unit":"(8,89 € / Kilo)","categories":["Supermercado","Alimentación General","Conservas de frutas","Compotas de frutas","LA ERMITA DE SAN PEDRO mermefruta de manzana 75% sin gluten envase 275 g"],"general_information":[],"ingredients":[],"ean":"8436019981825"},{"full_name":"LA ERMITA mermefruta de melocotón 70% sin gluten envase 275 g","name":"mermefruta de melocotón 70% sin gluten envase 275 g","brand":"LA ERMITA ","img":"https://sgfm.elcorteingles.es/SGFM/dctm/MEDIA03/201709/06/00118821800085____1__600x600.jpg","price":"2,40 €","price_unit":"(8,89 € / Kilo)","categories":["Supermercado","Alimentación General","Conservas de frutas","Compotas de frutas","LA ERMITA mermefruta de melocotón 70% sin gluten envase 275 g"],"general_information":[],"ingredients":[],"ean":"8436019981856"},{"full_name":"LA ERMITA DE SAN PEDRO mermefruta de zanahoria 65% sin gluten envase 275 g","name":"mermefruta de zanahoria 65% sin gluten envase 275 g","brand":"LA ERMITA DE SAN PEDRO ","img":"https://sgfm.elcorteingles.es/SGFM/dctm/MEDIA03/201709/06/00118821800069____1__600x600.jpg","price":"1,00 €","price_unit":"(3,70 € / Kilo)","categories":["Supermercado","Alimentación General","Conservas de frutas","Compotas de frutas","LA ERMITA DE SAN PEDRO mermefruta de zanahoria 65% sin gluten envase 275 g"],"general_information":[],"ingredients":[],"ean":"8436019981832"},{"full_name":"CUEVAS puré de castaña frasco 245 g","name":"puré de castaña frasco 245 g","brand":"CUEVAS ","img":"https://sgfm.elcorteingles.es/SGFM/01/52/9/0118031701529/0118031701529000g01011.jpg","price":"3,55 €","price_unit":"(14,49 € / Kilo)","categories":["Supermercado","Alimentación General","Conservas de frutas","Cremas y purés de frutas","CUEVAS puré de castaña frasco 245 g"],"general_information":["Denominación del alimento: Pure de castaña","Nombre del operador: Cuevas y Cia. S.A","Dirección del operador: Pol. Ind. San Ciprián de Viñas C/1 nº 10 32901 (Orense) España","Cantidad Neta: 245 g","Otras menciones obligatorias en la etiqueta: Sin conservantes ni colorantes.#Libre de gluten. Apto para celíacos"],"ingredients":[" Castaña (56%), agua, azúcar, jarabe de glucosa, sal y aroma natural de vainilla"],"conservation":" Mantener en lugar seco y fresco. Vida útil: 48 meses.","ean":"8414386000028"},{"full_name":"CUEVAS crema de marrón glacé frasco 285 g","name":"crema de marrón glacé frasco 285 g","brand":"CUEVAS ","img":"https://sgfm.elcorteingles.es/SGFM/01/49/5/0118031701495/0118031701495000g01011.jpg","price":"4,25 €            ","price_unit":"(13,51 € / Kilo)","categories":["Supermercado","Alimentación General","Conservas de frutas","Cremas y purés de frutas","CUEVAS crema de marrón glacé frasco 285 g"],"general_information":["Denominación del alimento: Crema de castaña confitada","Nombre del operador: Cuevas y Cia. S.A","Dirección del operador: Pol. Ind. San Ciprián de Viñas C/1 nº 10 32901 (Orense) España","Cantidad Neta: 285 g","Otras menciones obligatorias en la etiqueta: Libre de gluten. Apto para celíacos"],"ingredients":[" Marron Glacé(61%: castaña, azúcar, jarabe de glucosa y aroma natural de vainilla), agua, azúcar, castaña y edulcorante: sorbitol. Elaborada con 41 g de castaña en 100 g de producto y 35 g de azúcares por 100 g de producto. Puede contener sulfitos."],"conservation":" Mantener en lugar seco y fresco. Una vez abierto mantener en refrigeración. Consumir dentro de los 48 meses a partir de su fecha de elaboración.","ean":"8414386000035"},{"full_name":"NAICIÑA puré de castañas bandeja 475 g","name":"puré de castañas bandeja 475 g","brand":"NAICIÑA ","img":"https://sgfm.elcorteingles.es/SGFM/dctm/MEDIA02/CONTENIDOS/201412/10/00200131701518____1__600x600.jpg","price":"5,40 €            ","price_unit":"(10,42 € / Kilo)","categories":["Supermercado","Alimentación General","Conservas de frutas","Cremas y purés de frutas","NAICIÑA puré de castañas bandeja 475 g"],"general_information":["Denominación del alimento: Puré de Castañas","Nombre del operador: Miguel Arean e Hijos S.L","Dirección del operador: Avda Pilos (dos) 8, 27500, Chantada (Lugo)","Cantidad Neta: 475 g","Otras menciones obligatorias en la etiqueta: Humedad 70-75%.pH 5.5-6.0. Cenizas 1,3%. Aw:0.96"],"ingredients":[" Pasta de castaña, agua y sal marina."],"conservation":" Conservación a temperatura ambiente, preservado de la luz directa o de fuentes de calor. Una vez abierto, mantener en refrigeración máximo 48 horas.","ean":"8427451006542"},{"full_name":"EL QUIJOTE crema de manzana sin azúcares añadidos tarrina 400 g","name":"crema de manzana sin azúcares añadidos tarrina 400 g","brand":"EL QUIJOTE ","img":"https://sgfm.elcorteingles.es/SGFM/dctm/MEDIA02/CONTENIDOS/201410/01/00118031701198____1__600x600.jpg","price":"3,65 €","price_unit":"(9,12 € / Kilo)","categories":["Supermercado","Alimentación General","Conservas de frutas","Cremas y purés de frutas","EL QUIJOTE crema de manzana sin azúcares añadidos tarrina 400 g"],"general_information":["Denominación del alimento: Crema de manzana","Nombre del operador: Membrillo el Quijote S.A.","Dirección del operador: Polígono Industrial San Pancracio, 16, 14500 Puente Genil, Córdoba","Cantidad Neta: 380 g","Otras menciones obligatorias en la etiqueta: No contiene alérgenos"],"ingredients":[" Pulpa manzana, edulcorante (maltitol*), fibra vegetal soluble (inulina), espesante (E-407), acidulante (E-330), conservadores (E-211, E-202), edulcorante (sucralosa)."],"ean":"8410664201323"},{"full_name":"EL QUIJOTE crema de melocotón sin azúcares añadidos tarrina 380 g","name":"crema de melocotón sin azúcares añadidos tarrina 380 g","brand":"EL QUIJOTE ","img":"https://sgfm.elcorteingles.es/SGFM/01/21/4/0118031701214/0118031701214000g01011.jpg","price":"3,65 €","price_unit":"(9,12 € / Kilo)","categories":["Supermercado","Alimentación General","Conservas de frutas","Cremas y purés de frutas","EL QUIJOTE crema de melocotón sin azúcares añadidos tarrina 380 g"],"general_information":["Denominación del alimento: Crema de melocotón","Nombre del operador: Membrillo el Quijote S.A.","Dirección del operador: Polígono Industrial San Pancracio, 16, 14500 Puente Genil, Córdoba","Cantidad Neta: 380 g","Otras menciones obligatorias en la etiqueta: No contiene alérgenos"],"ingredients":[" Pulpa de melocotón, edulcorantes (maltitol*), fibra vegetal soluble (inulina), espesante: carragenato, acidulante: acido cítrico, conservador: benzoato sódico y edulcorante: sucralosa."],"ean":"8410664201347"},{"full_name":"EL CORTE INGLES membrillo 100% natural extra envase 400 g","name":"membrillo 100% natural extra envase 400 g","brand":"EL CORTE INGLES ","img":"https://sgfm.elcorteingles.es/SGFM/dctm/MEDIA03/201702/06/00118031702048____1__600x600.jpg","price":"2,55 €","categories":["Supermercado","Alimentación General","Conservas de frutas","Dulces de membrillo y frutas","EL CORTE INGLES membrillo 100% natural extra envase 400 g"],"general_information":["Denominación del alimento: MEMBRILLO 100% NATURAL - CALIDAD EXTRA","Nombre del operador: Elaborado para El Cote Inglés por Membrillo El Quijote, S.A. Pol. Ind. San Pancracio, parc 16 14500 Puente Genil - Córdoba. España","Lugar de procedencia del alimento: Origen España","Cantidad Neta: 400 g","Número de raciones por envase: 8"],"ingredients":[" Ingredientes: Pulpa de membrillo (55%), azúcar (44%) y pulpa de limón.                                       Preparado con 55 g de fruto por 100g."],"ean":"8433329074827"},{"full_name":"EL CORTE INGLES crema de membrillo extra tarrina 400 g","name":"crema de membrillo extra tarrina 400 g","brand":"EL CORTE INGLES ","img":"https://sgfm.elcorteingles.es/SGFM/dctm/MEDIA03/201612/19/00118031700539____2__600x600.jpg","price":"1,99 €","price_unit":"(4,98 € / Kilo)","categories":["Supermercado","Alimentación General","Conservas de frutas","Dulces de membrillo y frutas","EL CORTE INGLES crema de membrillo extra tarrina 400 g"],"general_information":["Denominación del alimento: CREMA DE MEMBRILLO EXTRA","Nombre del operador: Elaborado para El Cote Inglés por Membrillo El Quijote, S.A. Pol. Ind. San Pancracio, parc 16 14500 Puente Genil - Córdoba. España","Lugar de procedencia del alimento: Origen España","Cantidad Neta: 400 g","Número de raciones por envase: 8"],"ingredients":[" Ingredientes: Pulpa de membrillo (51%), azúcar, espesante (carragenano), acidulante (acido citrico), conservador (benzoato sódico)"],"ean":"8433329008471"},{"full_name":"ALIADA dulce de membrillo tarrina 400 g","name":"dulce de membrillo tarrina 400 g","brand":"ALIADA ","img":"https://sgfm.elcorteingles.es/SGFM/dctm/MEDIA02/CONTENIDOS/201503/13/00118031701859000_1__600x600.jpg","price":"0,89 €","price_unit":"(2,22 € / Kilo)","categories":["Supermercado","Alimentación General","Conservas de frutas","Dulces de membrillo y frutas","ALIADA dulce de membrillo tarrina 400 g"],"general_information":["Denominación del alimento: Dulce de membrillo. Categoría primera.","Nombre del operador: Elaborado para\nEl  Grupo El Corte Inglés \nHermosilla,  112 ? 28009 Madrid ? España             por CIF: A14037642","Cantidad Neta: 400 g","Número de raciones por envase: 8.0"],"ingredients":[" Ingredientes: Pulpa de membrillo (47%), azúcar, jarabe de glucosa-fructosa, espesante: carragenato, acidulante: ácido cítrico, conservador: benzoato sódico.     Preparado con 58 gramos de fruta por 100 gramos. Contenido total en azúcares 55 g por 100 g."],"conservation":" Una vez abierto, conservar en el frigorífico.","ean":"8433329038300"},{"full_name":"EL QUIJOTE crema de membrillo lata 600 g","name":"crema de membrillo lata 600 g","brand":"EL QUIJOTE ","img":"https://sgfm.elcorteingles.es/SGFM/dctm/MEDIA02/CONTENIDOS/201410/01/00118031701958____2__600x600.jpg","price":"8,15 €","price_unit":"(10,19 € / Kilo)","categories":["Supermercado","Alimentación General","Conservas de frutas","Dulces de membrillo y frutas","EL QUIJOTE crema de membrillo lata 600 g"],"general_information":["Denominación del alimento: Crema de membrillo","Nombre del operador: Membrillo el Quijote, S.A.","Dirección del operador: Polígono Industrial San Pancracio, 16, 14500 Puente Genil, Córdoba","Cantidad Neta: 625 g","Otras menciones obligatorias en la etiqueta: No contiene alérgenos"],"ingredients":[" Pulpa de membrillo (50%) y azúcar. Aditivos: gelificante: carragenatos. Conservador: benzoato de sódico. Acidulante: ácido cítrico."],"ean":"8410664200371"},{"full_name":"EL QUIJOTE dulce de membrillo Cordoba lata 800 g","name":"dulce de membrillo Cordoba lata 800 g","brand":"EL QUIJOTE ","img":"https://sgfm.elcorteingles.es/SGFM/dctm/MEDIA02/CONTENIDOS/201410/01/00118031701941____2__600x600.jpg","price":"5,39 €","price_unit":"(6,74 € / Kilo)","categories":["Supermercado","Alimentación General","Conservas de frutas","Dulces de membrillo y frutas","EL QUIJOTE dulce de membrillo Cordoba lata 800 g"],"general_information":["Denominación del alimento: Dulce de Membrillo","Nombre del operador: Membrillo el Quijote S.A.","Dirección del operador: Polígono Industrial San Pancracio, 16, 14500 Puente Genil, Córdoba","Cantidad Neta: 800 g","Otras menciones obligatorias en la etiqueta: No contiene alérgenos"],"ingredients":[" Pulpa de membrillo primera (50%); azúcar; jarabe de glucosa ? fructosa; espesante: carragenato (e-407); acidulante: ácido cítrico (e-330); conservador: benzoato sódico (e-211)."],"ean":"8410664200715"},{"full_name":"EL QUIJOTE confitura de cabello de ángel lata 572 g","name":"confitura de cabello de ángel lata 572 g","brand":"EL QUIJOTE ","img":"https://sgfm.elcorteingles.es/SGFM/dctm/MEDIA03/201709/06/00118031700521____1__600x600.jpg","price":"3,95 €","price_unit":"(10,39 € / Kilo)","categories":["Supermercado","Alimentación General","Conservas de frutas","Dulces de membrillo y frutas","EL QUIJOTE confitura de cabello de ángel lata 572 g"],"general_information":[],"ingredients":[],"ean":"8410664203310"},{"full_name":"EL QUIJOTE pasta de guayaba tarrina 400 g","name":"pasta de guayaba tarrina 400 g","brand":"EL QUIJOTE ","img":"https://sgfm.elcorteingles.es/SGFM/00/70/3/0118031700703/0118031700703000g01011.jpg","price":"3,09 €","price_unit":"(7,72 € / Kilo)","categories":["Supermercado","Alimentación General","Conservas de frutas","Dulces de membrillo y frutas","EL QUIJOTE pasta de guayaba tarrina 400 g"],"general_information":["Denominación del alimento: Pasta de guayaba","Nombre del operador: Membrillo el Quijote, S.A.","Dirección del operador: Polígono Industrial San Pancracio, 16, 14500 Puente Genil, Córdoba","Cantidad Neta: 400 g","Otras menciones obligatorias en la etiqueta: No contiene alérgenos"],"ingredients":[" Pulpa de guayaba, azúcar, espesante: E-407 y acidulante: ácido cítrico y conservador E-211."],"ean":"8410664200173"},{"full_name":"EL QUIJOTE dulce de frutas tarrina 400 g","name":"dulce de frutas tarrina 400 g","brand":"EL QUIJOTE ","img":"https://sgfm.elcorteingles.es/SGFM/00/57/0/0118031700570/0118031700570000g01011.jpg","price":"1,75 €","price_unit":"(4,38 € / Kilo)","categories":["Supermercado","Alimentación General","Conservas de frutas","Dulces de membrillo y frutas","EL QUIJOTE dulce de frutas tarrina 400 g"],"general_information":["Denominación del alimento: Dulce de Frutas","Nombre del operador: Membrillo el Quijote S.A.","Dirección del operador: Polígono Industrial San Pancracio, 16, 14500 Puente Genil, Córdoba","Cantidad Neta: 400 g","Otras menciones obligatorias en la etiqueta: No contiene alérgenos"],"ingredients":[" Jarabe de glucosa ? fructosa; azúcar; pulpa de frutas: ciruela, manzana, albaricoque, melocotón, fresa, naranja; almidon de maiz (e-1422), espesante: carragenato (e-407), harina de garrofin (e-410); acidulante: ácido cítrico (e-330); conservador: benzoato sódico (e-211); colorantes (e-120, e-160 (i), e-100, e-133); aromas naturales"],"ean":"8410664080065"},{"full_name":"EL QUIJOTE dulce de membrillo primera estuche 400 g","name":"dulce de membrillo primera estuche 400 g","brand":"EL QUIJOTE ","img":"https://sgfm.elcorteingles.es/SGFM/dctm/MEDIA03/201702/06/00118031700513____2__600x600.jpg","price":"1,05 €","price_unit":"(2,62 € / Kilo)","categories":["Supermercado","Alimentación General","Conservas de frutas","Dulces de membrillo y frutas","EL QUIJOTE dulce de membrillo primera estuche 400 g"],"general_information":["Denominación del alimento: Dulce de Membrillo","Nombre del operador: Membrillo el Quijote S.A.","Dirección del operador: Polígono Industrial San Pancracio, 16, 14500 Puente Genil, Córdoba","Cantidad Neta: 400 g","Otras menciones obligatorias en la etiqueta: No contiene alérgenos"],"ingredients":[" Pulpa de membrillo primera; azúcar; jarabe de glucosa ? fructosa; espesante: carragenato (e-407); acidulante: ácido cítrico (e-330); conservador: benzoato sódico (e-211)."],"ean":"8410664000018"},{"full_name":"EL QUIJOTE membrillo natural 100% sin gluten bandeja 250 g","name":"membrillo natural 100% sin gluten bandeja 250 g","brand":"EL QUIJOTE ","img":"https://sgfm.elcorteingles.es/SGFM/dctm/MEDIA03/201709/08/00118812000026____1__600x600.jpg","price":"2,74 €","price_unit":"(10,96 € / Kilo)","categories":["Supermercado","Alimentación General","Conservas de frutas","Dulces de membrillo y frutas","EL QUIJOTE membrillo natural 100% sin gluten bandeja 250 g"],"general_information":["Denominación del alimento: Membrillo natural","Nombre del operador: Membrillo el Quijote S.A.","Dirección del operador: Polígono Industrial San Pancracio, 16, 14500 Puente Genil, Córdoba","Cantidad Neta: 250 g","Otras menciones obligatorias en la etiqueta: No contiene alérgenos"],"ingredients":[" Membrillo, azúcar y limón."],"ean":"8410664088160"},{"full_name":"EL QUIJOTE membrillo natural 100% tarrina 400 g neto escurrido","name":"membrillo natural 100% tarrina 400 g neto escurrido","brand":"EL QUIJOTE ","img":"https://sgfm.elcorteingles.es/SGFM/dctm/MEDIA03/201702/06/00118031701719____2__600x600.jpg","price":"3,05 €            ","price_unit":"(5,62 € / Kilo)","categories":["Supermercado","Alimentación General","Conservas de frutas","Dulces de membrillo y frutas","EL QUIJOTE membrillo natural 100% tarrina 400 g neto escurrido"],"general_information":["Denominación del alimento: Membrillo natural","Nombre del operador: Membrillo el Quijote, S.A.","Dirección del operador: Polígono Industrial San Pancracio, 16, 14500 Puente Genil, Córdoba","Cantidad Neta: 400 g","Otras menciones obligatorias en la etiqueta: No contiene alérgenos"],"ingredients":[" Membrillo, azúcar y limón."],"ean":"8410664200340"},{"full_name":"EL QUIJOTE dulce de membrillo sin azúcares añadidos tarrina 400 g","name":"dulce de membrillo sin azúcares añadidos tarrina 400 g","brand":"EL QUIJOTE ","img":"https://sgfm.elcorteingles.es/SGFM/dctm/MEDIA03/201702/06/00118031700729____1__600x600.jpg","price":"2,30 €","price_unit":"(5,75 € / Kilo)","categories":["Supermercado","Alimentación General","Conservas de frutas","Dulces de membrillo y frutas","EL QUIJOTE dulce de membrillo sin azúcares añadidos tarrina 400 g"],"general_information":["Denominación del alimento: Dulce de Membrillo","Nombre del operador: Membrillo el Quijote S.A.","Dirección del operador: Polígono Industrial San Pancracio, 16, 14500 Puente Genil, Córdoba","Cantidad Neta: 400 g","Otras menciones obligatorias en la etiqueta: No contiene alérgenos . Un consumo excesivo puede producir efecto laxante."],"ingredients":[" Pulpa de membrillo; edulcorantes (maltitol*, sucralosa); fibra (inulina); espesante: carragenato (e-407), acidulante: ácido cítrico (e-330); conservador: benzoato sódico (e-211)."],"ean":"8410664201248"},{"full_name":"EL QUIJOTE dulce de membrillo light estuche 400 g","name":"dulce de membrillo light estuche 400 g","brand":"EL QUIJOTE ","img":"https://sgfm.elcorteingles.es/SGFM/dctm/MEDIA03/201712/18/00118031701545____6__600x600.jpg","price":"1,05 €","price_unit":"(2,62 € / Kilo)","categories":["Supermercado","Alimentación General","Conservas de frutas","Dulces de membrillo y frutas","EL QUIJOTE dulce de membrillo light estuche 400 g"],"general_information":["Denominación del alimento: Dulce de membrillo","Nombre del operador: Membrillo el Quijote, S.A.","Dirección del operador: Polígono Industrial San Pancracio, 16, 14500 Puente Genil, Córdoba","Cantidad Neta: 390 g","Otras menciones obligatorias en la etiqueta: No contiene alérgenos"],"ingredients":[" Pulpa de membrillo, jarabe de glucosa-fructosa, azúcar, espesante: carragenato, acidulante: acido cítrico, conservador: benzoato sódico, edulcorante: sucralosa."],"ean":"8410664202191"},{"full_name":"EL QUIJOTE crema de membrillo extra sin gluten bandeja 250 g","name":"crema de membrillo extra sin gluten bandeja 250 g","brand":"EL QUIJOTE ","img":"https://sgfm.elcorteingles.es/SGFM/dctm/MEDIA03/201709/08/00118812000018____1__600x600.jpg","price":"2,74 €","price_unit":"(10,96 € / Kilo)","categories":["Supermercado","Alimentación General","Conservas de frutas","Dulces de membrillo y frutas","EL QUIJOTE crema de membrillo extra sin gluten bandeja 250 g"],"general_information":["Denominación del alimento: Crema de membrillo Extra","Nombre del operador: Membrillo el Quijote S.A.","Dirección del operador: Polígono Industrial San Pancracio, 16, 14500 Puente Genil, Córdoba","Cantidad Neta: 250 g","Otras menciones obligatorias en la etiqueta: No contiene alérgenos"],"ingredients":[" Pulpa de membrillo, azúcar, espesante: E-407, acidulante:E-330, conservador: E-211."],"ean":"8410664088191"},{"full_name":"EL QUIJOTE dulce de membrillo 8 porciones caja 170 g","name":"dulce de membrillo 8 porciones caja 170 g","brand":"EL QUIJOTE ","img":"https://sgfm.elcorteingles.es/SGFM/dctm/MEDIA03/201709/06/00118031700554____1__600x600.jpg","price":"1,69 €","price_unit":"(9,94 € / Kilo)","categories":["Supermercado","Alimentación General","Conservas de frutas","Dulces de membrillo y frutas","EL QUIJOTE dulce de membrillo 8 porciones caja 170 g"],"general_information":["Denominación del alimento: Dulce de membrillo","Nombre del operador: Membrillo el Quijote, S.A.","Dirección del operador: Polígono Industrial San Pancracio, 16, 14500 Puente Genil, Córdoba","Cantidad Neta: 1020 g","Otras menciones obligatorias en la etiqueta: No contiene alérgenos"],"ingredients":[" Membrillo, azúcar, estabilizantes y espesantes: E-407, Gelificante: E-410, acido cítrico: E-330, conservador: E-211."],"ean":"8410664500006"},{"full_name":"HELIOS crema membrillo extra 8 picos caja 170 g","name":"crema membrillo extra 8 picos caja 170 g","brand":"HELIOS ","img":"https://sgfm.elcorteingles.es/SGFM//00/02/6/0118031700026/0118031700026000g01011.jpg","price":"1,25 €","price_unit":"(7,35 € / Kilo)","categories":["Supermercado","Alimentación General","Conservas de frutas","Dulces de membrillo y frutas","HELIOS crema membrillo extra 8 picos caja 170 g"],"general_information":["Denominación del alimento: CREMA MEMBRILLO","Nombre del operador: DULCES Y CONSERVAS HELIOS S.A.","Dirección del operador: Carretera de Salamanca, nº44, 47195 Arroyo de la Encomienda","Cantidad Neta: 170 g"],"ingredients":[" Membrillo, azúcar, jarabe de glucosa y fructosa, espesantes: pectina, goma de garrofín, acidulante: ácido cítrico, conservadores: benzoato sódico, sorbato potásico, ácido ascórbico (vitamina C)."],"conservation":" Conservese en lugar fresco y seco. Una vez abierto conservesé en el frigorifico","ean":"8410095004043"},{"full_name":"SAN LORENZO dulce de membrillo tarrina 400 g","name":"dulce de membrillo tarrina 400 g","brand":"SAN LORENZO ","img":"https://sgfm.elcorteingles.es/SGFM/00/08/3/0118031700083/0118031700083000g01011.jpg","price":"0,98 €","price_unit":"(2,45 € / Kilo)","categories":["Supermercado","Alimentación General","Conservas de frutas","Dulces de membrillo y frutas","SAN LORENZO dulce de membrillo tarrina 400 g"],"general_information":["Denominación del alimento: Dulce de Membrillo","Nombre del operador: SUCESORES DE LORENZO ESTEPA AGUILAR SA","Dirección del operador: Ctra. Estepa- Guadix, km. 18.300, Puente Genil Cordoba- España","Cantidad Neta: 400 g"],"ingredients":[" Pulpa de membrillo (45 %), azúcar, jarabe de glucosa-fructosa, espesante: carregenatos, acidulante: ácido cítrico, conservador: benzonato sódico, antioxidante: sulfitos."],"ean":"8410763100046"},{"full_name":"VERETERRA dulce de ciruela tarrina 400 g","name":"dulce de ciruela tarrina 400 g","brand":"VERETERRA ","img":"https://sgfm.elcorteingles.es/SGFM/01/22/2/0118031701222/0118031701222000g01011.jpg","price":"1,87 €","price_unit":"(4,68 € / Kilo)","categories":["Supermercado","Alimentación General","Conservas de frutas","Dulces de membrillo y frutas","VERETERRA dulce de ciruela tarrina 400 g"],"general_information":["Denominación del alimento: DULCE DE MANZANA, CIRUELA Y MEMBRILLO","País de origen: España","Nombre del operador: INDUSTRIAL ZARRACINA SA","Dirección del operador: Pol. Ind. Porceyo 1-12, Camino del Fontán 555 (33392-Gijón-ASTURIAS)","Lugar de procedencia del alimento: ESPAÑA","Cantidad Neta: 400 g"],"ingredients":[" -DULCE DE MANZANA: pulpa de manzana, sacarosa, ácido cítrico, ácido málico y pectina.- DULCE DE CIRUELA: pulpa de ciruela, sacarosa, ácido cítrico, ácido málico y pectina.- DULCE DE MEMBRILLO: pulpa de membrillo, sacarosa, ácido cítrico, ácido málico y pectina."],"conservation":" Consérvese en lugar fresco y seco","ean":"8412679001011"},{"full_name":"VERETERRA dulce de manzana tarrina 400 g","name":"dulce de manzana tarrina 400 g","brand":"VERETERRA ","img":"https://sgfm.elcorteingles.es/SGFM/01/23/0/0118031701230/0118031701230000g01011.jpg","price":"1,97 €","price_unit":"(4,92 € / Kilo)","categories":["Supermercado","Alimentación General","Conservas de frutas","Dulces de membrillo y frutas","VERETERRA dulce de manzana tarrina 400 g"],"general_information":["Denominación del alimento: GALLETAS BOER DE COCO","País de origen: España","Nombre del operador: INDUSTRIAL ZARRACINA SA","Dirección del operador: Pol. Ind. de Porceyo 1-12, Camino del Fontán 555 (33392-Gijón-ASTURIAS)","Lugar de procedencia del alimento: ESPAÑA","Cantidad Neta: 200 g"],"ingredients":[" Harina de trigo, azúcar, dextrosa, grasas vegetales, aroma y colorante."],"ean":"8412679002018"},{"full_name":"PRADA A TOPE membrillo del Bierzo envase 550 g","name":"membrillo del Bierzo envase 550 g","brand":"PRADA A TOPE ","img":"https://sgfm.elcorteingles.es/SGFM/01/76/8/0118031701768/0118031701768000g01011.jpg","price":"10,65 €","price_unit":"(19,36 € / Kilo)","categories":["Supermercado","Alimentación General","Conservas de frutas","Dulces de membrillo y frutas","PRADA A TOPE membrillo del Bierzo envase 550 g"],"general_information":["Denominación del alimento: Membrillo","Nombre del operador: Prada a Tope, S.A.","Dirección del operador: La Iglesia, S/N 24546 Canedo (León)","Lugar de procedencia del alimento: Origen \"El Bierzo\" (León)","Cantidad Neta: 600 g"],"ingredients":[" Membrillo, azúcar y zumo de limón natural exprimido."],"conservation":" Conservar en lugar fresco y seco. Una vez abierto conservar en frigorífico 3-5 días.","ean":"8436007120267"},{"full_name":"EL QUIJOTE membrillo ecológico tarrina 225 g","name":"membrillo ecológico tarrina 225 g","brand":"EL QUIJOTE ","img":"https://sgfm.elcorteingles.es/SGFM/dctm/MEDIA03/201702/06/00118031900014____1__600x600.jpg","price":"1,69 €","price_unit":"(7,51 € / Kilo)","categories":["Supermercado","Alimentación General","Conservas de frutas","Dulces de membrillo y frutas","EL QUIJOTE membrillo ecológico tarrina 225 g"],"general_information":["Denominación del alimento: Membrillo ecológico","Nombre del operador: Membrillo el Quijote S.A.","Dirección del operador: Polígono Industrial San Pancracio, 16, 14500 Puente Genil, Córdoba","Cantidad Neta: 225 g","Otras menciones obligatorias en la etiqueta: Producto ecológico. No contiene alérgenos"],"ingredients":[" Pulpa membrillo, azúcar, limón"],"ean":"8410664203228"},{"full_name":"SANTA TERESA membrillo artesano envase 600 g","name":"membrillo artesano envase 600 g","brand":"SANTA TERESA ","img":"https://sgfm.elcorteingles.es/SGFM/dctm/MEDIA03/201704/24/00118812000083____1__600x600.jpg","price":"8,31 €","price_unit":"(13,85 € / Kilo)","categories":["Supermercado","Alimentación General","Conservas de frutas","Dulces de membrillo y frutas","SANTA TERESA membrillo artesano envase 600 g"],"general_information":[],"ingredients":[],"ean":"8422237252601"},{"full_name":"SANTA TERESA membrillo ecológico sin gluten envase 290 g","name":"membrillo ecológico sin gluten envase 290 g","brand":"SANTA TERESA ","img":"https://sgfm.elcorteingles.es/SGFM/dctm/MEDIA03/201707/07/00118812000091____1__600x600.jpg","price":"4,19 €","price_unit":"(14,45 € / Kilo)","categories":["Supermercado","Alimentación General","Conservas de frutas","Dulces de membrillo y frutas","SANTA TERESA membrillo ecológico sin gluten envase 290 g"],"general_information":[],"ingredients":[],"ean":"8422237252663"},{"full_name":"SANTA TERESA carne de membrillo en lonchas envase 150 g","name":"carne de membrillo en lonchas envase 150 g","brand":"SANTA TERESA ","img":"https://sgfm.elcorteingles.es/SGFM/dctm/MEDIA02/CONTENIDOS/201409/10/00118821100528____1__600x600.jpg","price":"2,65 €","price_unit":"(17,67 € / Kilo)","categories":["Supermercado","Alimentación General","Conservas de frutas","Dulces de membrillo y frutas","SANTA TERESA carne de membrillo en lonchas envase 150 g"],"general_information":["Denominación del alimento: Loncheado de membrillo","País de origen: España","Nombre del operador: Yemas de Sta. Teresa S.A.","Dirección del operador: Plaza José Tomé 4 05001 Ávila","Lugar de procedencia del alimento: España"],"ingredients":[],"ean":"8422237252892"},{"full_name":"SANTA TERESA carne de membrillo artesano envase 310 g","name":"carne de membrillo artesano envase 310 g","brand":"SANTA TERESA ","img":"https://sgfm.elcorteingles.es/SGFM/dctm/MEDIA02/CONTENIDOS/201411/24/00118821100510____1__600x600.jpg","price":"3,89 €","price_unit":"(12,55 € / Kilo)","categories":["Supermercado","Alimentación General","Conservas de frutas","Dulces de membrillo y frutas","SANTA TERESA carne de membrillo artesano envase 310 g"],"general_information":["Denominación del alimento: Membrillo","País de origen: España","Nombre del operador: Yemas de Sta. Teresa S.A.","Dirección del operador: Plaza José Tomé 4 05001 Ávila","Lugar de procedencia del alimento: España","Otras menciones obligatorias en la etiqueta: SÓLO FRUTA Y AZÚCAR. SIN CONSERVANTES. CARNE DE MEMBRILLO. MEMBRILLO PRECORTADO."],"ingredients":[" 55% FRUTA, AZÚCAR Y ZUMO DE LIMÓN"],"conservation":" CONSERVAR EN FRÍO: 0°-5° C.","ean":"8422237252946"},{"full_name":"SANTA TERESA membrillo artesano envase 150 g","name":"membrillo artesano envase 150 g","brand":"SANTA TERESA ","img":"https://sgfm.elcorteingles.es/SGFM/dctm/MEDIA03/201607/08/00118812000075____1__600x600.jpg","price":"2,42 €","price_unit":"(16,13 € / Kilo)","categories":["Supermercado","Alimentación General","Conservas de frutas","Dulces de membrillo y frutas","SANTA TERESA membrillo artesano envase 150 g"],"general_information":[],"ingredients":[],"ean":"8422237252755"},{"full_name":"EMILY FOODS carne de membrillo artesana sin gluten envase 250 g","name":"carne de membrillo artesana sin gluten envase 250 g","brand":"EMILY FOODS ","img":"https://sgfm.elcorteingles.es/SGFM/dctm/MEDIA03/201709/08/00118812000034____1__600x600.jpg","price":"1,91 €","price_unit":"(7,64 € / Kilo)","categories":["Supermercado","Alimentación General","Conservas de frutas","Dulces de membrillo y frutas","EMILY FOODS carne de membrillo artesana sin gluten envase 250 g"],"general_information":["Denominación del alimento: Carne de membrillo artesana","Nombre del operador: Membrillo Emily S.L.","Dirección del operador: Pol. Ind. San Pedro, C/ A, nº1 - Las Torres de Cotillas (Murcia).","Cantidad Neta: 250,0 g","Otras menciones obligatorias en la etiqueta: Sin gluten."],"ingredients":[" Membrillo (58%), azúcar, gelificante (pectina), acidulante (ácido cítrico) y conservador (Benzoato Sódico)."],"conservation":" Mantener refrigerado.","ean":"8426073502012"},{"full_name":"LA ERMITA DE SAN PEDRO dulce de membrillo sin gluten envase 130 g","name":"dulce de membrillo sin gluten envase 130 g","brand":"LA ERMITA DE SAN PEDRO ","img":"https://sgfm.elcorteingles.es/SGFM/dctm/MEDIA03/201709/06/00118812000109____1__600x600.jpg","price":"1,67 €","price_unit":"(12,85 € / Kilo)","categories":["Supermercado","Alimentación General","Conservas de frutas","Dulces de membrillo y frutas","LA ERMITA DE SAN PEDRO dulce de membrillo sin gluten envase 130 g"],"general_information":[],"ingredients":[],"ean":"8436019982808"},{"full_name":"LA ERMITA DE SAN PEDRO dulce de membrillo con nueces sin gluten envase 120 g","name":"dulce de membrillo con nueces sin gluten envase 120 g","brand":"LA ERMITA DE SAN PEDRO ","img":"https://sgfm.elcorteingles.es/SGFM/dctm/MEDIA03/201709/06/00118812000117____1__600x600.jpg","price":"1,87 €","price_unit":"(15,58 € / Kilo)","categories":["Supermercado","Alimentación General","Conservas de frutas","Dulces de membrillo y frutas","LA ERMITA DE SAN PEDRO dulce de membrillo con nueces sin gluten envase 120 g"],"general_information":[],"ingredients":[],"ean":"8436019982815"},{"full_name":"EL GAITERO dulce de manzana paquete 400 g","name":"dulce de manzana paquete 400 g","brand":"EL GAITERO ","img":"https://sgfm.elcorteingles.es/SGFM/dctm/MEDIA02/CONTENIDOS/201412/10/00200131700874____1__600x600.jpg","price":"1,97 €","price_unit":"(4,92 € / Kilo)","categories":["Supermercado","Alimentación General","Conservas de frutas","Dulces de membrillo y frutas","EL GAITERO dulce de manzana paquete 400 g"],"general_information":["Denominación del alimento: Dulce de manzana","Nombre del operador: Valle, Ballina y Fernández, S. A.","Dirección del operador: Lg/ La Espuncia, s/n - 33318 Villaviciosa (Asturias)","Cantidad Neta: 400 g"],"ingredients":[" Puré de manzana, azúcar, espesante (pectina), acidulantes (ácido málico, ácido cítrico), antioxidantes (ácido tartárico, ácido ascórbico y sulfitos)"],"conservation":" Conservar en lugar fresco y seco. Una vez abierto conservar refrigerado.","ean":"8411079392033"},{"full_name":"COQUET melocotón entero al vino galon 1260 g neto escurrido","name":"melocotón entero al vino galon 1260 g neto escurrido","brand":"COQUET ","img":"https://sgfm.elcorteingles.es/SGFM/00/60/4/0118031700604/0118031700604000g01011.jpg","price":"8,90 €            ","price_unit":"(6,71 € / Kilo)","categories":["Supermercado","Alimentación General","Conservas de frutas","Frutas al vino","COQUET melocotón entero al vino galon 1260 g neto escurrido"],"general_information":[],"ingredients":[],"ean":"8411102002229"},{"full_name":"COQUET pera entera al vino tinto galon 1260 g neto escurrido","name":"pera entera al vino tinto galon 1260 g neto escurrido","brand":"COQUET ","img":"https://sgfm.elcorteingles.es/SGFM/00/07/5/0118031700075/0118031700075000g01011.jpg","price":"8,90 €            ","price_unit":"(6,71 € / Kilo)","categories":["Supermercado","Alimentación General","Conservas de frutas","Frutas al vino","COQUET pera entera al vino tinto galon 1260 g neto escurrido"],"general_information":[],"ingredients":[],"ean":"8411102004063"},{"full_name":"COQUET Gourmet melocotón al vino tinto entero frasco 330 g neto escurrido","name":"Gourmet melocotón al vino tinto entero frasco 330 g neto escurrido","brand":"COQUET ","img":"https://sgfm.elcorteingles.es/SGFM/01/68/5/0118031701685/0118031701685000g01011.jpg","price":"2,50 €","price_unit":"(7,58 € / Kilo)","categories":["Supermercado","Alimentación General","Conservas de frutas","Frutas al vino","COQUET Gourmet melocotón al vino tinto entero frasco 330 g neto escurrido"],"general_information":[],"ingredients":[],"ean":"8411102002076"},{"full_name":"EL ARTESANO peras en vino Mencía tinto frasco 600 g neto escurrido","name":"peras en vino Mencía tinto frasco 600 g neto escurrido","brand":"EL ARTESANO ","img":"https://sgfm.elcorteingles.es/SGFM/00/88/5/0118031700885/0118031700885000g01011.jpg","price":"3,99 €","price_unit":"(6,65 € / Kilo)","categories":["Supermercado","Alimentación General","Conservas de frutas","Frutas al vino","EL ARTESANO peras en vino Mencía tinto frasco 600 g neto escurrido"],"general_information":[],"ingredients":[],"ean":"8424608501110"},{"full_name":"PRADA A TOPE peras del Bierzo en vino frasco 200 g neto escurrido","name":"peras del Bierzo en vino frasco 200 g neto escurrido","brand":"PRADA A TOPE ","img":"https://sgfm.elcorteingles.es/SGFM/01/79/2/0118031701792/0118031701792000g01011.jpg","price":"7,40 €","price_unit":"(37 € / Kilo)","categories":["Supermercado","Alimentación General","Conservas de frutas","Frutas al vino","PRADA A TOPE peras del Bierzo en vino frasco 200 g neto escurrido"],"general_information":[],"ingredients":[],"ean":"8436007120083"},{"full_name":"GOLDEN uva en almíbar pelada y sin semillas lata 230 g","name":"uva en almíbar pelada y sin semillas lata 230 g","brand":"GOLDEN ","img":"https://sgfm.elcorteingles.es/SGFM/dctm/MEDIA03/201603/04/00200130302102____1__600x600.jpg","price":"2,75 €","categories":["Supermercado","Alimentación General","Conservas de frutas","Frutas diversas almíbar","GOLDEN uva en almíbar pelada y sin semillas lata 230 g"],"general_information":[],"ingredients":[],"ean":"8411942771095"},{"full_name":"GOLDEN 12 uvas Año de Oro  peladas y sin semillas pack 3 latas 130 g neto escurrido","name":"12 uvas Año de Oro  peladas y sin semillas pack 3 latas 130 g neto escurrido","brand":"GOLDEN ","img":"https://sgfm.elcorteingles.es/SGFM/dctm/MEDIA03/201712/12/00118030301974____6__600x600.jpg","price":"3,15 €","price_unit":"(8,08 € / Kilo)","categories":["Supermercado","Alimentación General","Conservas de frutas","Frutas diversas almíbar","GOLDEN 12 uvas Año de Oro  peladas y sin semillas pack 3 latas 130 g neto escurrido"],"general_information":[],"ingredients":[],"ean":"8411942770562"},{"full_name":"GOLDEN 12 uvitas Año de Oro en almíbar peladas y sin semillas pack 3 envases 130 g neto escurrido","name":"12 uvitas Año de Oro en almíbar peladas y sin semillas pack 3 envases 130 g neto escurrido","brand":"GOLDEN ","img":"https://sgfm.elcorteingles.es/SGFM/dctm/MEDIA03/201612/13/00118030301982____1__600x600.jpg","price":"3,15 €","price_unit":"(8,75 € / Kilo)","categories":["Supermercado","Alimentación General","Conservas de frutas","Frutas diversas almíbar","GOLDEN 12 uvitas Año de Oro en almíbar peladas y sin semillas pack 3 envases 130 g neto escurrido"],"general_information":[],"ingredients":[],"ean":"8411942001055"},{"full_name":"GOLDEN gel de fresa con trocitos de fresas pack 120 g","name":"gel de fresa con trocitos de fresas pack  120 g","brand":"GOLDEN ","img":"https://sgfm.elcorteingles.es/SGFM/dctm/MEDIA03/201611/22/00118030302378____1__600x600.jpg","price":"1,55 €            ","categories":["Supermercado","Alimentación General","Conservas de frutas","Frutas diversas almíbar","GOLDEN gel de fresa con trocitos de fresas pack 120 g"],"general_information":[],"ingredients":[],"ean":"8411942773051"},{"full_name":"HELIOS cerezas rojas en almíbar frasco 90 g neto escurrido","name":"cerezas rojas en almíbar frasco 90 g neto escurrido","brand":"HELIOS ","img":"https://sgfm.elcorteingles.es/SGFM//00/01/8/0118030300018/0118030300018000g01011.jpg","price":"1,29 €            ","price_unit":"(11,11 € / Kilo)","categories":["Supermercado","Alimentación General","Conservas de frutas","Frutas diversas almíbar","HELIOS cerezas rojas en almíbar frasco 90 g neto escurrido"],"general_information":["Denominación del alimento: Cereza rojas en almibar","Nombre del operador: DULCES Y CONSERVAS HELIOS S.A.","Dirección del operador: Carretera de Salamanca, nº44, 47195 Arroyo de la Encomienda","Cantidad Neta: 160 g","Peso neto escurrido: 90 g"],"ingredients":[" Cerezas*, azúcar, jarabe de glucosa y fructosa, acidulante: ácido cítrico, colorante:  E-100 y E-133 (cereza verde).*contienen anhídrido sulfuroso."],"conservation":" Conservese en lugar fresco y seco. Una vez abierto conservesé en el frigorifico","ean":"8410095005002"},{"full_name":"HELIOS gajos de mandarina lata 175 g neto escurrido","name":"gajos de mandarina lata 175 g neto escurrido","brand":"HELIOS ","img":"https://sgfm.elcorteingles.es/SGFM/dctm/MEDIA02/CONTENIDOS/201412/10/00118030302329____2__600x600.jpg","price":"1,50 €            ","price_unit":"(8 € / Kilo)","categories":["Supermercado","Alimentación General","Conservas de frutas","Frutas diversas almíbar","HELIOS gajos de mandarina lata 175 g neto escurrido"],"general_information":["Denominación del alimento: Gajos de mandarina en almibar","Nombre del operador: DULCES Y CONSERVAS HELIOS S.A.","Dirección del operador: Carretera de Salamanca, nº44, 47195 Arroyo de la Encomienda","Cantidad Neta: 312 g","Peso neto escurrido: 175 g"],"ingredients":[" Gajos de mandarina, agua y azúcar."],"conservation":" Conservese en lugar fresco y seco. Una vez abierto conservesé en el frigorifico","ean":"8410095005385"},{"full_name":"EL SARAPE mango en rebanadas en almíbar lata 470 g neto escurrido","name":"mango en rebanadas en almíbar lata 470 g neto escurrido","brand":"EL SARAPE ","img":"https://sgfm.elcorteingles.es/SGFM/00/80/2/0118030300802/0118030300802000g01011.jpg","price":"4,50 €            ","price_unit":"(6,91 € / Kilo)","categories":["Supermercado","Alimentación General","Conservas de frutas","Frutas diversas almíbar","EL SARAPE mango en rebanadas en almíbar lata 470 g neto escurrido"],"general_information":["Denominación del alimento: Mango en rebanadas en almibar.","País de origen: México","Nombre del operador: Importaciones cuesta S.L.","Dirección del operador: C/ del Puerto de Guadarrama, 28 - 28935 -Móstoles (Madrid).","Cantidad Neta: 820,0 g","Peso neto escurrido: 470,0 g"],"ingredients":[" Mango (mínimo 57%), agua y azúcar"],"conservation":" Consérvese en un lugar limpio y seco.","ean":"7501078500063"},{"full_name":"VENCEROL mango en almíbar frasco 400 g neto escurrido","name":"mango en almíbar frasco 400 g neto escurrido","brand":"VENCEROL ","img":"https://sgfm.elcorteingles.es/SGFM/01/59/4/0118030301594/0118030301594000g01011.jpg","price":"3,05 €            ","price_unit":"(6,88 € / Kilo)","categories":["Supermercado","Alimentación General","Conservas de frutas","Frutas diversas almíbar","VENCEROL mango en almíbar frasco 400 g neto escurrido"],"general_information":[],"ingredients":[],"ean":"8436012964764"},{"full_name":"VENCEROL fresas en almíbar frasco 300 g neto escurrido","name":"fresas en almíbar frasco 300 g neto escurrido","brand":"VENCEROL ","img":"https://sgfm.elcorteingles.es/SGFM/00/83/6/0118030300836/0118030300836000g01011.jpg","price":"2,49 €            ","price_unit":"(7,17 € / Kilo)","categories":["Supermercado","Alimentación General","Conservas de frutas","Frutas diversas almíbar","VENCEROL fresas en almíbar frasco 300 g neto escurrido"],"general_information":[],"ingredients":[],"ean":"8436012964757"},{"full_name":"VENCEROL papaya en almíbar frasco 400 g neto escurrido","name":"papaya en almíbar frasco 400 g neto escurrido","brand":"VENCEROL ","img":"https://sgfm.elcorteingles.es/SGFM/dctm/MEDIA02/CONTENIDOS/201508/21/00118030301602____1__600x600.jpg","price":"3,85 €            ","price_unit":"(8,38 € / Kilo)","categories":["Supermercado","Alimentación General","Conservas de frutas","Frutas diversas almíbar","VENCEROL papaya en almíbar frasco 400 g neto escurrido"],"general_information":[],"ingredients":[],"ean":"8436012965082"},{"full_name":"ODENWALD guindas sin hueso en almíbar envase 350 g neto escurrido","name":"guindas sin hueso en almíbar envase 350 g neto escurrido","brand":"ODENWALD ","img":"https://sgfm.elcorteingles.es/SGFM/00/92/7/0118031700927/0118031700927000g01011.jpg","price":"6,05 €","price_unit":"(17,29 € / Kilo)","categories":["Supermercado","Alimentación General","Conservas de frutas","Frutas diversas almíbar","ODENWALD guindas sin hueso en almíbar envase 350 g neto escurrido"],"general_information":["Denominación del alimento: CEREZA GUINDA SIN HUESO","País de origen: Alemania","Nombre del operador: Casa Westfalia, S.A.","Dirección del operador: C/ Dels Roures 4, Polígono Industrial V2 - 17111 Vulpellac (Girona)","Cantidad Neta: 700 g","Peso neto escurrido: 350 g"],"ingredients":[" Cerezas, agua, azúcar, jarabe de glucosa y fructosa. Después de abrir, conservar en frigorífico."],"conservation":" Mantener en lugar fresco y seco","ean":"4008122136030"},{"full_name":"ODENWALD arándanos azules en almíbar frasco 125 ml","name":"arándanos azules en almíbar frasco 125 ml","brand":"ODENWALD ","img":"https://sgfm.elcorteingles.es/SGFM/00/93/5/0118031700935/0118031700935000g01011.jpg","price":"5,59 €","price_unit":"(44,72 € / Litro)","categories":["Supermercado","Alimentación General","Conservas de frutas","Frutas diversas almíbar","ODENWALD arándanos azules en almíbar frasco 125 ml"],"general_information":["Denominación del alimento: ARÁNDANOS AZULES SILVESTRES","País de origen: Alemania","Nombre del operador: Casa Westfalia, S.A.","Dirección del operador: C/ Dels Roures 4, Polígono Industrial V2 - 17111 Vulpellac (Girona)","Cantidad Neta: 350 g","Peso neto escurrido: 125 g"],"ingredients":[" Arándanos, agua, azúcar, jarabe de glucosa- fructosa, emulgente: lactato cálcico, acidulante: ácido cítrico."],"conservation":" Mantener en lugar fresco y seco","ean":"4008122202025"},{"full_name":"PIBER castañas en almíbar frasco 290 g neto escurrido","name":"castañas en almíbar frasco 290 g neto escurrido","brand":"PIBER ","img":"https://sgfm.elcorteingles.es/SGFM/01/67/7/0118030301677/0118030301677000g01011.jpg","price":"6,00 €","price_unit":"(20,69 € / Kilo)","categories":["Supermercado","Alimentación General","Conservas de frutas","Frutas diversas almíbar","PIBER castañas en almíbar frasco 290 g neto escurrido"],"general_information":[],"ingredients":[],"ean":"8425288000030"},{"full_name":"A ROSALEIRA mirabeles en almíbar frasco 210 g neto escurrido","name":"mirabeles en almíbar frasco 210 g neto escurrido","brand":"A ROSALEIRA ","img":"https://sgfm.elcorteingles.es/SGFM/00/63/8/0118030300638/0118030300638000g01011.jpg","price":"3,75 €","price_unit":"(17,86 € / Kilo)","categories":["Supermercado","Alimentación General","Conservas de frutas","Frutas diversas almíbar","A ROSALEIRA mirabeles en almíbar frasco 210 g neto escurrido"],"general_information":["Denominación del alimento: Mirabeles","Nombre del operador: Conservas A Rosaleira, S.L.","Dirección del operador: C/ Cumieira, 30 -36770 O Rosal (Pontevedra)","Lugar de procedencia del alimento: GALICIA/ESPAÑA","Cantidad Neta: 370 g","Peso neto escurrido: 210 g"],"ingredients":[" Mirabeles, agua, azúcar y ácido cítrico."],"ean":"8427802101049"},{"full_name":"CUEVAS castañas al natural lata 570 g","name":"castañas al natural lata 570 g","brand":"CUEVAS ","img":"https://sgfm.elcorteingles.es/SGFM/dctm/MEDIA03/201707/17/00118031700208____1__600x600.jpg","price":"7,25 €            ","price_unit":"(10,96 € / Kilo)","categories":["Supermercado","Alimentación General","Conservas de frutas","Frutas selectas","CUEVAS castañas al natural lata 570 g"],"general_information":[],"ingredients":[],"ean":"8414386000233"},{"full_name":"CUEVAS marrón glace frasco 300 g","name":"marrón glace frasco 300 g","brand":"CUEVAS ","img":"https://sgfm.elcorteingles.es/SGFM/01/50/3/0118031701503/0118031701503000g01011.jpg","price":"14,95 €            ","price_unit":"(39,83 € / Kilo)","categories":["Supermercado","Alimentación General","Conservas de frutas","Frutas selectas","CUEVAS marrón glace frasco 300 g"],"general_information":["Denominación del alimento: Castaña entera confitada en jarabe aromatizado con vainilla y recubiertas por un fino glaseado","Nombre del operador: Cuevas y Cia. S.A","Dirección del operador: Pol. Ind. San Ciprián de Viñas C/1 nº 10 32901 (Orense) España","Cantidad Neta: 300 g","Otras menciones obligatorias en la etiqueta: Libre de gluten. Apto para celíacos."],"ingredients":[" Castañas (57%), azúcar, jarabe de glucosa, aroma natural de vainilla y conservante E223 (sulfitos)"],"conservation":" Mantener en lugar seco y fresco. Producto sujeto a desecación. Una vez abierto mantener en refrigeración.","ean":"8414386000080"},{"full_name":"CUEVAS marrón glacé frasco 160 g","name":"marrón glacé frasco 160 g","brand":"CUEVAS ","img":"https://sgfm.elcorteingles.es/SGFM/01/48/7/0118031701487/0118031701487000g01011.jpg","price":"7,50 €            ","price_unit":"(42,19 € / Kilo)","categories":["Supermercado","Alimentación General","Conservas de frutas","Frutas selectas","CUEVAS marrón glacé frasco 160 g"],"general_information":["Denominación del alimento: Castaña entera confitada en jarabe aromatizado con vainilla y recubiertas por un fino glaseado","Nombre del operador: Cuevas y Cia. S.A","Dirección del operador: Pol. Ind. San Ciprián de Viñas C/1 nº 10 32901 (Orense) España","Cantidad Neta: 160 g","Otras menciones obligatorias en la etiqueta: Libre de gluten. Apto para celíacos."],"ingredients":[" Castañas (57%), azúcar, jarabe de glucosa, aroma natural de vainilla y conservante E223 (sulfitos)"],"conservation":" Mantener en lugar seco y fresco. Producto sujeto a desecación. Una vez abierto mantener en refrigeración.","ean":"8414386000059"},{"full_name":"CUEVAS marrón glacé al brandy frasco 160","name":"marrón glacé al brandy frasco 160 ","brand":"CUEVAS ","img":"https://sgfm.elcorteingles.es/SGFM/01/51/1/0118031701511/0118031701511000g01011.jpg","price":"9,50 €            ","price_unit":"(51,56 € / Kilo)","categories":["Supermercado","Alimentación General","Conservas de frutas","Frutas selectas","CUEVAS marrón glacé al brandy frasco 160"],"general_information":["Denominación del alimento: Castaña entera confitada en jarabe aromatizado con Brandy y recubiertas por un fino glaseado","Nombre del operador: Cuevas y Cia. S.A","Dirección del operador: Pol. Ind. San Ciprián de Viñas C/1 nº 10 32901 (Orense) España","Cantidad Neta: 160 g","Otras menciones obligatorias en la etiqueta: Envase activo: contiene bolsita absorbedora de oxígeno (no consumir). Libre de gluten. Apto para celíacos."],"ingredients":[" Castaña (57%), azúcar, jarabe de glucosa, Brandy (2%), aroma natural de vainilla y conservante E223 (sulfitos)"],"conservation":" Mantener en lugar seco y fresco. Producto sujeto a desecación. Una vez abierto mantener en refrigeración. Consumir prefetentemente antes de 18 meses desde fecha de fabricación.","ean":"8414386000066"},{"full_name":"CUEVAS marrón glacé pera Williams frasco 160 g","name":"marrón glacé pera Williams frasco 160 g","brand":"CUEVAS ","img":"https://sgfm.elcorteingles.es/SGFM/01/67/7/0118031701677/0118031701677000g01011.jpg","price":"9,50 €            ","price_unit":"(51,56 € / Kilo)","categories":["Supermercado","Alimentación General","Conservas de frutas","Frutas selectas","CUEVAS marrón glacé pera Williams frasco 160 g"],"general_information":["Denominación del alimento: Castaña entera confitada en jarabe aromatizado con aguardiente de Pera Williams y recubiertas por un fino glaseado","Nombre del operador: Cuevas y Cia. S.A","Dirección del operador: Pol. Ind. San Ciprián de Viñas C/1 nº 10 32901 (Orense) España","Cantidad Neta: 160 g","Otras menciones obligatorias en la etiqueta: Contiene bolsita absorbedora de oxígeno (no consumir). Libre de gluten. Apto para celíacos."],"ingredients":[" Castaña (57%), azúcar, jarabe de glucosa, aguardiente de Pera Williams (4%), aroma natural de vainilla y conservante E223 sulfitos."],"conservation":" Mantener en lugar seco y fresco. Producto sujeto a desecación. Una vez abierto mantener en refrigeración. Consumir prefetentemente antes de 18 meses desde fecha de fabricación.","ean":"8414386000240"},{"full_name":"BEBE cerezas confitadas escurridas bolsa 100 g","name":"cerezas confitadas escurridas bolsa 100 g","brand":"BEBE ","img":"https://sgfm.elcorteingles.es/SGFM/dctm/MEDIA02/CONTENIDOS/201409/18/00118031700018____1__600x600.jpg","price":"1,85 €","price_unit":"(18,50 € / Kilo)","categories":["Supermercado","Alimentación General","Conservas de frutas","Frutas selectas","BEBE cerezas confitadas escurridas bolsa 100 g"],"general_information":["Denominación del alimento: Cereza roja confitada","Nombre del operador: IBERFRUTA MUERZA SA","Dirección del operador: Poligono industrial nº 45, 31570 San adrián, Navarra","Cantidad Neta: 100 g"],"ingredients":[" Cerezas*, azúcar,  jarabe de glucosa y fructosa, acidulante: ácido cítrico, colorante: E-127. *contiene anhídrido sulfuroso"],"conservation":" Conservese en lugar fresco y seco. Una vez abierto conservesé en el frigorifico","ean":"8436026160589"},{"full_name":"POSADA marrons glacés frasco 150 g neto escurrido","name":"marrons glacés frasco 150 g neto escurrido","brand":"POSADA ","img":"https://sgfm.elcorteingles.es/SGFM/dctm/MEDIA02/CONTENIDOS/201412/10/00118031701982____3__600x600.jpg","price":"7,90 €","price_unit":"(52,67 € / Kilo)","categories":["Supermercado","Alimentación General","Conservas de frutas","Frutas selectas","POSADA marrons glacés frasco 150 g neto escurrido"],"general_information":[],"ingredients":[],"ean":"8421840000234"},{"full_name":"NAICIÑA marrón glacé frasco 200 g","name":"marrón glacé frasco 200 g","brand":"NAICIÑA ","img":"https://sgfm.elcorteingles.es/SGFM/01/66/9/0118031701669/0118031701669000g01011.jpg","price":"8,95 €            ","price_unit":"(37,50 € / Kilo)","categories":["Supermercado","Alimentación General","Conservas de frutas","Frutas selectas","NAICIÑA marrón glacé frasco 200 g"],"general_information":["Denominación del alimento: Marron Glacé","Nombre del operador: Miguel Arean e Hijos S.L","Dirección del operador: Avda Pilos (dos) 8, 27500, Chantada (Lugo)","Cantidad Neta: 200 g","Otras menciones obligatorias en la etiqueta: Brix 74-77°."],"ingredients":[" Castañas, azúcar, sacarosa, jarabe de glucosa, aroma vainilla, trazas de anhídrido sulfuroso máx. 6 ppm."],"conservation":" Mantener en lugar fresco y seco.","ean":"8427451008041"},{"full_name":"CUEVAS castañas en  almíbar ligero frasco 240 g neto escurrido","name":"castañas en  almíbar ligero frasco 240 g neto escurrido","brand":"CUEVAS ","img":"https://sgfm.elcorteingles.es/SGFM/01/84/2/0118030301842/0118030301842000g01011.jpg","price":"6,25 €            ","price_unit":"(23,96 € / Kilo)","categories":["Supermercado","Alimentación General","Conservas de frutas","Frutas selectas","CUEVAS castañas en  almíbar ligero frasco 240 g neto escurrido"],"general_information":["Denominación del alimento: Castañas enteras seleccionadas conservadas en almíbar","Nombre del operador: Cuevas y Cia. S.A","Dirección del operador: Pol. Ind. San Ciprián de Viñas C/1 nº 10 32901 (Orense) España","Cantidad Neta: 400 g","Peso neto escurrido: 240 g","Otras menciones obligatorias en la etiqueta: Sin conservantes ni colorantes.#Libre de gluten. Apto para celíacos.# Almíbar superior a 22° brix."],"ingredients":[" Castaña (60%), azúcar, agua, jarabe de glucosa y aroma natural de vainilla."],"conservation":" Mantener en lugar seco y fresco. Consumir dentro de los 48 meses a partir de su fecha de elaboración.","ean":"8414386000042"},{"full_name":"HIDA dulce de boniato lata 820 g neto escurrido","name":"dulce de boniato lata 820 g neto escurrido","brand":"HIDA ","img":"https://sgfm.elcorteingles.es/SGFM/dctm/MEDIA03/201707/05/00118031702006____2__600x600.jpg","price":"2,78 €","price_unit":"(3,39 € / Kilo)","categories":["Supermercado","Alimentación General","Conservas de frutas","Frutas selectas","HIDA dulce de boniato lata 820 g neto escurrido"],"general_information":["Denominación del alimento: Dulce de boniato.","Nombre del operador: Hida Alimentación, S.A.","Dirección del operador: Pol. El Arreaque. Apdo. 70 -30.170 Mula (Murcia)-España.","Cantidad Neta: 820 g","Otras menciones obligatorias en la etiqueta: Alto contenido en azúcares."],"ingredients":[" Boniato, azúcar, jarabe de glucosa, estabilizantes: carboximetilcelulosa y alginato sódico, espesante: almidón de maíz, acidulante: ácido cítrico, conservante: sorbato potásico, canela y aroma natural de limón."],"conservation":"Modo de empleo: Puede servir como base para la elaboración de diferentes platos dulces o como guarnición de otros platos.","ean":"8424523014023"},{"full_name":"EL ARTESANO castañas asadas frasco 180 g neto escurrido","name":"castañas asadas frasco 180 g neto escurrido","brand":"EL ARTESANO ","img":"https://sgfm.elcorteingles.es/SGFM/00/64/6/0118030300646/0118030300646000g01011.jpg","price":"5,94 €","price_unit":"(33 € / Kilo)","categories":["Supermercado","Alimentación General","Conservas de frutas","Frutas selectas","EL ARTESANO castañas asadas frasco 180 g neto escurrido"],"general_information":[],"ingredients":[],"ean":"8424608411112"},{"full_name":"PIBER cerezas en aguardiente frasco 270 g neto escurrido","name":"cerezas en aguardiente frasco 270 g neto escurrido","brand":"PIBER ","img":"https://sgfm.elcorteingles.es/SGFM/dctm/MEDIA02/CONTENIDOS/201412/10/00118031701313____1__600x600.jpg","price":"3,95 €","price_unit":"(14,63 € / Kilo)","categories":["Supermercado","Alimentación General","Conservas de frutas","Frutas selectas","PIBER cerezas en aguardiente frasco 270 g neto escurrido"],"general_information":[],"ingredients":[],"ean":"8425288000092"},{"full_name":"NAICIÑA castañas en almíbar frasco 260 g neto escurrido","name":"castañas en almíbar frasco 260 g neto escurrido","brand":"NAICIÑA ","img":"https://sgfm.elcorteingles.es/SGFM/01/99/0/0118030301990/0118030301990000g01011.jpg","price":"6,75 €            ","price_unit":"(24,04 € / Kilo)","categories":["Supermercado","Alimentación General","Conservas de frutas","Frutas selectas","NAICIÑA castañas en almíbar frasco 260 g neto escurrido"],"general_information":["Denominación del alimento: Marron en Almíbar","Nombre del operador: Miguel Arean e Hijos S.L","Dirección del operador: Avda Pilos (dos) 8, 27500, Chantada (Lugo)","Cantidad Neta: 425 g","Otras menciones obligatorias en la etiqueta: Sin conservantes, colorantes ni antioxidantes. Cenizas 0,4%,Humedad 40-45%, 42-48° brix, pH: 5.5-6.0 aw:0.92"],"ingredients":[" Castañas, agua, azúcar, jarabe de glucosa, acidulante (E-330), aroma (canela)."],"conservation":" Conservación a temperatura ambiente, preservado de la luz directa o de fuentes de calor. Una vez abierto, mantener en refrigeración.","ean":"8427451005248"},{"full_name":"ALIADA macedonia de frutas en almíbar lata 480 g neto escurrido","name":"macedonia de frutas en almíbar lata 480 g neto escurrido","brand":"ALIADA ","img":"https://sgfm.elcorteingles.es/SGFM/dctm/MEDIA03/201702/10/00200130302151____1__600x600.jpg","price":"1,45 €","categories":["Supermercado","Alimentación General","Conservas de frutas","Macedonias de frutas","ALIADA macedonia de frutas en almíbar lata 480 g neto escurrido"],"general_information":["Denominación del alimento: Macedonia de frutas en almíbar","Nombre del operador: Elaborado para El Corte Inglés \nHermosilla, 112\n28009 Madrid - España\npor A30005920","Lugar de procedencia del alimento: Producto de España","Cantidad Neta: 840 g","Peso neto escurrido: 480 g","Número de raciones por envase: 8"],"ingredients":[" Ingredientes:(Frutas en proporción variable): Melocotón,pera, uva, piña, agua, azúcar, \ncorrector de acidez: ácido cítrico,\nantioxidante: ácido ascórbico."],"conservation":" Conservar en lugar fresco y seco\nUna vez abierto, guardar en el frigorífico en un envase cerrado no metálico, y consumir en 48h.","ean":"8433329073158"},{"full_name":"DEL MONTE macedonia de frutas tropicales en zumo lata 263 g neto escurrido","name":"macedonia de frutas tropicales en zumo lata 263 g neto escurrido","brand":"DEL MONTE ","img":"https://sgfm.elcorteingles.es/SGFM/02/07/1/0118030302071/0118030302071000g01011.jpg","price":"2,50 €            ","price_unit":"(7,03 € / Kilo)","categories":["Supermercado","Alimentación General","Conservas de frutas","Macedonias de frutas","DEL MONTE macedonia de frutas tropicales en zumo lata 263 g neto escurrido"],"general_information":["Denominación del alimento: Macedonia de fruta","Nombre del operador: Bolton Cile España","Dirección del operador: C/ Ombú nº 3 28045 Madrid, España","Cantidad Neta: 439 g"],"ingredients":[" Trozos de piña, agua, trozos de papaya roja, trozos de papaya amarilla, azúcar, zumo de maracuyá (5%), corrector de acidez (ácido cítrico)"],"ean":"0024000014652"},{"full_name":"GOLDEN macedonia de frutas tropicales en almíbar ligero 0% materia grasa pack 3 latas 137 g neto escurrido","name":"macedonia de frutas tropicales en almíbar ligero 0% materia grasa pack 3 latas 137 g neto escurrido","brand":"GOLDEN ","img":"https://sgfm.elcorteingles.es/SGFM/02/25/3/0118030302253/0118030302253000g01011.jpg","price":"3,05 €            ","price_unit":"(6,93 € / Kilo)","categories":["Supermercado","Alimentación General","Conservas de frutas","Macedonias de frutas","GOLDEN macedonia de frutas tropicales en almíbar ligero 0% materia grasa pack 3 latas 137 g neto escurrido"],"general_information":[],"ingredients":[],"ean":"8411942000010"},{"full_name":"EL CORTE INGLES melocotón en almíbar en mitades 5-7 piezas lata 480 g neto escurrido","name":"melocotón en almíbar en mitades 5-7 piezas lata 480 g neto escurrido","brand":"EL CORTE INGLES ","img":"https://sgfm.elcorteingles.es/SGFM/dctm/MEDIA02/CONTENIDOS/201511/10/00118030800074____1__600x600.jpg","price":"1,95 €            ","price_unit":"(3,94 € / Kilo)","categories":["Supermercado","Alimentación General","Conservas de frutas","Melocotón en almíbar","EL CORTE INGLES melocotón en almíbar en mitades 5-7 piezas lata 480 g neto escurrido"],"general_information":["Denominación del alimento: Melocotón en almíbar","Nombre del operador: Elaborado para El Corte Inglés por                        Marin Montejano, S.A.                                                  Avda. De la Constitución, 96                               30564 Lorqu","Lugar de procedencia del alimento: Producto de España","Cantidad Neta: 840 g","Peso neto escurrido: 480 g","Número de raciones por envase: 9"],"ingredients":[" Ingredientes: Melocotón, agua, azúcar, jarabe de glucosa-fructosa, acidulante: ácido cítrico, antioxidante: ácido ascórbico"],"conservation":" Conservar en lugar fresco y seco\nUna vez abierto, guardar en el frigorífico en un envase cerrado no metálico, y consumir en 48h.","ean":"8433329062800"},{"full_name":"EL CORTE INGLES melocotón en mitades extra sin azúcares añadidos lata 240 g neto escurrido","name":"melocotón en mitades extra sin azúcares añadidos lata 240 g neto escurrido","brand":"EL CORTE INGLES ","img":"https://sgfm.elcorteingles.es/SGFM/dctm/MEDIA03/201603/11/00118030800454____1__600x600.jpg","price":"1,00 €            ","price_unit":"(3,54 € / Kilo)","categories":["Supermercado","Alimentación General","Conservas de frutas","Melocotón en almíbar","EL CORTE INGLES melocotón en mitades extra sin azúcares añadidos lata 240 g neto escurrido"],"general_information":["Denominación del alimento: MITADES DE MELOCOTÓN CON EDULCORANTE. SIN AZÚCARES AÑADIDOS. CONTIENE AZÚCARES NATURALMENTE PRESENTES.","Cantidad Neta: 390 g","Peso neto escurrido: 240 g","Número de raciones por envase: 4 / 6"],"ingredients":[" Ingredientes: Mitades de melocotón, agua, edulcorante (sucralosa  y acesulfame potásico), acidulante (ácido cítrico)."],"conservation":" Conservar en lugar fresco y seco , humedad relativa inferior al 80% y a una temperatura inferior a 30ºC, sin oscilaciones bruscas de temperatura durante todo el consumo preferente del producto. Una vez abierto, conservar el producto en el frigorífico durante un tiempo máximo de tres días, preferiblemente en un envase de vidrio o plástico.","ean":"8433329073875"},{"full_name":"ALIADA melocotón en almíbar en mitades 8-10 piezas lata 480 g neto escurrido","name":"melocotón en almíbar en mitades 8-10 piezas lata 480 g neto escurrido","brand":"ALIADA ","img":"https://sgfm.elcorteingles.es/SGFM/dctm/MEDIA02/CONTENIDOS/201511/10/00118030800520____1__600x600.jpg","price":"1,45 €","price_unit":"(3,02 € / Kilo)","categories":["Supermercado","Alimentación General","Conservas de frutas","Melocotón en almíbar","ALIADA melocotón en almíbar en mitades 8-10 piezas lata 480 g neto escurrido"],"general_information":["Denominación del alimento: Mitades de melocotón en almíbar","Nombre del operador: Elaborado para El Corte Inglés \nHermosilla, 112\n28009 Madrid - España\npor A30005920","Lugar de procedencia del alimento: Producto de España","Cantidad Neta: 840 g","Peso neto escurrido: 480 g","Número de raciones por envase: 9"],"ingredients":[" Ingredientes: Melocotón, agua, azúcar, jarabe de glucosa-fructosa, acidulante: ácido cítrico, antioxidante: ácido ascórbico"],"conservation":" Conservar en lugar fresco y seco\nUna vez abierto, guardar en el frigorífico en un envase cerrado no metálico, y consumir en 48h.","ean":"8433329062787"},{"full_name":"ALIADA melocotón mitades en almíbar pack 3 latas 115 g neto escurrido","name":"melocotón mitades en almíbar pack 3 latas 115 g neto escurrido","brand":"ALIADA ","img":"https://sgfm.elcorteingles.es/SGFM/00/44/7/0118030800447/0118030800447000g01011.jpg","price":"1,85 €","price_unit":"(5,36 € / Kilo)","categories":["Supermercado","Alimentación General","Conservas de frutas","Melocotón en almíbar","ALIADA melocotón mitades en almíbar pack 3 latas 115 g neto escurrido"],"general_information":["Nombre del operador: Elaborado para El Corte Inglés \nHermosilla, 112\n28009 Madrid - España\npor: B30212088","Lugar de procedencia del alimento: Producto de España","Cantidad Neta: 600 g","Peso neto escurrido: 345 g","Número de raciones por envase: 8"],"ingredients":[" Mitades de melocotón en almíbar\nIngredientes: Mitades de melocotón, agua, azúcar, acidulante (ácido cítrico)"],"conservation":" Conservar en lugar fresco y seco\nUna vez abierto, guardar en el frigorífico en un recipiente distinto de la lata, y consumir antes de 3 días","ean":"8433329035118"},{"full_name":"HERO melocotón en almíbar en mitades lata 480 g neto escurrido","name":"melocotón en almíbar en mitades lata 480 g neto escurrido","brand":"HERO ","img":"https://sgfm.elcorteingles.es/SGFM/dctm/MEDIA03/201704/27/00118030800033____1__600x600.jpg","price":"2,15 €            ","price_unit":"(4,06 € / Kilo)","categories":["Supermercado","Alimentación General","Conservas de frutas","Melocotón en almíbar","HERO melocotón en almíbar en mitades lata 480 g neto escurrido"],"general_information":["Denominación del alimento: Melocotón En Almíbar","País de origen: España","Nombre del operador: Hero España, S.A.","Dirección del operador: Avda. Murcia, 1 30820 Alcantarilla, Murcia","Cantidad Neta: 1000 g"],"ingredients":[" Melocotones en mitades, almíbar (agua y azúcar), acidulante (ác.cítrico) y antioxidante (ác. L-ascórbico)."],"conservation":" Conservar en lugar fresco y seco. Una vez abierto, mantener en el frigorífico.","ean":"8410175030238"},{"full_name":"HERO melocotón en almíbar en mitades lata 240 g neto escurrido","name":"melocotón en almíbar en mitades lata 240 g neto escurrido","brand":"HERO ","img":"https://sgfm.elcorteingles.es/SGFM/00/02/5/0118030800025/0118030800025000g01011.jpg","price":"1,39 €","price_unit":"(5,79 € / Kilo)","categories":["Supermercado","Alimentación General","Conservas de frutas","Melocotón en almíbar","HERO melocotón en almíbar en mitades lata 240 g neto escurrido"],"general_information":["Denominación del alimento: Melocotón En Almíbar","País de origen: España","Nombre del operador: Hero España, S.A.","Dirección del operador: Avda. Murcia, 1 30820 Alcantarilla, Murcia","Cantidad Neta: 500 g"],"ingredients":[" Melocotones en mitades, almíbar (agua y azúcar), acidulante (ác.cítrico) y antioxidante (ác. L-ascórbico)."],"conservation":" Conservar en lugar fresco y seco. Una vez abierto, mantener en el frigorífico.","ean":"8410175030214"},{"full_name":"ALCURNIA melocotón en almíbar en  mitades pack 3 latas 115 g neto escurrido","name":"melocotón en almíbar en  mitades pack 3 latas 115 g neto escurrido","brand":"ALCURNIA ","img":"https://sgfm.elcorteingles.es/SGFM/dctm/MEDIA02/CONTENIDOS/201408/20/00118030800306____1__600x600.jpg","price":"2,15 €            ","price_unit":"(5,07 € / Kilo)","categories":["Supermercado","Alimentación General","Conservas de frutas","Melocotón en almíbar","ALCURNIA melocotón en almíbar en  mitades pack 3 latas 115 g neto escurrido"],"general_information":["Denominación del alimento: Melocotón en almibar","Nombre del operador: Alcurnia Alimentacion SLU","Dirección del operador: Avda. de la industria, s/n 30500 Molina de Segura (Murcia)","Lugar de procedencia del alimento: PRODUCTO DE ESPAÑA","Cantidad Neta: 600,0 g","Peso neto escurrido: 345,0 g","Otras menciones obligatorias en la etiqueta: Acidez del almibar  de 17° a 20° BRIX. Cantidad escurrida disgregada 3 x 115 g."],"ingredients":[" Melocotón, agua, azúcar, acidulante: ácido cítrico"],"ean":"8410154021103"},{"full_name":"ALCURNIA melocotón en almíbar lata 480 g neto escurrido","name":"melocotón en almíbar lata 480 g neto escurrido","brand":"ALCURNIA ","img":"https://sgfm.elcorteingles.es/SGFM/00/08/2/0118030800082/0118030800082000g01011.jpg","price":"1,75 €            ","price_unit":"(3,44 € / Kilo)","categories":["Supermercado","Alimentación General","Conservas de frutas","Melocotón en almíbar","ALCURNIA melocotón en almíbar lata 480 g neto escurrido"],"general_information":["Denominación del alimento: Melocotón en almibar","Nombre del operador: Alcurnia Alimentacion SLU","Dirección del operador: Avda. de la industria, s/n 30500 Molina de Segura (Murcia)","Lugar de procedencia del alimento: PRODUCTO DE ESPAÑA","Cantidad Neta: 850,0 g","Peso neto escurrido: 480,0 g","Otras menciones obligatorias en la etiqueta: Acidez del almibar  de 17° a 20° BRIX"],"ingredients":[" Melocotón, agua, azúcar, acidulante: ácido cítrico"],"ean":"8410154024104"},{"full_name":"VENCEROL melocotón en almíbar en mitades frasco 400 g neto escurrido","name":"melocotón en almíbar en mitades frasco 400 g neto escurrido","brand":"VENCEROL ","img":"https://sgfm.elcorteingles.es/SGFM/00/41/3/0118030800413/0118030800413000g01011.jpg","price":"2,15 €            ","price_unit":"(4,62 € / Kilo)","categories":["Supermercado","Alimentación General","Conservas de frutas","Melocotón en almíbar","VENCEROL melocotón en almíbar en mitades frasco 400 g neto escurrido"],"general_information":[],"ingredients":[],"ean":"8436012964740"},{"full_name":"ROMBO D'ORO melocotón en almíbar extra lata 480 g neto escurrido","name":"melocotón en almíbar extra lata 480 g neto escurrido","brand":"ROMBO D'ORO ","img":"https://sgfm.elcorteingles.es/SGFM/dctm/MEDIA03/201710/03/00118030800595____1__600x600.jpg","price":"2,55 €","price_unit":"(5,31 € / Kilo)","categories":["Supermercado","Alimentación General","Conservas de frutas","Melocotón en almíbar","ROMBO D'ORO melocotón en almíbar extra lata 480 g neto escurrido"],"general_information":[],"ingredients":[],"ean":"8411916084909"},{"full_name":"ROMBO D'ORO melocotón en almíbar en mitades lata 240 g neto escurrido","name":"melocotón en almíbar en mitades lata 240 g neto escurrido","brand":"ROMBO D'ORO ","img":"https://sgfm.elcorteingles.es/SGFM/00/05/8/0118030800058/0118030800058000g01011.jpg","price":"1,69 €","price_unit":"(7,04 € / Kilo)","categories":["Supermercado","Alimentación General","Conservas de frutas","Melocotón en almíbar","ROMBO D'ORO melocotón en almíbar en mitades lata 240 g neto escurrido"],"general_information":[],"ingredients":[],"ean":"8411916084916"},{"full_name":"COQUET Gourmet melocotón en almíbar ligero 3 frutos enteros extra frasco 330 g neto escurrido","name":"Gourmet melocotón en almíbar ligero 3 frutos enteros extra frasco 330 g neto escurrido","brand":"COQUET ","img":"https://sgfm.elcorteingles.es/SGFM/00/40/5/0118030800405/0118030800405000g01011.jpg","price":"2,10 €","price_unit":"(6,36 € / Kilo)","categories":["Supermercado","Alimentación General","Conservas de frutas","Melocotón en almíbar","COQUET Gourmet melocotón en almíbar ligero 3 frutos enteros extra frasco 330 g neto escurrido"],"general_information":["Denominación del alimento: Melocotón entero en almíbar ligero","Nombre del operador: Industrias Coquet S.A","Dirección del operador: Polaza Sancho El Fuerte 7 - 31500 Tudela (Navarra)","Cantidad Neta: 700 g","Número de raciones por envase: 3","Otras menciones obligatorias en la etiqueta: Almíbar comprendido entre 14 y 17°  Brix"],"ingredients":[" Melocotón, agua, azúcar, acidulante E-330 y antioxidante E-300."],"conservation":" Conservar en un lugar fresco, seco y protegido del sol.","ean":"8411102002427"},{"full_name":"COQUET Gourmet melocotón en almíbar ligero en mitades extra frasco 400 g","name":"Gourmet melocotón en almíbar ligero en mitades extra frasco 400 g","brand":"COQUET ","img":"https://sgfm.elcorteingles.es/SGFM/00/39/7/0118030800397/0118030800397000g01011.jpg","price":"3,19 €            ","price_unit":"(6,88 € / Kilo)","categories":["Supermercado","Alimentación General","Conservas de frutas","Melocotón en almíbar","COQUET Gourmet melocotón en almíbar ligero en mitades extra frasco 400 g"],"general_information":[],"ingredients":[],"ean":"8411102007637"},{"full_name":"COQUET melocotón en almíbar entero frasco 1260 g neto escurrido","name":"melocotón en almíbar entero frasco 1260 g neto escurrido","brand":"COQUET ","img":"https://sgfm.elcorteingles.es/SGFM/00/12/4/0118030800124/0118030800124000g01011.jpg","price":"6,60 €            ","price_unit":"(5,12 € / Kilo)","categories":["Supermercado","Alimentación General","Conservas de frutas","Melocotón en almíbar","COQUET melocotón en almíbar entero frasco 1260 g neto escurrido"],"general_information":[],"ingredients":[],"ean":"8411102001956"},{"full_name":"COQUET selección melocotón en mitades en almíbar ligero frasco 1000 g neto escurrido","name":"selección melocotón en mitades en almíbar ligero frasco 1000 g neto escurrido","brand":"COQUET ","img":"https://sgfm.elcorteingles.es/SGFM/00/37/1/0118030800371/0118030800371000g01011.jpg","price":"6,75 €","price_unit":"(6,75 € / Kilo)","categories":["Supermercado","Alimentación General","Conservas de frutas","Melocotón en almíbar","COQUET selección melocotón en mitades en almíbar ligero frasco 1000 g neto escurrido"],"general_information":[],"ingredients":[],"ean":"8411102016882"},{"full_name":"COQUET selección melocotón en mitades en almíbar ligero frasco 900 g neto escurrido","name":"selección melocotón en mitades en almíbar ligero frasco 900 g neto escurrido","brand":"COQUET ","img":"https://sgfm.elcorteingles.es/SGFM/00/43/9/0118030800439/0118030800439000g01011.jpg","price":"6,25 €            ","price_unit":"(6,83 € / Kilo)","categories":["Supermercado","Alimentación General","Conservas de frutas","Melocotón en almíbar","COQUET selección melocotón en mitades en almíbar ligero frasco 900 g neto escurrido"],"general_information":[],"ingredients":[],"ean":"8411102016899"},{"full_name":"HELIOS melocotón en almíbar lata 480 g neto escurrido","name":"melocotón en almíbar lata 480 g neto escurrido","brand":"HELIOS ","img":"https://sgfm.elcorteingles.es/SGFM/00/01/7/0118030800017/0118030800017000g01011.jpg","price":"2,85 €            ","price_unit":"(5,21 € / Kilo)","categories":["Supermercado","Alimentación General","Conservas de frutas","Melocotón en almíbar","HELIOS melocotón en almíbar lata 480 g neto escurrido"],"general_information":["Denominación del alimento: Melocotón en almibar ligero","Nombre del operador: DULCES Y CONSERVAS HELIOS S.A.","Dirección del operador: Carretera de Salamanca, nº44, 47195 Arroyo de la Encomienda","Cantidad Neta: 840 g","Peso neto escurrido: 480 g"],"ingredients":[" Melocotones, agua, jarabe de glucosa y fructosa, acidulante: ácido cítrico."],"conservation":" Conservese en lugar fresco y seco. Una vez abierto conservesé en el frigorifico","ean":"8410095005095"},{"full_name":"GOLDEN melocotón mitades en almíbar lata 480","name":"melocotón mitades en almíbar lata 480 ","brand":"GOLDEN ","img":"https://sgfm.elcorteingles.es/SGFM/00/34/8/0118030800348/0118030800348000g01011.jpg","price":"1,59 €            ","price_unit":"(3,23 € / Kilo)","categories":["Supermercado","Alimentación General","Conservas de frutas","Melocotón en almíbar","GOLDEN melocotón mitades en almíbar lata 480"],"general_information":[],"ingredients":[],"ean":"8411942501135"},{"full_name":"MILAFRUIT Melocotón en almíbar estuche de 4 lata 480 g neto escurrido","name":"Melocotón en almíbar estuche de 4 lata 480 g neto escurrido","brand":"MILAFRUIT ","img":"https://sgfm.elcorteingles.es/SGFM/dctm/MEDIA03/201710/10/00118030800629____1__600x600.jpg","price":"8,95 €","price_unit":"(4,66 € / Kilo)","categories":["Supermercado","Alimentación General","Conservas de frutas","Melocotón en almíbar","MILAFRUIT Melocotón en almíbar estuche de 4 lata 480 g neto escurrido"],"general_information":[],"ingredients":[],"ean":"8423743031193"},{"full_name":"MILAFRUIT melocotón entero en almíbar estuche 4 lata 400 g neto escurrido","name":"melocotón entero en almíbar estuche 4 lata 400 g neto escurrido","brand":"MILAFRUIT ","img":"https://sgfm.elcorteingles.es/SGFM/dctm/MEDIA03/201710/10/00118030800611____1__600x600.jpg","price":"13,95 €","price_unit":"(8,72 € / Kilo)","categories":["Supermercado","Alimentación General","Conservas de frutas","Melocotón en almíbar","MILAFRUIT melocotón entero en almíbar estuche 4 lata 400 g neto escurrido"],"general_information":[],"ingredients":[],"ean":"8423743031100"},{"full_name":"MILAFRUIT melocotón en almíbar en mitades 5-6 piezas lata 480 g neto escurrido","name":"melocotón en almíbar en mitades 5-6 piezas lata 480 g neto escurrido","brand":"MILAFRUIT ","img":"https://sgfm.elcorteingles.es/SGFM/00/10/8/0118030800108/0118030800108000g01011.jpg","price":"1,30 €","price_unit":"(2,71 € / Kilo)","categories":["Supermercado","Alimentación General","Conservas de frutas","Melocotón en almíbar","MILAFRUIT melocotón en almíbar en mitades 5-6 piezas lata 480 g neto escurrido"],"general_information":["Denominación del alimento: Melocotón en almíbar","Nombre del operador: Manuel Garcia Campoy S.L.","Dirección del operador: Calle Ramon y Cajal, 77 - 30600 Archena (Murcia)","Cantidad Neta: 840 g","Peso neto escurrido: 480 g"],"ingredients":[" Melocotón, Agua, Azúcar y Ácido Cítrico"],"conservation":" Consérvese en lugar fresco y seco. Una vez abierto se recomienda guardar refrigerado","ean":"8423743031537"},{"full_name":"MILAFRUIT melocotón en almíbar entero lata 400 g neto escurrido","name":"melocotón en almíbar entero lata 400 g neto escurrido","brand":"MILAFRUIT ","img":"https://sgfm.elcorteingles.es/SGFM/00/11/6/0118030800116/0118030800116000g01011.jpg","price":"2,95 €","price_unit":"(7,38 € / Kilo)","categories":["Supermercado","Alimentación General","Conservas de frutas","Melocotón en almíbar","MILAFRUIT melocotón en almíbar entero lata 400 g neto escurrido"],"general_information":["Denominación del alimento: Melocotón en almíbar","Nombre del operador: Manuel Garcia Campoy S.L.","Dirección del operador: Calle Ramon y Cajal, 77 - 30600 Archena (Murcia)","Cantidad Neta: 840 g","Peso neto escurrido: 400 g"],"ingredients":[" Melocotón, Agua, Azúcar y Ácido Cítrico"],"conservation":" Consérvese en lugar fresco y seco. Una vez abierto se recomienda guardar refrigerado","ean":"8423743031148"},{"full_name":"MILAFRUIT melocotón en almíbar sin azúcar añadido lata 480 g neto escurrido","name":"melocotón en almíbar sin azúcar añadido lata 480 g neto escurrido","brand":"MILAFRUIT ","img":"https://sgfm.elcorteingles.es/SGFM/dctm/MEDIA03/201711/06/00118030800637____1__600x600.jpg","price":"1,55 €","price_unit":"(3,23 € / Kilo)","categories":["Supermercado","Alimentación General","Conservas de frutas","Melocotón en almíbar","MILAFRUIT melocotón en almíbar sin azúcar añadido lata 480 g neto escurrido"],"general_information":[],"ingredients":[],"ean":"8423743031155"},{"full_name":"FRUTARIUM melocotón entero en almíbar galon 900","name":"melocotón entero en almíbar galon 900 ","brand":"FRUTARIUM ","img":"https://sgfm.elcorteingles.es/SGFM/00/16/5/0118030800165/0118030800165000g01011.jpg","price":"12,95 €            ","price_unit":"(13,89 € / Kilo)","categories":["Supermercado","Alimentación General","Conservas de frutas","Melocotón en almíbar","FRUTARIUM melocotón entero en almíbar galon 900"],"general_information":[],"ingredients":[],"ean":"8436022472006"},{"full_name":"ISMAEL melocotón en almíbar de Calanda en mitades frasco 470 g neto escurrido","name":"melocotón en almíbar de Calanda en mitades frasco 470 g neto escurrido","brand":"ISMAEL ","img":"https://sgfm.elcorteingles.es/SGFM/00/09/0/0118030800090/0118030800090000g01011.jpg","price":"8,75 €            ","price_unit":"(17,55 € / Kilo)","categories":["Supermercado","Alimentación General","Conservas de frutas","Melocotón en almíbar","ISMAEL melocotón en almíbar de Calanda en mitades frasco 470 g neto escurrido"],"general_information":[],"ingredients":[],"ean":"8424641900093"},{"full_name":"ZALEA Real melocotón en almíbar lígero en mitades galon 900 g neto escurrido","name":"Real melocotón en almíbar lígero en mitades galon 900 g neto escurrido","brand":"ZALEA ","img":"https://sgfm.elcorteingles.es/SGFM/dctm/MEDIA02/CONTENIDOS/201512/09/00200130800493____2__600x600.jpg","price":"7,25 €","price_unit":"(7,25 € / Kilo)","categories":["Supermercado","Alimentación General","Conservas de frutas","Melocotón en almíbar","ZALEA Real melocotón en almíbar lígero en mitades galon 900 g neto escurrido"],"general_information":[],"ingredients":[],"ean":"8436549527166"},{"full_name":"ZALEA Real melocotón en almíbar lígero frasco 325 g neto escurrido","name":"Real melocotón en almíbar lígero frasco 325 g neto escurrido","brand":"ZALEA ","img":"https://sgfm.elcorteingles.es/SGFM/dctm/MEDIA03/201606/28/00118030800504____1__600x600.jpg","price":"2,25 €","price_unit":"(6,92 € / Kilo)","categories":["Supermercado","Alimentación General","Conservas de frutas","Melocotón en almíbar","ZALEA Real melocotón en almíbar lígero frasco 325 g neto escurrido"],"general_information":[],"ingredients":[],"ean":"8436549527036"},{"full_name":"GOLDEN gel de melocotón con trozos de melocotón pack 2 envase 120 g","name":"gel de melocotón con trozos de melocotón pack 2 envase 120 g","brand":"GOLDEN ","img":"https://sgfm.elcorteingles.es/SGFM/dctm/MEDIA03/201611/22/00118030800538____1__600x600.jpg","price":"1,55 €            ","categories":["Supermercado","Alimentación General","Conservas de frutas","Melocotón en almíbar","GOLDEN gel de melocotón con trozos de melocotón pack 2 envase 120 g"],"general_information":[],"ingredients":[],"ean":"8411942773044"},{"full_name":"FRUTARIUM melocotón en mitades en almíbar frasco 440","name":"melocotón en mitades en almíbar frasco 440 ","brand":"FRUTARIUM ","img":"https://sgfm.elcorteingles.es/SGFM/00/14/7/0200130800147/0200130800147000g01011.jpg","price":"5,50 €            ","price_unit":"(12,16 € / Kilo)","categories":["Supermercado","Alimentación General","Conservas de frutas","Melocotón en almíbar","FRUTARIUM melocotón en mitades en almíbar frasco 440"],"general_information":[],"ingredients":[],"ean":"8436022472037"},{"full_name":"MENSAJERO melocotón en almíbar en mitades calidad extra frasco 1,2 kg","name":"melocotón en almíbar en mitades calidad extra frasco 1,2 kg","brand":"MENSAJERO ","img":"https://sgfm.elcorteingles.es/SGFM/dctm/MEDIA03/201609/20/00200130800527____1__600x600.jpg","price":"8,25 €            ","categories":["Supermercado","Alimentación General","Conservas de frutas","Melocotón en almíbar","MENSAJERO melocotón en almíbar en mitades calidad extra frasco 1,2 kg"],"general_information":[],"ingredients":[],"ean":"8410244427808"},{"full_name":"MENSAJERO melocotón en almíbar en mitades calidad extra lata 480 g neto escurrido","name":"melocotón en almíbar en mitades calidad extra lata 480 g neto escurrido","brand":"MENSAJERO ","img":"https://sgfm.elcorteingles.es/SGFM/dctm/MEDIA03/201711/06/00118030800587____1__600x600.jpg","price":"1,85 €            ","price_unit":"(2,08 € / Kilo)","categories":["Supermercado","Alimentación General","Conservas de frutas","Melocotón en almíbar","MENSAJERO melocotón en almíbar en mitades calidad extra lata 480 g neto escurrido"],"general_information":[],"ingredients":[],"ean":"8410244425002"},{"full_name":"ALIADA pera mitades en almíbar ligero lata 480 g neto escurrido","name":"pera mitades en almíbar ligero lata 480 g neto escurrido","brand":"ALIADA ","img":"https://sgfm.elcorteingles.es/SGFM/dctm/MEDIA02/CONTENIDOS/201511/10/00118030302261____2__600x600.jpg","price":"1,50 €","price_unit":"(3,12 € / Kilo)","categories":["Supermercado","Alimentación General","Conservas de frutas","Peras en almíbar","ALIADA pera mitades en almíbar ligero lata 480 g neto escurrido"],"general_information":["Denominación del alimento: Mitades de pera en almíbar ligero. Categoría extra","País de origen: España","Nombre del operador: Elaborado para\nEl  Grupo El Corte Inglés \nHermosilla, 112 ? 28009 Madrid ? España \npor A30005920","Lugar de procedencia del alimento: Producto de España","Cantidad Neta: 840 g","Peso neto escurrido: 480 g","Número de raciones por envase: 9"],"ingredients":[" Ingredientes: Pera, agua, azúcar, jarabe de glucosa-fructosa, corrector de acidez: ácido cítrico, antioxidante: ácido ascórbico."],"ean":"8433329044226"},{"full_name":"JUVER disfruta peras en almíbar en cuartos sin azúcares añadidos pack 2 latas 215 g neto escurrido","name":"disfruta peras en almíbar en cuartos sin azúcares añadidos pack 2 latas 215 g neto escurrido","brand":"JUVER ","img":"https://sgfm.elcorteingles.es/SGFM/01/93/3/0118030301933/0118030301933000g01011.jpg","price":"2,09 €            ","price_unit":"(7,61 € / Kilo)","categories":["Supermercado","Alimentación General","Conservas de frutas","Peras en almíbar","JUVER disfruta peras en almíbar en cuartos sin azúcares añadidos pack 2 latas 215 g neto escurrido"],"general_information":["Denominación del alimento: Pera en cuartos con edulcorantes","País de origen: Italia","Nombre del operador: Juver Alimentación S.L.U.","Dirección del operador: C/Julio Cortazar, 46 - 30110 Murcia","Cantidad Neta: 430 g"],"ingredients":[" Pera en cuartos, agua, acidulante (ácido cítrico), edulcorantes (acesulfamo K y ciclamato sódico)"],"conservation":" Mantener en lugar fresco y seco. Una vez abierto conservar en la nevera en envase no metálico y consumir antes de 2 días.","ean":"8410707000401"},{"full_name":"HELIOS peras en mitades sin azúcares añadidos lata 480 g neto escurrido","name":"peras en mitades sin azúcares añadidos lata 480 g neto escurrido","brand":"HELIOS ","img":"https://sgfm.elcorteingles.es/SGFM/dctm/MEDIA02/CONTENIDOS/201412/10/00118030302303____2__600x600.jpg","price":"2,99 €            ","price_unit":"(6,04 € / Kilo)","categories":["Supermercado","Alimentación General","Conservas de frutas","Peras en almíbar","HELIOS peras en mitades sin azúcares añadidos lata 480 g neto escurrido"],"general_information":["Denominación del alimento: Peras en almibar sin azucar 840g","Nombre del operador: DULCES Y CONSERVAS HELIOS S.A.","Dirección del operador: Carretera de Salamanca, nº44, 47195 Arroyo de la Encomienda","Cantidad Neta: 840 g","Peso neto escurrido: 480 g"],"ingredients":[" Peras, agua, acidulante:acido citrico, edulcorante (sacarina sódica y ciclamato sódico)"],"conservation":" Conservese en lugar fresco y seco. Una vez abierto conservesé en el frigorifico","ean":"8410095005507"},{"full_name":"COQUET Gourmet peras en almíbar ligero 3 frutos enteros extra frasco 330 g neto escurrido","name":"Gourmet peras en almíbar ligero 3 frutos enteros extra frasco 330 g neto escurrido","brand":"COQUET ","img":"https://sgfm.elcorteingles.es/SGFM/02/05/5/0118030302055/0118030302055000g01011.jpg","price":"2,55 €            ","price_unit":"(7,12 € / Kilo)","categories":["Supermercado","Alimentación General","Conservas de frutas","Peras en almíbar","COQUET Gourmet peras en almíbar ligero 3 frutos enteros extra frasco 330 g neto escurrido"],"general_information":["Denominación del alimento: Pera entera en Almíbar ligero","Nombre del operador: Industrias Coquet S.A","Dirección del operador: Polaza Sancho El Fuerte 7 - 31500 Tudela (Navarra)","Cantidad Neta: 700 g","Número de raciones por envase: 3","Otras menciones obligatorias en la etiqueta: Almíbar comprendido entre 14 y 17°  Brix"],"ingredients":[" Pera, agua , azúcar , acidulante E-330 y antioxidante E-300."],"conservation":" Conservar en un lugar fresco, seco y protegido del sol.","ean":"8411102004339"},{"full_name":"COQUET pera entera en almíbar galon 1260","name":"pera entera en almíbar galon 1260 ","brand":"COQUET ","img":"https://sgfm.elcorteingles.es/SGFM/01/62/8/0118030301628/0118030301628000g01011.jpg","price":"6,60 €            ","price_unit":"(5,12 € / Kilo)","categories":["Supermercado","Alimentación General","Conservas de frutas","Peras en almíbar","COQUET pera entera en almíbar galon 1260"],"general_information":[],"ingredients":[],"ean":"8411102004056"},{"full_name":"ZALEA Real pera en almíbar lígero frasco 325 g neto escurrido","name":"Real pera en almíbar lígero frasco 325 g neto escurrido","brand":"ZALEA ","img":"https://sgfm.elcorteingles.es/SGFM/dctm/MEDIA03/201606/28/00118030302345____1__600x600.jpg","price":"2,95 €","price_unit":"(9,08 € / Kilo)","categories":["Supermercado","Alimentación General","Conservas de frutas","Peras en almíbar","ZALEA Real pera en almíbar lígero frasco 325 g neto escurrido"],"general_information":[],"ingredients":[],"ean":"8436549527067"},{"full_name":"EL CORTE INGLES piña en rodajas en su jugo lata 493 g neto escurrido","name":"piña en rodajas en su jugo lata 493 g neto escurrido","brand":"EL CORTE INGLES ","img":"https://sgfm.elcorteingles.es/SGFM/dctm/MEDIA03/201703/06/00118031000021____2__600x600.jpg","price":"2,45 €            ","price_unit":"(4,87 € / Kilo)","categories":["Supermercado","Alimentación General","Conservas de frutas","Piña en su jugo y en almíbar","EL CORTE INGLES piña en rodajas en su jugo lata 493 g neto escurrido"],"general_information":["Denominación del alimento: Piña en rodajas en su jugo","Nombre del operador: Importado por El Corte Inglés Hermosilla, 112. 28009 - Madrid - España","Lugar de procedencia del alimento: ORIGEN FILIPINAS","Cantidad Neta: 822 g","Peso neto escurrido: 493 g","Número de raciones por envase: 8"],"ingredients":[" Ingredientes: Piña (73%) y zumo de piña (27%)"],"conservation":" Conservar en lugar fresco y seco. Una vez abierto, conservar el contenido en refrigeración en un recipiente de cristal o plástico","ean":"8433329061766"},{"full_name":"EL CORTE INGLES piña en rodajas en su jugo pack 3 lata 139 g neto escurrido","name":"piña en rodajas en su jugo pack 3 lata 139 g neto escurrido","brand":"EL CORTE INGLES ","img":"https://sgfm.elcorteingles.es/SGFM/00/05/4/0118031000054/0118031000054000g01011.jpg","price":"2,60 €            ","price_unit":"(6,12 € / Kilo)","categories":["Supermercado","Alimentación General","Conservas de frutas","Piña en su jugo y en almíbar","EL CORTE INGLES piña en rodajas en su jugo pack 3 lata 139 g neto escurrido"],"general_information":["Denominación del alimento: Piña en rodajas en su jugo","Nombre del operador: Importado por El Corte Inglés Hermosilla, 112. 28009 - Madrid - España","Lugar de procedencia del alimento: ORIGEN FILIPINAS","Cantidad Neta: 681 g","Peso neto escurrido: 417 g","Número de raciones por envase: 12"],"ingredients":[" Ingredientes: Piña (69%) y zumo de piña (31%)"],"conservation":" Conservar en lugar fresco y seco. Una vez abierto, conservar el contenido en refrigeración en un recipiente de cristal o plástico","ean":"8433329061773"},{"full_name":"ALIADA piña en su jugo en rodajas lata 493 g neto escurrido","name":"piña en su jugo en rodajas lata 493 g neto escurrido","brand":"ALIADA ","img":"https://sgfm.elcorteingles.es/SGFM/dctm/MEDIA02/CONTENIDOS/201507/23/00118031000302____1__600x600.jpg","price":"1,70 €","price_unit":"(3,47 € / Kilo)","categories":["Supermercado","Alimentación General","Conservas de frutas","Piña en su jugo y en almíbar","ALIADA piña en su jugo en rodajas lata 493 g neto escurrido"],"general_information":["Denominación del alimento: Piña en rodajas en su jugo","Nombre del operador: Importado por El Corte Inglés Hermosilla, 112. 28009 - Madrid - España","Lugar de procedencia del alimento: ORIGEN FILIPINAS","Cantidad Neta: 822 g","Peso neto escurrido: 493 g","Número de raciones por envase: 8"],"ingredients":[" Ingredientes: Piña (73%) y zumo de piña (27%)"],"conservation":" Conservar en lugar fresco y seco. Una vez abierto, conservar el contenido en refrigeración en un recipiente de cristal o plástico","ean":"8433329061742"},{"full_name":"ALIADA piña en su jugo en rodajas pack 3 latas 139 g neto escurrido","name":"piña en su jugo en rodajas pack 3 latas 139 g neto escurrido","brand":"ALIADA ","img":"https://sgfm.elcorteingles.es/SGFM/dctm/MEDIA02/CONTENIDOS/201507/23/00118031000310____1__600x600.jpg","price":"1,95 €","price_unit":"(4,68 € / Kilo)","categories":["Supermercado","Alimentación General","Conservas de frutas","Piña en su jugo y en almíbar","ALIADA piña en su jugo en rodajas pack 3 latas 139 g neto escurrido"],"general_information":["Denominación del alimento: Piña en rodajas en su jugo","Nombre del operador: Importado por El Corte Inglés Hermosilla, 112. 28009 - Madrid - España","Lugar de procedencia del alimento: ORIGEN FILIPINAS","Cantidad Neta: 681 g","Peso neto escurrido: 417 g","Número de raciones por envase: 12"],"ingredients":[" Ingredientes: Piña (69%) y zumo de piña (31%)"],"conservation":" Conservar en lugar fresco y seco. Una vez abierto, conservar el contenido en refrigeración en un recipiente de cristal o plástico","ean":"8433329061759"},{"full_name":"DEL MONTE piña gold en rodajas en su jugo lata 510 g neto escurrido","name":"piña gold en rodajas en su jugo lata 510 g neto escurrido","brand":"DEL MONTE ","img":"https://sgfm.elcorteingles.es/SGFM/dctm/MEDIA03/201606/27/00118031000419____1__600x600.jpg","price":"3,99 €            ","categories":["Supermercado","Alimentación General","Conservas de frutas","Piña en su jugo y en almíbar","DEL MONTE piña gold en rodajas en su jugo lata 510 g neto escurrido"],"general_information":[],"ingredients":[],"ean":"0024000102335"},{"full_name":"DEL MONTE piña gold en rodajas en su jugo pack 2 lata 227 g neto escurrido","name":"piña gold en rodajas en su jugo pack 2 lata 227 g neto escurrido","brand":"DEL MONTE ","img":"https://sgfm.elcorteingles.es/SGFM/dctm/MEDIA03/201606/27/00118031000427____1__600x600.jpg","price":"3,50 €            ","categories":["Supermercado","Alimentación General","Conservas de frutas","Piña en su jugo y en almíbar","DEL MONTE piña gold en rodajas en su jugo pack 2 lata 227 g neto escurrido"],"general_information":["Nombre del operador: Bolton Cile España","Dirección del operador: C\\ Ombú nº 3 28045 Madrid, España"],"ingredients":[],"ean":"0024000160472"},{"full_name":"DEL MONTE piña en rodajas en su jugo lata 510 g neto escurrido","name":"piña en rodajas en su jugo lata 510 g neto escurrido","brand":"DEL MONTE ","img":"https://sgfm.elcorteingles.es/SGFM/dctm/MEDIA03/201704/06/00118031000039____1__600x600.jpg","price":"2,80 €","price_unit":"(5,49 € / Kilo)","categories":["Supermercado","Alimentación General","Conservas de frutas","Piña en su jugo y en almíbar","DEL MONTE piña en rodajas en su jugo lata 510 g neto escurrido"],"general_information":["Denominación del alimento: Piña en su jugo","Nombre del operador: Bolton Cile España","Dirección del operador: C/ Ombú nº 3 28045 Madrid, España","Cantidad Neta: 820 g"],"ingredients":[" Piña (61.5%), zumo de piña (38.5%)"],"ean":"0024000012559"},{"full_name":"DEL MONTE piña en rodajas lata 350 g neto escurrido","name":"piña en rodajas lata 350 g neto escurrido","brand":"DEL MONTE ","img":"https://sgfm.elcorteingles.es/SGFM/dctm/MEDIA03/201704/06/00118031000013____1__600x600.jpg","price":"2,59 €","price_unit":"(7,40 € / Kilo)","categories":["Supermercado","Alimentación General","Conservas de frutas","Piña en su jugo y en almíbar","DEL MONTE piña en rodajas lata 350 g neto escurrido"],"general_information":["Denominación del alimento: Piña en su jugo","Nombre del operador: Bolton Cile España","Dirección del operador: C/ Ombú nº 3 28045 Madrid, España","Cantidad Neta: 560 g"],"ingredients":[" Piña (61.5%), zumo de piña (38.5%)"],"ean":"0024000011859"},{"full_name":"DEL MONTE piña troceada pack 3 envase 140 g neto escurrido","name":"piña troceada pack 3 envase 140 g neto escurrido","brand":"DEL MONTE ","img":"https://sgfm.elcorteingles.es/SGFM/dctm/MEDIA03/201704/06/00118031000187____2__600x600.jpg","price":"2,99 €","price_unit":"(7,27 € / Kilo)","categories":["Supermercado","Alimentación General","Conservas de frutas","Piña en su jugo y en almíbar","DEL MONTE piña troceada pack 3 envase 140 g neto escurrido"],"general_information":["Denominación del alimento: Piña en su jugo","Nombre del operador: Bolton Cile España","Dirección del operador: C/ Ombú nº 3 28045 Madrid, España","Cantidad Neta: 681 g"],"ingredients":[" Piña en trocitos, zumo de piña"],"ean":"0024000158332"},{"full_name":"DEL MONTE piña en rodajas en su jugo pack 3 latas 140 g neto escurrido","name":"piña en rodajas en su jugo pack 3 latas 140 g neto escurrido","brand":"DEL MONTE ","img":"https://sgfm.elcorteingles.es/SGFM/dctm/MEDIA03/201704/06/00118031000229____1__600x600.jpg","price":"2,90 €","price_unit":"(6,90 € / Kilo)","categories":["Supermercado","Alimentación General","Conservas de frutas","Piña en su jugo y en almíbar","DEL MONTE piña en rodajas en su jugo pack 3 latas 140 g neto escurrido"],"general_information":["Denominación del alimento: Piña en su jugo","Nombre del operador: Bolton Cile España","Dirección del operador: C/ Ombú nº 3 28045 Madrid, España","Cantidad Neta: 660 g"],"ingredients":[" Piña (61.5%), zumo de piña (38.5%)"],"ean":"0024000146087"},{"full_name":"GOLDEN gel de piña con trocitos de piña pack tarrina 120 g","name":"gel de piña con trocitos de piña pack tarrina 120 g","brand":"GOLDEN ","img":"https://sgfm.elcorteingles.es/SGFM/dctm/MEDIA03/201611/22/00118031000401____1__600x600.jpg","price":"1,49 €            ","categories":["Supermercado","Alimentación General","Conservas de frutas","Piña en su jugo y en almíbar","GOLDEN gel de piña con trocitos de piña pack tarrina 120 g"],"general_information":[],"ingredients":[],"ean":"8411942773068"}]