[{"full_name":"EL CORTE INGLES atún claro en aceite de oliva pack 6 lata 60 g neto escurrido","name":"atún claro en aceite de oliva pack 6 lata 60 g neto escurrido","brand":"EL CORTE INGLES ","img":"https://sgfm.elcorteingles.es/SGFM/dctm/MEDIA03/201612/12/00118006600805____1__600x600.jpg","price":"3,99 €","price_unit":"(11,08 € / Kilo)","categories":["Supermercado","Alimentación General","Conservas de pescado","Atún en aceite de oliva","EL CORTE INGLES atún claro en aceite de oliva pack 6 lata 60 g neto escurrido"],"general_information":["Denominación del alimento: ATÚN CLARO EN ACEITE DE OLIVA","Nombre del operador: Elaborado para El Corte Inglés \npor\nFrinsa del Noroeste, S.A. \nAvda Ramiro Carregal Rey, Parc. 29 \nPol.Industrial de Xarás \n15969 Ribeira (A Coruña)\n España","Cantidad Neta: 480 g","Peso neto escurrido: 360 g"],"ingredients":[" Ingredientes: Atún claro (Thunnus albacares), aceite de oliva y sal."],"conservation":" Conservar en lugar fresco y seco.","ean":"8433329070607"},{"full_name":"EL CORTE INGLES atún claro en aceite de oliva pack 3 lata 60 g neto escurrido","name":"atún claro en aceite de oliva pack 3 lata 60 g neto escurrido","brand":"EL CORTE INGLES ","img":"https://sgfm.elcorteingles.es/SGFM/dctm/MEDIA03/201706/23/00118006600797____6__600x600.jpg","price":"2,26 €","price_unit":"(12,56 € / Kilo)","categories":["Supermercado","Alimentación General","Conservas de pescado","Atún en aceite de oliva","EL CORTE INGLES atún claro en aceite de oliva pack 3 lata 60 g neto escurrido"],"general_information":["Denominación del alimento: ATÚN CLARO EN ACEITE DE OLIVA","Nombre del operador: Elaborado para El Corte Inglés \npor\nFrinsa del Noroeste, S.A. \nAvda Ramiro Carregal Rey, Parc. 29 \nPol.Industrial de Xarás \n15969 Ribeira (A Coruña)\n España","Cantidad Neta: 240 g","Peso neto escurrido: 180 g"],"ingredients":[" Ingredientes: Atún claro (Thunnus albacares), aceite de oliva y sal."],"conservation":" Conservar en lugar fresco y seco.","ean":"8433329070614"},{"full_name":"EL CORTE INGLES atún claro en aceite de oliva lata 82 g neto escurrido","name":"atún claro en aceite de oliva lata 82 g neto escurrido","brand":"EL CORTE INGLES ","img":"https://sgfm.elcorteingles.es/SGFM/dctm/MEDIA03/201701/16/00118006600821____1__600x600.jpg","price":"1,38 €","price_unit":"(16,83 € / Kilo)","categories":["Supermercado","Alimentación General","Conservas de pescado","Atún en aceite de oliva","EL CORTE INGLES atún claro en aceite de oliva lata 82 g neto escurrido"],"general_information":["Denominación del alimento: ATÚN CLARO \nEN ACEITE DE OLIVA","Nombre del operador: Elaborado para El Corte Inglés \npor\nFrinsa del Noroeste, S.A. \nAvda Ramiro Carregal Rey, Parc. 29 \nPol.Industrial de Xarás \n15969 Ribeira (A Coruña)\n España","Cantidad Neta: 111 g","Peso neto escurrido: 82 g"],"ingredients":[" Ingredientes: Atún claro (Thunnus albacares), aceite de oliva y sal."],"conservation":" Conservar en lugar fresco y seco.","ean":"8433329070621"},{"full_name":"EL CORTE INGLES atún claro en aceite de oliva virgen extra pack 3 lata 60 g neto escurrido","name":"atún claro en aceite de oliva virgen extra pack 3 lata 60 g neto escurrido","brand":"EL CORTE INGLES ","img":"https://sgfm.elcorteingles.es/SGFM/dctm/MEDIA03/201702/13/00118006600813____1__600x600.jpg","price":"3,38 €","price_unit":"(18,78 € / Kilo)","categories":["Supermercado","Alimentación General","Conservas de pescado","Atún en aceite de oliva","EL CORTE INGLES atún claro en aceite de oliva virgen extra pack 3 lata 60 g neto escurrido"],"general_information":["Denominación del alimento: ATÚN CLARO EN ACEITE DE OLIVA VIRGEN EXTRA","Nombre del operador: Elaborado para El Corte Inglés \npor\nFrinsa del Noroeste, S.A. \nAvda Ramiro Carregal Rey, Parc. 29 \nPol.Industrial de Xarás \n15969 Ribeira (A Coruña)\n España","Cantidad Neta: 240 g","Peso neto escurrido: 180 g"],"ingredients":[" Ingredientes: Atún claro (Thunnus albacares), aceite de oliva virgen extra y sal."],"conservation":" Conservar en lugar fresco y seco.","ean":"8433329072960"},{"full_name":"CALVO atún claro en aceite de oliva ligero pack 3 lata 58 g neto escurrido","name":"atún claro en aceite de oliva ligero pack 3 lata 58 g neto escurrido","brand":"CALVO ","img":"https://sgfm.elcorteingles.es/SGFM/dctm/MEDIA03/201606/13/00200106600729____2__600x600.jpg","price":"3,48 €","price_unit":"(20,71 € / Kilo)","categories":["Supermercado","Alimentación General","Conservas de pescado","Atún en aceite de oliva","CALVO atún claro en aceite de oliva ligero pack 3 lata 58 g neto escurrido"],"general_information":["Denominación del alimento: Atún claro Ligero con aceite de oliva","País de origen: España","Nombre del operador: Calvo Distribución Alimentaria SLU","Dirección del operador: Ctra. Coruña-Finisterre. 15106 Carballo. La Coruña","Cantidad Neta: 180 g","Peso neto escurrido: 168 g","Número de raciones por envase: 3"],"ingredients":[" atún claro , agua, aceite de oliva (6%) y sal"],"conservation":" Conservar en lugar fresco y seco. Una vez abierto, conservar en frigorífico y consumir en 24 horas.","ean":"8410090061003"},{"full_name":"ALBO atún claro en aceite de oliva pack 6 latas 48 g neto escurrido","name":"atún claro en aceite de oliva pack 6 latas 48 g neto escurrido","brand":"ALBO ","img":"https://sgfm.elcorteingles.es/SGFM/00/31/8/0118006600318/0118006600318000g01011.jpg","price":"7,99 €","price_unit":"(27,74 € / Kilo)","categories":["Supermercado","Alimentación General","Conservas de pescado","Atún en aceite de oliva","ALBO atún claro en aceite de oliva pack 6 latas 48 g neto escurrido"],"general_information":["Denominación del alimento: Atún claro en aceite de oliva","Nombre del operador: HIJOS DE CARLOS ALBO S.L.","Dirección del operador: Rúa Jacinto Benavente, 41, 36208 Vigo, Pontevedra ESPAÑA","Cantidad Neta: 390 g","Peso neto escurrido: 0.288 Kilogramos"],"ingredients":[" Atún claro, aceite de oliva y sal."],"ean":"8410032002712"},{"full_name":"ALBO atún claro en aceite de oliva virgen bajo en sal lata 82 g neto escurrido","name":"atún claro en aceite de oliva virgen bajo en sal lata 82 g neto escurrido","brand":"ALBO ","img":"https://sgfm.elcorteingles.es/SGFM/00/12/8/0118006600128/0118006600128000g01011.jpg","price":"2,42 €","price_unit":"(29,51 € / Kilo)","categories":["Supermercado","Alimentación General","Conservas de pescado","Atún en aceite de oliva","ALBO atún claro en aceite de oliva virgen bajo en sal lata 82 g neto escurrido"],"general_information":["Denominación del alimento: Atún claro bajo en sal en oliva","Nombre del operador: HIJOS DE CARLOS ALBO S.L.","Dirección del operador: Rúa Jacinto Benavente, 41, 36208 Vigo, Pontevedra ESPAÑA","Cantidad Neta: 112 g","Peso neto escurrido: 0.082 Kilogramos"],"ingredients":[" Atún claro y aceite de oliva virgen extra."],"ean":"8410032003283"},{"full_name":"ALBO atún claro en aceite de oliva lata 167 g neto escurrido","name":"atún claro en aceite de oliva lata 167 g neto escurrido","brand":"ALBO ","img":"https://sgfm.elcorteingles.es/SGFM/dctm/MEDIA02/CONTENIDOS/201409/29/00118006600045____2__600x600.jpg","price":"4,78 €","price_unit":"(28,62 € / Kilo)","categories":["Supermercado","Alimentación General","Conservas de pescado","Atún en aceite de oliva","ALBO atún claro en aceite de oliva lata 167 g neto escurrido"],"general_information":["Denominación del alimento: Atún claro en aceite de oliva","Nombre del operador: HIJOS DE CARLOS ALBO S.L.","Dirección del operador: Rúa Jacinto Benavente, 41, 36208 Vigo, Pontevedra ESPAÑA","Cantidad Neta: 228 g","Peso neto escurrido: 0.167 Kilogramos"],"ingredients":[" Atún claro, aceite de oliva y sal."],"ean":"8410032002835"},{"full_name":"ALBO atún claro en aceite de oliva virgen extra bajo en sal pack 3 latas 67 g neto escurrido","name":"atún claro en aceite de oliva virgen extra bajo en sal pack 3 latas 67 g neto escurrido","brand":"ALBO ","img":"https://sgfm.elcorteingles.es/SGFM/dctm/MEDIA02/CONTENIDOS/201408/21/00118006600110____2__600x600.jpg","price":"5,90 €","price_unit":"(88,06 € / Kilo)","categories":["Supermercado","Alimentación General","Conservas de pescado","Atún en aceite de oliva","ALBO atún claro en aceite de oliva virgen extra bajo en sal pack 3 latas 67 g neto escurrido"],"general_information":["Denominación del alimento: Atún claro bajo en sal en oliva","Nombre del operador: HIJOS DE CARLOS ALBO S.L.","Dirección del operador: Rúa Jacinto Benavente, 41, 36208 Vigo, Pontevedra ESPAÑA","Cantidad Neta: 276 g","Peso neto escurrido: 0.201 Kilogramos"],"ingredients":[" Atún claro y aceite de oliva virgen extra."],"ean":"8410032003269"},{"full_name":"ALBO atún claro en aceite de oliva virgen extra pack 3 latas 67 g neto escurrido","name":"atún claro en aceite de oliva virgen extra pack 3 latas 67 g neto escurrido","brand":"ALBO ","img":"https://sgfm.elcorteingles.es/SGFM/dctm/MEDIA02/CONTENIDOS/201408/21/00118006600037____2__600x600.jpg","price":"5,90 €","price_unit":"(88,06 € / Kilo)","categories":["Supermercado","Alimentación General","Conservas de pescado","Atún en aceite de oliva","ALBO atún claro en aceite de oliva virgen extra pack 3 latas 67 g neto escurrido"],"general_information":["Denominación del alimento: Atún claro en aceite oliva virgen","Nombre del operador: HIJOS DE CARLOS ALBO S.L.","Dirección del operador: Rúa Jacinto Benavente, 41, 36208 Vigo, Pontevedra ESPAÑA","Cantidad Neta: 276 g","Peso neto escurrido: 0.201 Kilogramos"],"ingredients":[" Atún claro, aceite de oliva virgen extra y sal."],"ean":"8410032003214"},{"full_name":"ALBO atún en aceite de oliva virgen extra pack 6 lata 48 g neto escurrido","name":"atún en aceite de oliva virgen extra pack 6 lata 48 g neto escurrido","brand":"ALBO ","img":"https://sgfm.elcorteingles.es/SGFM/dctm/MEDIA03/201609/30/00118006600730____1__600x600.jpg","price":"8,79 €","price_unit":"(30,52 € / Kilo)","categories":["Supermercado","Alimentación General","Conservas de pescado","Atún en aceite de oliva","ALBO atún en aceite de oliva virgen extra pack 6 lata 48 g neto escurrido"],"general_information":[],"ingredients":[],"ean":"8410032002736"},{"full_name":"ALBO atún claro en aceite de oliva pack 3 latas 67 g neto escurrido","name":"atún claro en aceite de oliva pack 3 latas 67 g neto escurrido","brand":"ALBO ","img":"https://sgfm.elcorteingles.es/SGFM/00/06/0/0118006600060/0118006600060000g01011.jpg","price":"5,90 €","price_unit":"(88,06 € / Kilo)","categories":["Supermercado","Alimentación General","Conservas de pescado","Atún en aceite de oliva","ALBO atún claro en aceite de oliva pack 3 latas 67 g neto escurrido"],"general_information":["Denominación del alimento: Atún claro en aceite de oliva","Nombre del operador: HIJOS DE CARLOS ALBO S.L.","Dirección del operador: Rúa Jacinto Benavente, 41, 36208 Vigo, Pontevedra ESPAÑA","Cantidad Neta: 276 g","Peso neto escurrido: 0.201 Kilogramos"],"ingredients":[" Atún claro, aceite de oliva y sal."],"ean":"8410032002828"},{"full_name":"ALBO atún claro en aceite de oliva virgen extra lata 82 g neto escurrido","name":"atún claro en aceite de oliva virgen extra lata 82 g neto escurrido","brand":"ALBO ","img":"https://sgfm.elcorteingles.es/SGFM/dctm/MEDIA02/CONTENIDOS/201408/20/00118006600078____1__600x600.jpg","price":"2,24 €","price_unit":"(27,32 € / Kilo)","categories":["Supermercado","Alimentación General","Conservas de pescado","Atún en aceite de oliva","ALBO atún claro en aceite de oliva virgen extra lata 82 g neto escurrido"],"general_information":["Denominación del alimento: Atún claro en aceite oliva virgen","Nombre del operador: HIJOS DE CARLOS ALBO S.L.","Dirección del operador: Rúa Jacinto Benavente, 41, 36208 Vigo, Pontevedra ESPAÑA","Cantidad Neta: 112 g","Peso neto escurrido: 0.082 Kilogramos"],"ingredients":[" Atún claro, aceite de oliva virgen extra y sal."],"ean":"8410032003207"},{"full_name":"ALBO atún claro en aceite de oliva lata 82 g neto escurrido","name":"atún claro en aceite de oliva lata 82 g neto escurrido","brand":"ALBO ","img":"https://sgfm.elcorteingles.es/SGFM/dctm/MEDIA02/CONTENIDOS/201408/20/00118006600052____1__600x600.jpg","price":"2,42 €","price_unit":"(29,51 € / Kilo)","categories":["Supermercado","Alimentación General","Conservas de pescado","Atún en aceite de oliva","ALBO atún claro en aceite de oliva lata 82 g neto escurrido"],"general_information":["Denominación del alimento: Atún claro en aceite de oliva","Nombre del operador: HIJOS DE CARLOS ALBO S.L.","Dirección del operador: Rúa Jacinto Benavente, 41, 36208 Vigo, Pontevedra ESPAÑA","Cantidad Neta: 112 g","Peso neto escurrido: 0.082 Kilogramos"],"ingredients":[" Atún claro, aceite de oliva y sal."],"ean":"8410032002859"},{"full_name":"ISABEL atún claro en aceite de oliva pack 6 latas 52 g neto escurrido","name":"atún claro en aceite de oliva pack 6 latas 52 g neto escurrido","brand":"ISABEL ","img":"https://sgfm.elcorteingles.es/SGFM/dctm/MEDIA03/201610/04/00200106600083____1__600x600.jpg","price":"5,10 €","price_unit":"(98,08 € / Kilo)","categories":["Supermercado","Alimentación General","Conservas de pescado","Atún en aceite de oliva","ISABEL atún claro en aceite de oliva pack 6 latas 52 g neto escurrido"],"general_information":["Denominación del alimento: ATÚN CLARO EN ACEITE DE OLIVA","Nombre del operador: CONSERVAS SELECTAS DE GALICIA SL","Dirección del operador: Virxe das Mareas s/n 36980 O Grove","Cantidad Neta: 480 g","Peso neto escurrido: 312 g"],"ingredients":[" Atún claro, aceite de oliva y sal."],"ean":"8410111004064"},{"full_name":"ISABEL atún claro en aceite de oliva pack 3 latas 52 g neto escurrido","name":"atún claro en aceite de oliva pack 3 latas 52 g neto escurrido","brand":"ISABEL ","img":"https://sgfm.elcorteingles.es/SGFM/dctm/MEDIA03/201711/20/00118006600086____3__600x600.jpg","price":"2,96 €","price_unit":"(56,92 € / Kilo)","categories":["Supermercado","Alimentación General","Conservas de pescado","Atún en aceite de oliva","ISABEL atún claro en aceite de oliva pack 3 latas 52 g neto escurrido"],"general_information":["Denominación del alimento: ATÚN CLARO EN ACEITE DE OLIVA","Nombre del operador: CONSERVAS SELECTAS DE GALICIA SL","Dirección del operador: Virxe das Mareas s/n 36980 O Grove","Cantidad Neta: 240 g","Peso neto escurrido: 156 g"],"ingredients":[" Atún claro, aceite de oliva y sal."],"ean":"8410111001629"},{"full_name":"ISABEL Naturfresh atún lomos tiernos seleccionados con aceite de oliva pack 3 latas 73 g neto escurrido","name":"Naturfresh atún lomos tiernos seleccionados con aceite de oliva pack 3 latas 73 g neto escurrido","brand":"ISABEL ","img":"https://sgfm.elcorteingles.es/SGFM/00/49/0/0118006600490/0118006600490000g01011.jpg","price":"4,59 €","price_unit":"(62,88 € / Kilo)","categories":["Supermercado","Alimentación General","Conservas de pescado","Atún en aceite de oliva","ISABEL Naturfresh atún lomos tiernos seleccionados con aceite de oliva pack 3 latas 73 g neto escurrido"],"general_information":["Denominación del alimento: ATÚN EN ACEITE DE OLIVA","Nombre del operador: CONSERVAS SELECTAS DE GALICIA SL","Dirección del operador: Virxe das Mareas s/n 36980 O Grove","Cantidad Neta: 276 g","Peso neto escurrido: 228 g"],"ingredients":[" Atún, aceite de oliva y sal"],"ean":"8410111006143"},{"full_name":"CALVO atún claro en aceite de oliva La Española pack 3 latas 73 g neto escurrido","name":"atún claro en aceite de oliva La Española pack 3 latas 73 g neto escurrido","brand":"CALVO ","img":"https://sgfm.elcorteingles.es/SGFM/dctm/MEDIA03/201702/28/00118006600466____7__600x600.jpg","price":"4,65 €","price_unit":"(21,23 € / Kilo)","categories":["Supermercado","Alimentación General","Conservas de pescado","Atún en aceite de oliva","CALVO atún claro en aceite de oliva La Española pack 3 latas 73 g neto escurrido"],"general_information":["Denominación del alimento: Atún claro Calvo en aceite de oliva Carbonell","País de origen: España","Nombre del operador: Calvo Distribución Alimentaria SLU","Dirección del operador: Ctra. Coruña-Finisterre. 15106 Carballo. La Coruña","Cantidad Neta: 300 g","Peso neto escurrido: 219 g","Número de raciones por envase: 3"],"ingredients":[" atún claro, aceite de oliva y sal."],"conservation":" Una vez abierto conservar en el frigorífico y consumir en 24 horas.","ean":"8410090051097"},{"full_name":"CALVO atún claro en aceite de oliva bajo en sal pack 3 latas 52 g neto escurrido","name":"atún claro en aceite de oliva bajo en sal pack 3 latas 52 g neto escurrido","brand":"CALVO ","img":"https://sgfm.elcorteingles.es/SGFM/dctm/MEDIA02/CONTENIDOS/201408/20/00118006600136____1__600x600.jpg","price":"3,40 €","price_unit":"(21,79 € / Kilo)","categories":["Supermercado","Alimentación General","Conservas de pescado","Atún en aceite de oliva","CALVO atún claro en aceite de oliva bajo en sal pack 3 latas 52 g neto escurrido"],"general_information":["Denominación del alimento: Atún claro en aceite de oliva bajo en sal","País de origen: España","Nombre del operador: Calvo Distribución Alimentaria SLU","Dirección del operador: Ctra. Coruña-Finisterre. 15106 Carballo. La Coruña","Cantidad Neta: 240 g","Peso neto escurrido: 156 g","Número de raciones por envase: 3"],"ingredients":[" atún claro y aceite de oliva."],"conservation":" Una vez abierto conservar en el frigorífico y consumir en 24 horas.","ean":"8410090374318"},{"full_name":"CALVO atún claro en aceite de oliva pack 3 latas 52 g neto escurrido","name":"atún claro en aceite de oliva pack 3 latas 52 g neto escurrido","brand":"CALVO ","img":"https://sgfm.elcorteingles.es/SGFM/dctm/MEDIA02/CONTENIDOS/201408/21/00118006600201____2__600x600.jpg","price":"3,40 €","price_unit":"(21,79 € / Kilo)","categories":["Supermercado","Alimentación General","Conservas de pescado","Atún en aceite de oliva","CALVO atún claro en aceite de oliva pack 3 latas 52 g neto escurrido"],"general_information":["Denominación del alimento: Atún claro en aceite de oliva","País de origen: España","Nombre del operador: Calvo Distribución Alimentaria SLU","Dirección del operador: Ctra. Coruña-Finisterre. 15106 Carballo. La Coruña","Cantidad Neta: 240 g","Peso neto escurrido: 156 g","Número de raciones por envase: 3"],"ingredients":[" atún claro, aceite de oliva y sal."],"conservation":" Una vez abierto conservar en el frigorífico y consumir en 24 horas.","ean":"8410090051066"},{"full_name":"CALVO atún en aceite de oliva virgen extra ecológico pesca artesanal pack 3 lata 56 g neto escurrido","name":"atún en aceite de oliva virgen extra ecológico pesca artesanal pack 3 lata 56 g neto escurrido","brand":"CALVO ","img":"https://sgfm.elcorteingles.es/SGFM/dctm/MEDIA03/201707/07/00118006600870____1__600x600.jpg","price":"4,50 €","price_unit":"(28,85 € / Kilo)","categories":["Supermercado","Alimentación General","Conservas de pescado","Atún en aceite de oliva","CALVO atún en aceite de oliva virgen extra ecológico pesca artesanal pack 3 lata 56 g neto escurrido"],"general_information":["Denominación del alimento: Atún Calvo en aceite oliva Virgen Extra Ecológico","País de origen: España","Nombre del operador: Calvo Distribución Alimentaria SLU","Dirección del operador: Ctra. Coruña-Finisterre. 15106 Carballo. La Coruña","Cantidad Neta: 195 g","Peso neto escurrido: 156 g","Número de raciones por envase: 3"],"ingredients":[" atún, aceite de oliva virgen extra ecologico(21%) y sal"],"conservation":" Conservar en lugar fresco y seco. Una vez abierto, conservar en frigorífico y consumir en 24 horas.","ean":"8410090031563"},{"full_name":"CUCA atún claro en aceite de oliva pack 3 latas 67 g neto escurrido","name":"atún claro en aceite de oliva pack 3 latas 67 g neto escurrido","brand":"CUCA ","img":"https://sgfm.elcorteingles.es/SGFM/dctm/MEDIA02/CONTENIDOS/201408/21/00118006600029____2__600x600.jpg","price":"4,39 €","price_unit":"(65,52 € / Kilo)","categories":["Supermercado","Alimentación General","Conservas de pescado","Atún en aceite de oliva","CUCA atún claro en aceite de oliva pack 3 latas 67 g neto escurrido"],"general_information":["Denominación del alimento: ATÚN CLARO EN ACEITE DE OLIVA","Nombre del operador: CONSERVAS SELECTAS DE GALICIA SL","Dirección del operador: Virxe das Mareas s/n 36980 O Grove","Cantidad Neta: 368 g","Peso neto escurrido: 268 g"],"ingredients":[" Atún claro, aceite de oliva y sal."],"ean":"8410698048567"},{"full_name":"CUCA atún claro en aceite de oliva lata 80 g neto escurrido","name":"atún claro en aceite de oliva lata 80 g neto escurrido","brand":"CUCA ","img":"https://sgfm.elcorteingles.es/SGFM/00/01/1/0118006600011/0118006600011000g01011.jpg","price":"2,06 €","price_unit":"(25,75 € / Kilo)","categories":["Supermercado","Alimentación General","Conservas de pescado","Atún en aceite de oliva","CUCA atún claro en aceite de oliva lata 80 g neto escurrido"],"general_information":["Denominación del alimento: ATÚN CLARO EN ACEITE DE OLIVA","Nombre del operador: CONSERVAS SELECTAS DE GALICIA SL","Dirección del operador: Virxe das Mareas s/n 36980 O Grove","Cantidad Neta: 112 g","Peso neto escurrido: 82 g"],"ingredients":[" Atún claro, aceite de oliva y sal."],"ean":"8410698047621"},{"full_name":"CAMPOS lomos de atún claro en aceite de oliva virgen extra lata 82 g neto escurrido","name":"lomos de atún claro en aceite de oliva virgen extra lata 82 g neto escurrido","brand":"CAMPOS ","img":"https://sgfm.elcorteingles.es/SGFM/dctm/MEDIA03/201710/25/00200106600919____1__600x600.jpg","price":"3,50 €","price_unit":"(42,68 € / Kilo)","categories":["Supermercado","Alimentación General","Conservas de pescado","Atún en aceite de oliva","CAMPOS lomos de atún claro en aceite de oliva virgen extra lata 82 g neto escurrido"],"general_information":["Denominación del alimento: LOMOS DE ATUN CLARO EN ACEITE VIRGEN EXTRA RR125  CAMPOS","País de origen: Costa de Marfil","Nombre del operador: SALICA INDUSTRIA ALIMENTARIA, S.A.","Dirección del operador: POL. IND. LANDABASO S/N 48370 BERMEO VIZCAYA","Cantidad Neta: 120 Mililitros","Peso neto escurrido: 82 g"],"ingredients":[" Atún claro (pescado), aceite de oliva virgen extra, sal."],"conservation":"Modo de empleo: MANTENER EN LUGAR FRESCO Y SECO. UNA VEZ ABIERTO CONSUMIR EN SU TOTALIDAD","ean":"8410967002795"},{"full_name":"CAMPOS atún claro aceite oliva pack 3 lata 52 g neto escurrido","name":"atún claro aceite oliva pack 3 lata 52 g neto escurrido","brand":"CAMPOS ","img":"https://sgfm.elcorteingles.es/SGFM/dctm/MEDIA03/201707/08/00118006600847____1__600x600.jpg","price":"3,90 €","price_unit":"(18,75 € / Kilo)","categories":["Supermercado","Alimentación General","Conservas de pescado","Atún en aceite de oliva","CAMPOS atún claro aceite oliva pack 3 lata 52 g neto escurrido"],"general_information":[],"ingredients":[],"ean":"8410967003051"},{"full_name":"CAMPOS atún claro en aceite de oliva frasco 135 g neto escurrido","name":"atún claro en aceite de oliva frasco 135 g neto escurrido","brand":"CAMPOS ","img":"https://sgfm.elcorteingles.es/SGFM/00/36/7/0118006600367/0118006600367000g01011.jpg","price":"5,73 €","price_unit":"(42,44 € / Kilo)","categories":["Supermercado","Alimentación General","Conservas de pescado","Atún en aceite de oliva","CAMPOS atún claro en aceite de oliva frasco 135 g neto escurrido"],"general_information":[],"ingredients":[],"ean":"8410967002474"},{"full_name":"ORTIZ atún claro en aceite de oliva virgen extra ecológico lata 82 g neto escurrido","name":"atún claro en aceite de oliva virgen extra ecológico lata 82 g neto escurrido","brand":"ORTIZ ","img":"https://sgfm.elcorteingles.es/SGFM/dctm/MEDIA03/201704/20/00118006600565____1__600x600.jpg","price":"3,23 €","price_unit":"(39,39 € / Kilo)","categories":["Supermercado","Alimentación General","Conservas de pescado","Atún en aceite de oliva","ORTIZ atún claro en aceite de oliva virgen extra ecológico lata 82 g neto escurrido"],"general_information":["Denominación del alimento: ATÚN CLARO EN ACEITE DE OLIVA VIRGEN EXTRA ECOLÓGICO","Nombre del operador: CONSERVAS ORTIZ S.A.","Dirección del operador: BASUSTA BIDEA 15 - 20750 ZUMAIA - GUIPÚZCOA - ESPAÑA","Cantidad Neta: 112 g","Peso neto escurrido: 82 g"],"ingredients":[" *Atún Claro, aceite de oliva virgen extra ecológico, sal"],"ean":"8411320336007"},{"full_name":"TEJERO atún de La Almadraba en aceite de oliva pack 3 latas 52 g neto escurrido","name":"atún de La Almadraba en aceite de oliva pack 3 latas 52 g neto escurrido","brand":"TEJERO ","price":"2,78 €","price_unit":"(17,82 € / Kilo)","categories":["Supermercado","Alimentación General","Conservas de pescado","Atún en aceite de oliva","TEJERO atún de La Almadraba en aceite de oliva pack 3 latas 52 g neto escurrido"],"general_information":["Denominación del alimento: Atún de Almadraba en Aceite de Oliva","País de origen: España","Nombre del operador: Unión Salazonera Isleña S.A","Dirección del operador: Polígono Industrial La Dehesa s/n. Isla Cristina (Huelva)","Cantidad Neta: 240 g","Peso neto escurrido: 156 g"],"ingredients":[" Atún, Aceite de Oliva, Sal"],"conservation":" Conservar en lugar fresco y seco. Una vez abierto mantener en refrigeración.","ean":"8411735202140"},{"full_name":"PALACIO DE ORIENTE atún claro en aceite de oliva lata 80 g neto escurrido","name":"atún claro en aceite de oliva lata 80 g neto escurrido","brand":"PALACIO DE ORIENTE ","img":"https://sgfm.elcorteingles.es/SGFM/dctm/MEDIA02/CONTENIDOS/201511/23/00118006600243____1__600x600.jpg","price":"1,79 €","price_unit":"(22,38 € / Kilo)","categories":["Supermercado","Alimentación General","Conservas de pescado","Atún en aceite de oliva","PALACIO DE ORIENTE atún claro en aceite de oliva lata 80 g neto escurrido"],"general_information":["Denominación del alimento: Atún claro en aceite de Oliva OL120","País de origen: España","Nombre del operador: Conservas Antonio Alonso S.A.","Dirección del operador: Carretera Vigo-Bayona, 127, Apto. 40 - 36213, Vigo","Lugar de procedencia del alimento: Zonas FAO 34/ 47/ 51/ 57/ 71/ 77/ 81/ 87","Cantidad Neta: 111 g","Peso neto escurrido: 77 g","Número de raciones por envase: 1"],"ingredients":[" Atún Claro, aceite de oliva, sal"],"conservation":" Conservar en lugar fresco y seco.","ean":"8410205032386"},{"full_name":"CONSORCIO atún en aceite de oliva lata 81 g neto escurrido","name":"atún en aceite de oliva lata 81 g neto escurrido","brand":"CONSORCIO ","img":"https://sgfm.elcorteingles.es/SGFM/00/23/5/0118006600235/0118006600235000g01011.jpg","price":"2,07 €            ","price_unit":"(21,60 € / Kilo)","categories":["Supermercado","Alimentación General","Conservas de pescado","Atún en aceite de oliva","CONSORCIO atún en aceite de oliva lata 81 g neto escurrido"],"general_information":["Denominación del alimento: Atún en aceite de oliva","País de origen: España","Nombre del operador: CONSORCIO ESPAÑOL CONSERVERO S.A","Dirección del operador: C/Eguilior, 1- 39740 Santoña","Cantidad Neta: 110 g","Peso neto escurrido: 80 g"],"ingredients":[" Atún claro, aceite de oliva y sal"],"conservation":" No requiere condiciones de conservación especiales","ean":"8410628001259"},{"full_name":"CONSORCIO atún claro en aceite de oliva + atún claro al natural frasco 135 g neto escurrido + pimientos del piquillo","name":"atún claro en aceite de oliva + atún claro al natural frasco 135 g neto escurrido","brand":"CONSORCIO ","img":"https://sgfm.elcorteingles.es/SGFM/dctm/MEDIA03/201612/12/00118021200748____1__600x600.jpg","price":"10,15 €            ","price_unit":"(25,84 € / Kilo)","categories":["Supermercado","Alimentación General","Conservas de pescado","Atún en aceite de oliva","CONSORCIO atún claro en aceite de oliva + atún claro al natural frasco 135 g neto escurrido + pimientos del piquillo"],"general_information":[],"ingredients":[],"ean":"8410628460025"},{"full_name":"ARROYABE atún claro en aceite de oliva frasco 150 g neto escurrido elaboración artesanal","name":"atún claro en aceite de oliva frasco 150 g neto escurrido","brand":"ARROYABE ","img":"https://sgfm.elcorteingles.es/SGFM/00/45/8/0118006600458/0118006600458000g01011.jpg","price":"3,90 €","price_unit":"(26 € / Kilo)","categories":["Supermercado","Alimentación General","Conservas de pescado","Atún en aceite de oliva","ARROYABE atún claro en aceite de oliva frasco 150 g neto escurrido elaboración artesanal"],"general_information":["Denominación del alimento: Atún Claro en aceite de Oliva","País de origen: Mauricio","Nombre del operador: INDICO CANNING LIMITED","Dirección del operador: Marine Road, Port Louis - Mauricio","Cantidad Neta: 227 g","Peso neto escurrido: 150 g"],"ingredients":[" Atún claro yellowfin (65%-70%), aceite de oliva (30%-35%) y sal (< 0,50%)"],"conservation":" Abrir y consumir en un máximo de 4 días, manteniéndolo entre 0°c Y 7°c una vez abierto.","ean":"8411911224218"},{"full_name":"CONSORCIO atún claro en aceite de oliva frasco 135 g neto escurrido","name":"atún claro en aceite de oliva frasco 135 g neto escurrido","brand":"CONSORCIO ","img":"https://sgfm.elcorteingles.es/SGFM/dctm/MEDIA03/201605/06/00200106600711____1__600x600.jpg","price":"3,46 €","price_unit":"(25,63 € / Kilo)","categories":["Supermercado","Alimentación General","Conservas de pescado","Atún en aceite de oliva","CONSORCIO atún claro en aceite de oliva frasco 135 g neto escurrido"],"general_information":["Denominación del alimento: Atún en aceite de oliva","País de origen: España","Nombre del operador: CONSORCIO ESPAÑOL CONSERVERO S.A","Dirección del operador: C/Eguilior, 1- 39740 Santoña","Cantidad Neta: 195 g","Peso neto escurrido: 135 g"],"ingredients":[" Atún claro, aceite de oliva y sal"],"conservation":" No requiere condiciones de conservación especiales","ean":"8410628459661"},{"full_name":"CONSORCIO atún claro en aceite de oliva pack 3 lata 57 g neto escurrido","name":"atún claro en aceite de oliva pack 3 lata 57 g neto escurrido","brand":"CONSORCIO ","img":"https://sgfm.elcorteingles.es/SGFM/dctm/MEDIA03/201605/06/00200106600695____1__600x600.jpg","price":"4,45 €","price_unit":"(78,07 € / Kilo)","categories":["Supermercado","Alimentación General","Conservas de pescado","Atún en aceite de oliva","CONSORCIO atún claro en aceite de oliva pack 3 lata 57 g neto escurrido"],"general_information":["Denominación del alimento: Atún en aceite de oliva","País de origen: España","Nombre del operador: CONSORCIO ESPAÑOL CONSERVERO S.A","Dirección del operador: C/Eguilior, 1- 39740 Santoña","Cantidad Neta: 255 g","Peso neto escurrido: 171 g"],"ingredients":[" Atún claro, aceite de oliva y sal"],"conservation":" No requiere condiciones de conservación especiales","ean":"8410628459623"},{"full_name":"CONSORCIO atún claro en aceite de oliva virgen extra pack 3 lata 57 g neto escurrido","name":"atún claro en aceite de oliva virgen extra pack 3 lata 57 g neto escurrido","brand":"CONSORCIO ","img":"https://sgfm.elcorteingles.es/SGFM/dctm/MEDIA03/201605/06/00200106600703____1__600x600.jpg","price":"4,36 €","price_unit":"(76,49 € / Kilo)","categories":["Supermercado","Alimentación General","Conservas de pescado","Atún en aceite de oliva","CONSORCIO atún claro en aceite de oliva virgen extra pack 3 lata 57 g neto escurrido"],"general_information":["Denominación del alimento: Atún en aceite de oliva virgen extra","País de origen: España","Nombre del operador: CONSORCIO ESPAÑOL CONSERVERO S.A","Dirección del operador: C/Eguilior, 1- 39740 Santoña","Cantidad Neta: 255 g","Peso neto escurrido: 171 g"],"ingredients":[" Atún claro, aceite de oliva virgen extra y sal"],"conservation":" No requiere condiciones de conservación especiales","ean":"8410628459692"},{"full_name":"CONSORCIO atún claro en aceite de oliva virgen extra pack 3 lata 57 g neto escurrido","name":"atún claro en aceite de oliva virgen extra pack 3 lata 57 g neto escurrido","brand":"CONSORCIO ","img":"https://sgfm.elcorteingles.es/SGFM/dctm/MEDIA03/201707/08/00118006600862____1__600x600.jpg","price":"4,45 €","price_unit":"(19,52 € / Kilo)","categories":["Supermercado","Alimentación General","Conservas de pescado","Atún en aceite de oliva","CONSORCIO atún claro en aceite de oliva virgen extra pack 3 lata 57 g neto escurrido"],"general_information":[],"ingredients":[],"ean":"8410628460322"},{"full_name":"CONSORCIO atún claro en aceite de oliva lata 80 g","name":"atún claro en aceite de oliva lata 80 g","brand":"CONSORCIO ","img":"https://sgfm.elcorteingles.es/SGFM/dctm/MEDIA03/201607/13/00200106600646____1__600x600.jpg","price":"2,19 €","price_unit":"(27,38 € / Kilo)","categories":["Supermercado","Alimentación General","Conservas de pescado","Atún en aceite de oliva","CONSORCIO atún claro en aceite de oliva lata 80 g"],"general_information":["Denominación del alimento: Atún en aceite de oliva","País de origen: España","Nombre del operador: CONSORCIO ESPAÑOL CONSERVERO S.A","Dirección del operador: C/Eguilior, 1- 39740 Santoña","Cantidad Neta: 110 g","Peso neto escurrido: 80 g"],"ingredients":[" Atún claro, aceite de oliva y sal"],"conservation":" No requiere condiciones de conservación especiales","ean":"8410628021240"},{"full_name":"MASSO atún claro en aceite de oliva lata 80 g","name":"atún claro en aceite de oliva lata 80 g","brand":"MASSO ","img":"https://sgfm.elcorteingles.es/SGFM/dctm/MEDIA02/CONTENIDOS/201410/02/00118006600268____1__600x600.jpg","price":"3,07 €","price_unit":"(38,38 € / Kilo)","categories":["Supermercado","Alimentación General","Conservas de pescado","Atún en aceite de oliva","MASSO atún claro en aceite de oliva lata 80 g"],"general_information":["Denominación del alimento: ATÚN CLARO EN ACEITE DE OLIVA","Nombre del operador: CONSERVAS SELECTAS DE GALICIA SL","Dirección del operador: Virxe das Mareas s/n 36980 O Grove","Cantidad Neta: 112 g","Peso neto escurrido: 80 g"],"ingredients":[" Atún claro, aceite de oliva y sal"],"ean":"8410698045108"},{"full_name":"LO BUENO atún claro en aceite de oliva lata 150 g neto escurrido","name":"atún claro en aceite de oliva lata 150 g neto escurrido","brand":"LO BUENO ","img":"https://sgfm.elcorteingles.es/SGFM/00/57/3/0118006600573/0118006600573000g01011.jpg","price":"3,36 €","price_unit":"(22,40 € / Kilo)","categories":["Supermercado","Alimentación General","Conservas de pescado","Atún en aceite de oliva","LO BUENO atún claro en aceite de oliva lata 150 g neto escurrido"],"general_information":["Denominación del alimento: Atún Claro en aceite de oliva","Nombre del operador: Luis Escuris Batalla S.L.","Dirección del operador: Polígono de la Tomada, parcela 37. 15940 - Pobra do Caramiñal (A Coruña) ? España","Cantidad Neta: 220 g","Peso neto escurrido: 150 g"],"ingredients":[" Atún Claro (Thunnus albacares, Thunnus obesus), aceite de oliva y sal."],"conservation":" Se recomienda almacenar en lugar fresco y seco (no frigorífico).","ean":"8428607135604"},{"full_name":"OLASAGASTI lomos de atún en aceite de oliva virgen extra de agricultura ecológica sin sal añadida frasco 145 g neto escurrido","name":"lomos de atún en aceite de oliva virgen extra de agricultura ecológica sin sal añadida frasco 145 g neto escurrido","brand":"OLASAGASTI ","img":"https://sgfm.elcorteingles.es/SGFM/dctm/MEDIA03/201709/19/00118006600763____6__600x600.jpg","price":"7,50 €","price_unit":"(19,74 € / Kilo)","categories":["Supermercado","Alimentación General","Conservas de pescado","Atún en aceite de oliva","OLASAGASTI lomos de atún en aceite de oliva virgen extra de agricultura ecológica sin sal añadida frasco 145 g neto escurrido"],"general_information":["Denominación del alimento: Lomos Atun Claro Aceite de Oliva  BIO","Nombre del operador: Conservas Dentici, S.L.","Dirección del operador: Av. Erdoza, 36 - 48270 Markina (Bizkaia)","Lugar de procedencia del alimento: Atún elaborado en España","Cantidad Neta: 190 g","Peso neto escurrido: 145 g","Otras menciones obligatorias en la etiqueta: Sin Gluten. Aporte Natural de Omega 3 de cadena larga."],"ingredients":[" Atún Claro (Thunnus Albacares), Aceite De Oliva BIO, Sal."],"conservation":" Conservar a temperatura ambiente en lugar fresco y seco. Una vez abierto conservar en refrigeración y consumir en los 4 días siguientes.","ean":"8425147513213"},{"full_name":"OLASAGASTI atún en aceite de oliva virgen extra de agricultura ecológica lata 150 g neto escurrido","name":"atún en aceite de oliva virgen extra de agricultura ecológica lata 150 g neto escurrido","brand":"OLASAGASTI ","img":"https://sgfm.elcorteingles.es/SGFM/dctm/MEDIA03/201709/19/00118006600771____6__600x600.jpg","price":"5,75 €","price_unit":"(22,55 € / Kilo)","categories":["Supermercado","Alimentación General","Conservas de pescado","Atún en aceite de oliva","OLASAGASTI atún en aceite de oliva virgen extra de agricultura ecológica lata 150 g neto escurrido"],"general_information":["Denominación del alimento: Atún Claro en Aceite de Oliva BIO","Nombre del operador: Conservas Dentici, S.L.","Dirección del operador: Av. Erdoza, 36 - 48270 Markina (Bizkaia)","Lugar de procedencia del alimento: Atún elaborado en España","Cantidad Neta: 200 g","Peso neto escurrido: 150 g","Otras menciones obligatorias en la etiqueta: Sin Gluten. Aporte Natural de Omega 3 de cadena larga."],"ingredients":[" Atún Claro (Thunnus Albacares), Aceite De Oliva BIO, Sal."],"conservation":" Conservar a temperatura ambiente en lugar fresco y seco. Una vez abierto conservar en refrigeración y consumir en los 4 días siguientes.","ean":"8425147990236"},{"full_name":"RIANXEIRA atún claro en aceite de oliva bajo en sal pack 3 lata 52 g neto escurrido","name":"atún claro en aceite de oliva bajo en sal pack 3 lata 52 g neto escurrido","brand":"RIANXEIRA ","img":"https://sgfm.elcorteingles.es/SGFM/dctm/MEDIA03/201707/14/00118006600896____1__600x600.jpg","price":"3,45 €","price_unit":"(22,12 € / Kilo)","categories":["Supermercado","Alimentación General","Conservas de pescado","Atún en aceite de oliva","RIANXEIRA atún claro en aceite de oliva bajo en sal pack 3 lata 52 g neto escurrido"],"general_information":[],"ingredients":[],"ean":"8410131015354"},{"full_name":"RIANXEIRA atún claro en aceite de oliva pack 2 lata 52 g neto escurrido","name":"atún claro en aceite de oliva pack 2 lata 52 g neto escurrido","brand":"RIANXEIRA ","img":"https://sgfm.elcorteingles.es/SGFM/dctm/MEDIA03/201707/14/00118006600888____1__600x600.jpg","price":"3,45 €","price_unit":"(22,12 € / Kilo)","categories":["Supermercado","Alimentación General","Conservas de pescado","Atún en aceite de oliva","RIANXEIRA atún claro en aceite de oliva pack 2 lata 52 g neto escurrido"],"general_information":[],"ingredients":[],"ean":"8410131012353"},{"full_name":"COSTERA atún claro en aceite oliva tarro 250 g neto escurrido","name":"atún claro en aceite oliva tarro 250 g neto escurrido","brand":"COSTERA ","img":"https://sgfm.elcorteingles.es/SGFM/00/18/2/0200106600182/0200106600182000g01011.jpg","price":"4,31 €","price_unit":"(17,24 € / Kilo)","categories":["Supermercado","Alimentación General","Conservas de pescado","Atún en aceite de oliva","COSTERA atún claro en aceite oliva tarro 250 g neto escurrido"],"general_information":["Denominación del alimento: Atún claro en Aceite de Oliva.","Nombre del operador: Conservas González Barrio S.L.","Dirección del operador: Pol. Ind. Somonte 3 s/n (33393 Gijón, Asturias).","Cantidad Neta: 225,0 g","Peso neto escurrido: 160,0 g"],"ingredients":[" Atún claro, aceite de oliva y sal. Contiene pescado."],"conservation":" Conserva esterilizada, mantener a temperatura ambiente.","ean":"8412108132231"},{"full_name":"LA CHANCA atún en aceite de oliva lata 85 g neto escurrido","name":"atún en aceite de oliva lata 85 g neto escurrido","brand":"LA CHANCA ","img":"https://sgfm.elcorteingles.es/SGFM/00/52/1/0200106600521/0200106600521000g01011.jpg","price":"2,17 €","price_unit":"(25,53 € / Kilo)","categories":["Supermercado","Alimentación General","Conservas de pescado","Atún en aceite de oliva","LA CHANCA atún en aceite de oliva lata 85 g neto escurrido"],"general_information":[],"ingredients":[],"ean":"8436008374829"},{"full_name":"LA CHANCA morrillo de atún en aceite de oliva tarro 150 g neto escurrido","name":"morrillo de atún en aceite de oliva tarro 150 g neto escurrido","brand":"LA CHANCA ","img":"https://sgfm.elcorteingles.es/SGFM/00/53/9/0200106600539/0200106600539000g01011.jpg","price":"10,72 €","price_unit":"(71,47 € / Kilo)","categories":["Supermercado","Alimentación General","Conservas de pescado","Atún en aceite de oliva","LA CHANCA morrillo de atún en aceite de oliva tarro 150 g neto escurrido"],"general_information":[],"ingredients":[],"ean":"8436008374928"},{"full_name":"LA GONDOLA filetes de atún en aceite de oliva virgen extra biológico caja 150 g","name":"filetes de atún en aceite de oliva virgen extra biológico caja 150 g","brand":"LA GONDOLA ","img":"https://sgfm.elcorteingles.es/SGFM/dctm/MEDIA03/201702/16/00118006600748____1__600x600.jpg","price":"3,59 €","price_unit":"(23,93 € / Kilo)","categories":["Supermercado","Alimentación General","Conservas de pescado","Atún en aceite de oliva","LA GONDOLA filetes de atún en aceite de oliva virgen extra biológico caja 150 g"],"general_information":[],"ingredients":[],"ean":"5602910001334"},{"full_name":"EL CORTE INGLES atún en aceite de girasol lata 650 g neto escurrido","name":"atún en aceite de girasol lata 650 g neto escurrido","brand":"EL CORTE INGLES ","img":"https://sgfm.elcorteingles.es/SGFM/dctm/MEDIA03/201703/06/00118013200573____1__600x600.jpg","price":"5,61 €","price_unit":"(8,63 € / Kilo)","categories":["Supermercado","Alimentación General","Conservas de pescado","Atún en aceite vegetal","EL CORTE INGLES atún en aceite de girasol lata 650 g neto escurrido"],"general_information":["Denominación del alimento: ATÚN  EN ACEITE DE GIRASOL","Nombre del operador: Elaborado para El Corte Inglés \npor\nFrinsa del Noroeste, S.A. \nAvda Ramiro Carregal Rey, Parc. 29 \nPol.Industrial de Xarás \n15969 Ribeira (A Coruña)\n España","Cantidad Neta: 750 g","Peso neto escurrido: 650 g"],"ingredients":[" Ingredientes: Atún  (Katsuwonus pelamis), aceite de girasol y sal."],"conservation":" Conservar en lugar fresco y seco. Una vez abierto el envase, conservar refrigerado y consumir en un plazo inferior a 2 días.","ean":"8433329069823"},{"full_name":"EL CORTE INGLES atún claro en aceite de girasol pack 6 lata 56 g neto escurrido","name":"atún claro en aceite de girasol pack 6 lata 56 g neto escurrido","brand":"EL CORTE INGLES ","img":"https://sgfm.elcorteingles.es/SGFM/dctm/MEDIA03/201612/12/00118013200557____1__600x600.jpg","price":"3,68 €","price_unit":"(10,95 € / Kilo)","categories":["Supermercado","Alimentación General","Conservas de pescado","Atún en aceite vegetal","EL CORTE INGLES atún claro en aceite de girasol pack 6 lata 56 g neto escurrido"],"general_information":["Denominación del alimento: ATÚN CLARO EN ACEITE DE GIRASOL","Nombre del operador: Elaborado para El Corte Inglés \npor\nFrinsa del Noroeste, S.A. \nAvda Ramiro Carregal Rey, Parc. 29 \nPol.Industrial de Xarás \n15969 Ribeira (A Coruña)\n España","Cantidad Neta: 480 g","Peso neto escurrido: 336 g"],"ingredients":[" Ingredientes: Atún claro (Thunnus albacares), aceite de girasol y sal."],"conservation":" Conservar en lugar fresco y seco.","ean":"8433329070669"},{"full_name":"EL CORTE INGLES atún claro en aceite de girasol pack 3 lata 56 g neto escurrido","name":"atún claro en aceite de girasol pack 3 lata 56 g neto escurrido","brand":"EL CORTE INGLES ","img":"https://sgfm.elcorteingles.es/SGFM/dctm/MEDIA03/201612/12/00118013200540____1__600x600.jpg","price":"1,88 €","price_unit":"(11,19 € / Kilo)","categories":["Supermercado","Alimentación General","Conservas de pescado","Atún en aceite vegetal","EL CORTE INGLES atún claro en aceite de girasol pack 3 lata 56 g neto escurrido"],"general_information":["Denominación del alimento: ATÚN CLARO EN ACEITE DE GIRASOL","Nombre del operador: Elaborado para El Corte Inglés \npor\nFrinsa del Noroeste, S.A. \nAvda Ramiro Carregal Rey, Parc. 29 \nPol.Industrial de Xarás \n15969 Ribeira (A Coruña)\n España","Cantidad Neta: 240 g","Peso neto escurrido: 168 g"],"ingredients":[" Ingredientes: Atún claro (Thunnus albacares), aceite de girasol y sal."],"conservation":" Conservar en lugar fresco y seco.","ean":"8433329070676"},{"full_name":"CALVO atún claro en aceite girasol pack 6 latas 52 g neto escurrido","name":"atún claro en aceite girasol pack 6 latas 52 g neto escurrido","brand":"CALVO ","img":"https://sgfm.elcorteingles.es/SGFM/dctm/MEDIA03/201704/27/00200113200067____2__600x600.jpg","price":"4,99 €","price_unit":"(15,99 € / Kilo)","categories":["Supermercado","Alimentación General","Conservas de pescado","Atún en aceite vegetal","CALVO atún claro en aceite girasol pack 6 latas 52 g neto escurrido"],"general_information":["Denominación del alimento: Atún claro en aceite de girasol","País de origen: España","Nombre del operador: Calvo Distribución Alimentaria SLU","Dirección del operador: Ctra. Coruña-Finisterre. 15106 Carballo. La Coruña","Cantidad Neta: 480 g","Peso neto escurrido: 312 g","Número de raciones por envase: 6"],"ingredients":[" atún claro, aceite de girasol y sal."],"conservation":" Una vez abierto conservar en el frigorífico y consumir en 24 horas.","ean":"8410090104311"},{"full_name":"CALVO atún claro en aceite girasol pack 3 latas 52 g neto escurrido","name":"atún claro en aceite girasol pack 3 latas 52 g neto escurrido","brand":"CALVO ","img":"https://sgfm.elcorteingles.es/SGFM/dctm/MEDIA03/201704/27/00118013200045____1__600x600.jpg","price":"2,75 €","price_unit":"(17,63 € / Kilo)","categories":["Supermercado","Alimentación General","Conservas de pescado","Atún en aceite vegetal","CALVO atún claro en aceite girasol pack 3 latas 52 g neto escurrido"],"general_information":["Denominación del alimento: Atún claro en aceite girasol","País de origen: España","Nombre del operador: Calvo Distribución Alimentaria SLU","Dirección del operador: Ctra. Coruña-Finisterre. 15106 Carballo. La Coruña","Cantidad Neta: 240 g","Peso neto escurrido: 156 g","Número de raciones por envase: 3"],"ingredients":[" atún claro, aceite de girasol y sal."],"conservation":" Una vez abierto conservar en el frigorífico y consumir en 24 horas.","ean":"8410090010636"},{"full_name":"ISABEL atún en aceite girasol lata 650 g neto escurrido","name":"atún en aceite girasol lata 650 g neto escurrido","brand":"ISABEL ","img":"https://sgfm.elcorteingles.es/SGFM/dctm/MEDIA03/201704/27/00118013200011____1__600x600.jpg","price":"7,10 €","price_unit":"(10,92 € / Kilo)","categories":["Supermercado","Alimentación General","Conservas de pescado","Atún en aceite vegetal","ISABEL atún en aceite girasol lata 650 g neto escurrido"],"general_information":["Denominación del alimento: ATÚN EN ACEITE DE GIRASOL","Nombre del operador: CONSERVAS SELECTAS DE GALICIA SL","Dirección del operador: Virxe das Mareas s/n 36980 O Grove","Cantidad Neta: 900 g","Peso neto escurrido: 600 g"],"ingredients":[" Atún, aceite de girasol y sal."],"ean":"8410111216009"},{"full_name":"ISABEL atún en aceite girasol lata 260 g neto escurrido","name":"atún en aceite girasol lata 260 g neto escurrido","brand":"ISABEL ","img":"https://sgfm.elcorteingles.es/SGFM/dctm/MEDIA03/201610/04/00118013200029____1__600x600.jpg","price":"2,00 €","price_unit":"(7,69 € / Kilo)","categories":["Supermercado","Alimentación General","Conservas de pescado","Atún en aceite vegetal","ISABEL atún en aceite girasol lata 260 g neto escurrido"],"general_information":["Denominación del alimento: ATÚN EN ACEITE DE GIRASOL","Nombre del operador: CONSERVAS SELECTAS DE GALICIA SL","Dirección del operador: Virxe das Mareas s/n 36980 O Grove","Cantidad Neta: 400 g","Peso neto escurrido: 260 g"],"ingredients":[" Atún, aceite de girasol y sal."],"ean":"8410111002893"},{"full_name":"ISABEL atún claro en aceite girasol alto oleico pack 3 latas 52 g neto escurrido","name":"atún claro en aceite girasol alto oleico pack 3 latas 52 g neto escurrido","brand":"ISABEL ","img":"https://sgfm.elcorteingles.es/SGFM/dctm/MEDIA03/201610/25/00118013200037____1__600x600.jpg","price":"2,79 €","price_unit":"(53,65 € / Kilo)","categories":["Supermercado","Alimentación General","Conservas de pescado","Atún en aceite vegetal","ISABEL atún claro en aceite girasol alto oleico pack 3 latas 52 g neto escurrido"],"general_information":["Denominación del alimento: ATÚN CLARO EN ACEITE DE GIRASOL","Nombre del operador: CONSERVAS SELECTAS DE GALICIA SL","Dirección del operador: Virxe das Mareas s/n 36980 O Grove","Cantidad Neta: 240 g","Peso neto escurrido: 156 g"],"ingredients":[" Atún claro, aceite de girasol y sal."],"ean":"8410111111205"},{"full_name":"CAMPOS atún claro en aceite de girasol pack 6 latas 52 g neto escurrido","name":"atún claro en aceite de girasol pack 6 latas 52 g neto escurrido","brand":"CAMPOS ","img":"https://sgfm.elcorteingles.es/SGFM/dctm/MEDIA02/CONTENIDOS/201506/17/00200113200554____1__600x600.jpg","price":"3,97 €","price_unit":"(12,72 € / Kilo)","categories":["Supermercado","Alimentación General","Conservas de pescado","Atún en aceite vegetal","CAMPOS atún claro en aceite de girasol pack 6 latas 52 g neto escurrido"],"general_information":[],"ingredients":[],"ean":"8410967002672"},{"full_name":"CAMPOS atún en aceite de girasol lata 650 g neto escurrido","name":"atún en aceite de girasol lata 650 g neto escurrido","brand":"CAMPOS ","img":"https://sgfm.elcorteingles.es/SGFM//00/36/7/0118013200367/0118013200367000g01011.jpg","price":"7,34 €            ","price_unit":"(9,08 € / Kilo)","categories":["Supermercado","Alimentación General","Conservas de pescado","Atún en aceite vegetal","CAMPOS atún en aceite de girasol lata 650 g neto escurrido"],"general_information":["Denominación del alimento: Conserva de atún","País de origen: España","Nombre del operador: Salica Industria Alimentaria S.A.","Dirección del operador: Pol. Landabaso s/n 48.370 Bermeo. Vizcaya. España","Cantidad Neta: 900 Mililitros","Peso neto escurrido: 650 g"],"ingredients":[" Atún (pescado), aceite de girasol y sal"],"conservation":" Mantengase en un lugar seco y fresco. Una vez abierto mantener refirgerado y consumir antes de 48 horas","ean":"8410967002511"},{"full_name":"CAMPOS atún en aceite de girasol lata 260 g neto escurrido","name":"atún en aceite de girasol lata 260 g neto escurrido","brand":"CAMPOS ","img":"https://sgfm.elcorteingles.es/SGFM/dctm/MEDIA03/201612/19/00118013200565____1__600x600.jpg","price":"3,15 €","price_unit":"(12,12 € / Kilo)","categories":["Supermercado","Alimentación General","Conservas de pescado","Atún en aceite vegetal","CAMPOS atún en aceite de girasol lata 260 g neto escurrido"],"general_information":["Denominación del alimento: Conserva de atún","País de origen: Ecuador","Nombre del operador: Salica industria alimentaria, S.A.","Dirección del operador: Pol. Landabaso s/n 48370 Bermeo. Vizcaya. España","Cantidad Neta: 400 Mililitros","Peso neto escurrido: 260 g"],"ingredients":[" Atún (pescado), aceite de girasol y sal"],"conservation":" Mantener en lugar fresco y seco. Una vez abierto, mantener refrigerado y consumir antes de 48h","ean":"8410967002788"},{"full_name":"CAMPOS atún claro en aceite girasol pack 2 lata 104 g","name":"atún claro en aceite girasol pack 2 lata 104 g","brand":"CAMPOS ","img":"https://sgfm.elcorteingles.es/SGFM/00/23/5/0118013200235/0118013200235000g01011.jpg","price":"3,63 €            ","price_unit":"(31,73 € / Kilo)","categories":["Supermercado","Alimentación General","Conservas de pescado","Atún en aceite vegetal","CAMPOS atún claro en aceite girasol pack 2 lata 104 g"],"general_information":["Denominación del alimento: Conserva de atún claro","País de origen: Ecuador","Nombre del operador: Salica Industria Alimentaria S.A.","Dirección del operador: Pol. Landabaso s/n 48.370 Bermeo. Vizcaya. España","Cantidad Neta: 160 Mililitros","Peso neto escurrido: 208 g","Número de raciones por envase: 2"],"ingredients":[" Atún claro (pescado), aceite de girasol y sal"],"conservation":" Mantengase en un lugar seco y fresco. Una vez abierto consumir hasta el final","ean":"8410967001880"},{"full_name":"PALACIO DE ORIENTE atún claro en aceite vegetal lata 143 g neto escurrido","name":"atún claro en aceite vegetal lata 143 g neto escurrido","brand":"PALACIO DE ORIENTE ","img":"https://sgfm.elcorteingles.es/SGFM/dctm/MEDIA02/CONTENIDOS/201511/23/00118013200060____1__600x600.jpg","price":"1,98 €","price_unit":"(13,85 € / Kilo)","categories":["Supermercado","Alimentación General","Conservas de pescado","Atún en aceite vegetal","PALACIO DE ORIENTE atún claro en aceite vegetal lata 143 g neto escurrido"],"general_information":["Denominación del alimento: Atún Claro en Aceite de Girasol OL-240","País de origen: España","Nombre del operador: Conservas Antonio Alonso S.A.","Dirección del operador: Carretera Vigo-Bayona, 127, Apto. 40 - 36213, Vigo","Lugar de procedencia del alimento: Zonas FAO 34/ 47/ 51/ 57/ 71/ 77/ 81/ 87","Cantidad Neta: 220 g","Peso neto escurrido: 143 g","Número de raciones por envase: 2"],"ingredients":[" Atún Claro, aceite de girasol, sal"],"conservation":" Conservar en lugar fresco y seco.","ean":"8410205032935"},{"full_name":"PALACIO DE ORIENTE atún claro en aceite vegetal lata 72 g neto escurrido","name":"atún claro en aceite vegetal lata 72 g neto escurrido","brand":"PALACIO DE ORIENTE ","img":"https://sgfm.elcorteingles.es/SGFM/dctm/MEDIA02/CONTENIDOS/201511/23/00118013200052____2__600x600.jpg","price":"1,05 €","price_unit":"(14,58 € / Kilo)","categories":["Supermercado","Alimentación General","Conservas de pescado","Atún en aceite vegetal","PALACIO DE ORIENTE atún claro en aceite vegetal lata 72 g neto escurrido"],"general_information":["Denominación del alimento: Atún Claro en Aceite de Girasol OL-120","País de origen: España","Nombre del operador: Conservas Antonio Alonso S.A.","Dirección del operador: Carretera Vigo-Bayona, 127, Apto. 40 - 36213, Vigo","Lugar de procedencia del alimento: Zonas FAO 34/ 47/ 51/ 57/ 71/ 77/ 81/ 87","Cantidad Neta: 111 g","Peso neto escurrido: 72 g","Número de raciones por envase: 1"],"ingredients":[" Atún Claro, aceite de girasol, sal"],"conservation":" Conservar en lugar fresco y seco.","ean":"8410205032362"},{"full_name":"TEJERO atún de almadraba en aceite de girasol pack 3 latas 52 g neto escurrido","name":"atún de almadraba en aceite de girasol pack 3 latas 52 g neto escurrido","brand":"TEJERO ","img":"https://sgfm.elcorteingles.es/SGFM/dctm/MEDIA02/CONTENIDOS/201410/02/00118013200391____2__600x600.jpg","price":"3,07 €","price_unit":"(59,04 € / Kilo)","categories":["Supermercado","Alimentación General","Conservas de pescado","Atún en aceite vegetal","TEJERO atún de almadraba en aceite de girasol pack 3 latas 52 g neto escurrido"],"general_information":["Denominación del alimento: Atún de Almadraba en Aceite de Girasol","País de origen: España","Nombre del operador: Unión Salazonera Isleña S.A","Dirección del operador: Polígono Industrial La Dehesa s/n. Isla Cristina (Huelva)","Cantidad Neta: 240 g","Peso neto escurrido: 156 g"],"ingredients":[" Atún, Aceite de Girasol, Sal"],"conservation":" Conservar en lugar fresco y seco. Una vez abierto mantener en refrigeración.","ean":"8411735004942"},{"full_name":"CABO DE PEÑAS atún claro en aceite vegetal pack 6 latas 52 g neto escurrido","name":"atún claro en aceite vegetal pack 6 latas 52 g neto escurrido","brand":"CABO DE PEÑAS ","img":"https://sgfm.elcorteingles.es/SGFM/00/28/4/0118013200284/0118013200284000g01011.jpg","price":"4,61 €","price_unit":"(14,78 € / Kilo)","categories":["Supermercado","Alimentación General","Conservas de pescado","Atún en aceite vegetal","CABO DE PEÑAS atún claro en aceite vegetal pack 6 latas 52 g neto escurrido"],"general_information":["Denominación del alimento: ATUN CLARO EN ACEITE DE GIRASOL","Nombre del operador: CONSERVAS DEL NOROESTE, S.A.","Dirección del operador: ACUÑA, S/N - 36141 VILABOA (PONTEVEDRA)","Cantidad Neta: 80 g","Peso neto escurrido: 52 g","Número de raciones por envase: 6","Otras menciones obligatorias en la etiqueta: Ácidos grasos Omega-3 (EPA+DHA): 470 mg por 100 g)"],"ingredients":[" Atún claro, aceite de girasol y sal"],"conservation":" Conservar en lugar fresco y seco","ean":"8411555050617"},{"full_name":"CALVO atún claro en aceite de girasol ligero pack 3 lata 56 g neto escurrido","name":"atún claro en aceite de girasol ligero pack 3 lata 56 g neto escurrido","brand":"CALVO ","img":"https://sgfm.elcorteingles.es/SGFM/dctm/MEDIA03/201606/08/00200113200604____1__600x600.jpg","price":"2,75 €","price_unit":"(16,37 € / Kilo)","categories":["Supermercado","Alimentación General","Conservas de pescado","Atún en aceite vegetal","CALVO atún claro en aceite de girasol ligero pack 3 lata 56 g neto escurrido"],"general_information":["Denominación del alimento: Atún claro Ligero con aceite de girasol","País de origen: España","Nombre del operador: Calvo Distribución Alimentaria SLU","Dirección del operador: Ctra. Coruña-Finisterre. 15106 Carballo. La Coruña","Cantidad Neta: 180 g","Peso neto escurrido: 168 g","Número de raciones por envase: 3"],"ingredients":[" atún claro, agua, aceite de girasol (5%) y sal"],"conservation":" Conservar en lugar fresco y seco. Una vez abierto, conservar en frigorífico y consumir en 24 horas.","ean":"8410090061010"},{"full_name":"CONSORCIO migas de atún claro en aceite vegetal lata 695 g neto escurrido","name":"migas de atún claro en aceite vegetal lata 695 g neto escurrido","brand":"CONSORCIO ","img":"https://sgfm.elcorteingles.es/SGFM/00/08/3/0200113200083/0200113200083000g01011.jpg","price":"6,75 €","price_unit":"(9,71 € / Kilo)","categories":["Supermercado","Alimentación General","Conservas de pescado","Atún en aceite vegetal","CONSORCIO migas de atún claro en aceite vegetal lata 695 g neto escurrido"],"general_information":["Denominación del alimento: Migas de Atún en aceite vegetal","País de origen: España","Nombre del operador: CONSORCIO ESPAÑOL CONSERVERO S.A","Dirección del operador: C/Eguilior, 1- 39740 Santoña","Cantidad Neta: 1000 g","Peso neto escurrido: 650 g"],"ingredients":[" Atún claro, aceite vegetal (girasol) y sal"],"conservation":" No requiere condiciones de conservación especiales","ean":"8410628125955"},{"full_name":"PORTOMAR atún en aceite vegetal lata 650 g neto escurrido","name":"atún en aceite vegetal lata 650 g neto escurrido","brand":"PORTOMAR ","img":"https://sgfm.elcorteingles.es/SGFM/dctm/MEDIA03/201704/06/00118013200359____1__600x600.jpg","price":"5,35 €","price_unit":"(8,23 € / Kilo)","categories":["Supermercado","Alimentación General","Conservas de pescado","Atún en aceite vegetal","PORTOMAR atún en aceite vegetal lata 650 g neto escurrido"],"general_information":[],"ingredients":[],"ean":"8436035156818"},{"full_name":"EL CORTE INGLES atún claro al natural pack 3 lata 60 g neto escurrido","name":"atún claro al natural pack 3 lata 60 g neto escurrido","brand":"EL CORTE INGLES ","img":"https://sgfm.elcorteingles.es/SGFM/dctm/MEDIA03/201703/31/00200106800212____1__600x600.jpg","price":"1,84 €","price_unit":"(10,22 € / Kilo)","categories":["Supermercado","Alimentación General","Conservas de pescado","Atún al natural","EL CORTE INGLES atún claro al natural pack 3 lata 60 g neto escurrido"],"general_information":["Denominación del alimento: ATÚN CLARO AL NATURAL","Nombre del operador: Elaborado para El Corte Inglés \npor\nFrinsa del Noroeste, S.A. \nAvda Ramiro Carregal Rey, Parc. 29 \nPol.Industrial de Xarás \n15969 Ribeira (A Coruña)\n España","Cantidad Neta: 240 g","Peso neto escurrido: 180 g"],"ingredients":[" Ingredientes: Atún claro (Thunnus albacares), agua y sal."],"conservation":" Conservar en lugar fresco y seco.","ean":"8433329070652"},{"full_name":"ISABEL atún claro al natural pack 3 latas 56 g neto escurrido","name":"atún claro al natural pack 3 latas 56 g neto escurrido","brand":"ISABEL ","img":"https://sgfm.elcorteingles.es/SGFM/dctm/MEDIA03/201710/31/00118006800033____1__600x600.jpg","price":"2,79 €","price_unit":"(49,82 € / Kilo)","categories":["Supermercado","Alimentación General","Conservas de pescado","Atún al natural","ISABEL atún claro al natural pack 3 latas 56 g neto escurrido"],"general_information":["Denominación del alimento: ATÚN CLARO AL NATURAL","Nombre del operador: CONSERVAS SELECTAS DE GALICIA SL","Dirección del operador: Virxe das Mareas s/n 36980 O Grove","Cantidad Neta: 240 g","Peso neto escurrido: 168 g"],"ingredients":[" Atún claro, agua, sal y aroma natural de apio y cebolla."],"ean":"8410111151201"},{"full_name":"ISABEL Naturfresh atún lomos tiernos seleccionados al natural pack 3 latas 73 g neto escurrido","name":"Naturfresh atún lomos tiernos seleccionados al natural pack 3 latas 73 g neto escurrido","brand":"ISABEL ","img":"https://sgfm.elcorteingles.es/SGFM/dctm/MEDIA02/CONTENIDOS/201408/20/00118006800090____1__600x600.jpg","price":"4,59 €","price_unit":"(62,88 € / Kilo)","categories":["Supermercado","Alimentación General","Conservas de pescado","Atún al natural","ISABEL Naturfresh atún lomos tiernos seleccionados al natural pack 3 latas 73 g neto escurrido"],"general_information":["Denominación del alimento: ATÚN AL NATURAL","Nombre del operador: CONSERVAS SELECTAS DE GALICIA SL","Dirección del operador: Virxe das Mareas s/n 36980 O Grove","Cantidad Neta: 276 g","Peso neto escurrido: 228 g"],"ingredients":[" Atún, agua y sal."],"ean":"8410111006150"},{"full_name":"CALVO atún claro al natural bajo en sal pack 3 latas 52 g neto escurrido","name":"atún claro al natural bajo en sal pack 3 latas 52 g neto escurrido","brand":"CALVO ","img":"https://sgfm.elcorteingles.es/SGFM/00/05/8/0118006800058/0118006800058000g01011.jpg","price":"3,40 €","price_unit":"(21,79 € / Kilo)","categories":["Supermercado","Alimentación General","Conservas de pescado","Atún al natural","CALVO atún claro al natural bajo en sal pack 3 latas 52 g neto escurrido"],"general_information":["Denominación del alimento: Atún claro al natural bajo en sal","País de origen: España","Nombre del operador: Calvo Distribución Alimentaria SLU","Dirección del operador: Ctra. Coruña-Finisterre. 15106 Carballo. La Coruña","Cantidad Neta: 240 g","Peso neto escurrido: 168 g","Número de raciones por envase: 3"],"ingredients":[" atún claro, agua y aroma natural."],"conservation":" Una vez abierto conservar en el frigorífico y consumir en 24 horas.","ean":"8410090375421"},{"full_name":"CALVO atún claro al natural pack 3 latas 56 g neto escurrido","name":"atún claro al natural pack 3 latas 56 g neto escurrido","brand":"CALVO ","img":"https://sgfm.elcorteingles.es/SGFM/dctm/MEDIA02/CONTENIDOS/201408/21/00118006800041____2__600x600.jpg","price":"2,75 €","price_unit":"(16,37 € / Kilo)","categories":["Supermercado","Alimentación General","Conservas de pescado","Atún al natural","CALVO atún claro al natural pack 3 latas 56 g neto escurrido"],"general_information":["Denominación del alimento: Atún claro al natural","País de origen: España","Nombre del operador: Calvo Distribución Alimentaria SLU","Dirección del operador: Ctra. Coruña-Finisterre. 15106 Carballo. La Coruña","Cantidad Neta: 240 g","Peso neto escurrido: 168 g","Número de raciones por envase: 3"],"ingredients":[" atún claro, agua y sal."],"conservation":" Una vez abierto conservar en el frigorífico y consumir en 24 horas.","ean":"8410090610638"},{"full_name":"CONSORCIO atún claro al natural pack 3 lata 60 g neto escurrido","name":"atún claro al natural pack 3 lata 60 g neto escurrido","brand":"CONSORCIO ","img":"https://sgfm.elcorteingles.es/SGFM/dctm/MEDIA03/201605/06/00200106800204____1__600x600.jpg","price":"4,31 €","price_unit":"(71,83 € / Kilo)","categories":["Supermercado","Alimentación General","Conservas de pescado","Atún al natural","CONSORCIO atún claro al natural pack 3 lata 60 g neto escurrido"],"general_information":["Denominación del alimento: Atún al natural","País de origen: España","Nombre del operador: CONSORCIO ESPAÑOL CONSERVERO S.A","Dirección del operador: C/Eguilior, 1- 39740 Santoña","Cantidad Neta: 255 g","Peso neto escurrido: 180 g"],"ingredients":[" Atún claro, agua y sal"],"conservation":" No requiere condiciones de conservación especiales","ean":"8410628459722"},{"full_name":"ALBO atún claro al natural pack 3 latas 65 g neto escurrido","name":"atún claro al natural pack 3 latas 65 g neto escurrido","brand":"ALBO ","img":"https://sgfm.elcorteingles.es/SGFM/dctm/MEDIA02/CONTENIDOS/201408/21/00118006800025____2__600x600.jpg","price":"5,90 €","price_unit":"(90,77 € / Kilo)","categories":["Supermercado","Alimentación General","Conservas de pescado","Atún al natural","ALBO atún claro al natural pack 3 latas 65 g neto escurrido"],"general_information":["Denominación del alimento: Atún claro al natural","Nombre del operador: HIJOS DE CARLOS ALBO S.L.","Dirección del operador: Rúa Jacinto Benavente, 41, 36208 Vigo, Pontevedra ESPAÑA","Cantidad Neta: 276 g","Peso neto escurrido: 0.195 Kilogramos"],"ingredients":[" Atún claro, agua y sal."],"ean":"8410032002866"},{"full_name":"CONSORCIO atún claro al natural tarro 135 g neto escurrido","name":"atún claro al natural tarro 135 g neto escurrido","brand":"CONSORCIO ","img":"https://sgfm.elcorteingles.es/SGFM/dctm/MEDIA02/CONTENIDOS/201410/16/00118006800157____1__600x600.jpg","price":"3,80 €","price_unit":"(28,15 € / Kilo)","categories":["Supermercado","Alimentación General","Conservas de pescado","Atún al natural","CONSORCIO atún claro al natural tarro 135 g neto escurrido"],"general_information":["Denominación del alimento: Atún al natural","País de origen: España","Nombre del operador: CONSORCIO ESPAÑOL CONSERVERO S.A","Dirección del operador: C/Eguilior, 1- 39740 Santoña","Cantidad Neta: 190 g","Peso neto escurrido: 135 g"],"ingredients":[" Atún claro, agua y sal"],"conservation":" No requiere condiciones de conservación especiales","ean":"8410628459395"},{"full_name":"CAMPOS atún claro al natural lata 112 g neto escurrido","name":"atún claro al natural lata 112 g neto escurrido","brand":"CAMPOS ","img":"https://sgfm.elcorteingles.es/SGFM/dctm/MEDIA02/CONTENIDOS/201510/19/00118006800124____3__600x600.jpg","price":"2,18 €","price_unit":"(19,46 € / Kilo)","categories":["Supermercado","Alimentación General","Conservas de pescado","Atún al natural","CAMPOS atún claro al natural lata 112 g neto escurrido"],"general_information":["Denominación del alimento: Conserva de atún claro","País de origen: Ecuador","Nombre del operador: Salica Industria Alimentaria S.A.","Dirección del operador: Pol. Landabaso s/n 48.370 Bermeo. Vizcaya. España","Cantidad Neta: 160 Mililitros","Peso neto escurrido: 112 g"],"ingredients":[" Atún Claro (pescado), agua y sal"],"conservation":" Mantengase en un lugar seco y fresco. Una vez abierto consumir hasta el final","ean":"8410967002214"},{"full_name":"CAMPOS atún claro al natural pack 3 lata 56 g neto escurrido","name":"atún claro al natural pack 3 lata 56 g neto escurrido","brand":"CAMPOS ","img":"https://sgfm.elcorteingles.es/SGFM/dctm/MEDIA02/CONTENIDOS/201410/14/00118006800140____1__600x600.jpg","price":"2,79 €","price_unit":"(16,61 € / Kilo)","categories":["Supermercado","Alimentación General","Conservas de pescado","Atún al natural","CAMPOS atún claro al natural pack 3 lata 56 g neto escurrido"],"general_information":["Denominación del alimento: Conserva de atún claro","País de origen: España","Nombre del operador: Salica Industria Alimentaria S.A.","Dirección del operador: Pol. Landabaso s/n 48.370 Bermeo. Vizcaya. España","Cantidad Neta: 255 Mililitros","Peso neto escurrido: 168 g","Número de raciones por envase: 3"],"ingredients":[" Atún Claro (pescado), agua y sal"],"conservation":" Mantengase en un lugar seco y fresco. Una vez abierto consumir hasta el final","ean":"8410967100002"},{"full_name":"JOHN WEST atún al natural lata 140 g","name":"atún al natural lata 140 g","brand":"JOHN WEST ","img":"https://sgfm.elcorteingles.es/SGFM/00/09/7/0200106800097/0200106800097000g01011.jpg","price":"2,82 €","price_unit":"(20,14 € / Kilo)","categories":["Supermercado","Alimentación General","Conservas de pescado","Atún al natural","JOHN WEST atún al natural lata 140 g"],"general_information":[],"ingredients":[],"ean":"5000171056030"},{"full_name":"EL CORTE INGLES atún claro en escabeche pack 3 lata 52 g neto escurrido","name":"atún claro en escabeche pack 3 lata 52 g neto escurrido","brand":"EL CORTE INGLES ","img":"https://sgfm.elcorteingles.es/SGFM/dctm/MEDIA03/201702/02/00200106100142____1__600x600.jpg","price":"1,81 €","price_unit":"(11,60 € / Kilo)","categories":["Supermercado","Alimentación General","Conservas de pescado","Atún en escabeche","EL CORTE INGLES atún claro en escabeche pack 3 lata 52 g neto escurrido"],"general_information":["Denominación del alimento: ATÚN CLARO EN ESCABECHE","Nombre del operador: Elaborado para El Corte Inglés \npor\nFrinsa del Noroeste, S.A. \nAvda Ramiro Carregal Rey, Parc. 29 \nPol.Industrial de Xarás \n15969 Ribeira (A Coruña)\n España","Cantidad Neta: 240 g","Peso neto escurrido: 180 g"],"ingredients":[" Ingredientes: Atún claro (Thunnus albacares), vinagre de vino, aceite de girasol y sal."],"conservation":" Conservar en lugar fresco y seco.","ean":"8433329070638"},{"full_name":"ISABEL atún claro en escabeche lata 1170 g neto escurrido","name":"atún claro en escabeche lata 1170 g neto escurrido","brand":"ISABEL ","img":"https://sgfm.elcorteingles.es/SGFM/00/05/0/0200106100050/0200106100050000g01011.jpg","price":"14,77 €","price_unit":"(12,62 € / Kilo)","categories":["Supermercado","Alimentación General","Conservas de pescado","Atún en escabeche","ISABEL atún claro en escabeche lata 1170 g neto escurrido"],"general_information":["Denominación del alimento: ATÚN CLARO EN ESCABECHE","Nombre del operador: CONSERVAS SELECTAS DE GALICIA SL","Dirección del operador: Virxe das Mareas s/n 36980 O Grove","Cantidad Neta: 1800 g","Peso neto escurrido: 1170 g"],"ingredients":[" Atún claro, vinagre, aceite de girasol y sal."],"ean":"8410111126209"},{"full_name":"ISABEL atún claro en escabeche pack 3 latas 52 g neto escurrido","name":"atún claro en escabeche pack 3 latas 52 g neto escurrido","brand":"ISABEL ","img":"https://sgfm.elcorteingles.es/SGFM/dctm/MEDIA03/201710/31/00118006100053____1__600x600.jpg","price":"3,07 €","price_unit":"(59,04 € / Kilo)","categories":["Supermercado","Alimentación General","Conservas de pescado","Atún en escabeche","ISABEL atún claro en escabeche pack 3 latas 52 g neto escurrido"],"general_information":["Denominación del alimento: ATÚN CLARO EN ESCABECHE","Nombre del operador: CONSERVAS SELECTAS DE GALICIA SL","Dirección del operador: Virxe das Mareas s/n 36980 O Grove","Cantidad Neta: 240 g","Peso neto escurrido: 156 g"],"ingredients":[" Atún claro, vinagre, aceite de girasol y sal."],"ean":"8410111121204"},{"full_name":"ALBO atún claro en escabeche pack 3 latas 67 g neto escurrido","name":"atún claro en escabeche pack 3 latas 67 g neto escurrido","brand":"ALBO ","img":"https://sgfm.elcorteingles.es/SGFM/00/03/8/0118006100038/0118006100038000g01011.jpg","price":"5,90 €","price_unit":"(88,06 € / Kilo)","categories":["Supermercado","Alimentación General","Conservas de pescado","Atún en escabeche","ALBO atún claro en escabeche pack 3 latas 67 g neto escurrido"],"general_information":["Denominación del alimento: Atún claro en escabeche","Nombre del operador: HIJOS DE CARLOS ALBO S.L.","Dirección del operador: Rúa Jacinto Benavente, 41, 36208 Vigo, Pontevedra ESPAÑA","Cantidad Neta: 276 g","Peso neto escurrido: 0.201 Kilogramos"],"ingredients":[" Atún claro, vinagre de vino, aceite de girasol y sal."],"ean":"8410032002996"},{"full_name":"ALBO atún claro en escabeche lata 82 g neto escurrido","name":"atún claro en escabeche lata 82 g neto escurrido","brand":"ALBO ","img":"https://sgfm.elcorteingles.es/SGFM/00/04/6/0118006100046/0118006100046000g01011.jpg","price":"2,91 €","price_unit":"(35,49 € / Kilo)","categories":["Supermercado","Alimentación General","Conservas de pescado","Atún en escabeche","ALBO atún claro en escabeche lata 82 g neto escurrido"],"general_information":["Denominación del alimento: Atún claro en escabeche","Nombre del operador: HIJOS DE CARLOS ALBO S.L.","Dirección del operador: Rúa Jacinto Benavente, 41, 36208 Vigo, Pontevedra ESPAÑA","Cantidad Neta: 112 g","Peso neto escurrido: 0.082 Kilogramos"],"ingredients":[" Atún claro, vinagre de vino, aceite de girasol y sal."],"ean":"8410032003160"},{"full_name":"CALVO atún claro en escabeche pack 3 latas 52 g neto escurrido","name":"atún claro en escabeche pack 3 latas 52 g neto escurrido","brand":"CALVO ","img":"https://sgfm.elcorteingles.es/SGFM/00/09/5/0118006100095/0118006100095000g01011.jpg","price":"2,75 €","price_unit":"(52,88 € / Kilo)","categories":["Supermercado","Alimentación General","Conservas de pescado","Atún en escabeche","CALVO atún claro en escabeche pack 3 latas 52 g neto escurrido"],"general_information":["Denominación del alimento: Atún claro en escabeche","País de origen: España","Nombre del operador: Calvo Distribución Alimentaria SLU","Dirección del operador: Ctra. Coruña-Finisterre. 15106 Carballo. La Coruña","Cantidad Neta: 240 g","Peso neto escurrido: 156 g","Número de raciones por envase: 3"],"ingredients":[" atún claro, aceite de girasol, vinagre y sal."],"conservation":" Una vez abierto conservar en el frigorífico y consumir en 24 horas.","ean":"8410090110633"},{"full_name":"CAMPOS atún claro en escabeche lata 104 g neto escurrido","name":"atún claro en escabeche lata 104 g neto escurrido","brand":"CAMPOS ","img":"https://sgfm.elcorteingles.es/SGFM/dctm/MEDIA02/CONTENIDOS/201510/19/00118006100103____2__600x600.jpg","price":"2,54 €","price_unit":"(24,42 € / Kilo)","categories":["Supermercado","Alimentación General","Conservas de pescado","Atún en escabeche","CAMPOS atún claro en escabeche lata 104 g neto escurrido"],"general_information":["Denominación del alimento: Conserva de Atún Claro en escabeche","País de origen: España","Nombre del operador: Salica Industria Alimentaria S.A.","Dirección del operador: Pol. Landabaso s/n 48.370 Bermeo. Vizcaya. España","Cantidad Neta: 160 Mililitros","Peso neto escurrido: 104 g"],"ingredients":[" Atún claro (pescado), vinagre de vino, aceite de girasol, especias y sal"],"conservation":" Mantengase en un lugar seco y fresco. Una vez abierto consumir hasta el final","ean":"8410967002481"},{"full_name":"CUCA atún claro en escabeche pack 3 latas 67 g neto escurrido","name":"atún claro en escabeche pack 3 latas 67 g neto escurrido","brand":"CUCA ","img":"https://sgfm.elcorteingles.es/SGFM/00/02/0/0118006100020/0118006100020000g01011.jpg","price":"5,43 €","price_unit":"(81,04 € / Kilo)","categories":["Supermercado","Alimentación General","Conservas de pescado","Atún en escabeche","CUCA atún claro en escabeche pack 3 latas 67 g neto escurrido"],"general_information":["Denominación del alimento: ATÚN CLARO EN ESCABECHE","Nombre del operador: CONSERVAS SELECTAS DE GALICIA SL","Dirección del operador: Virxe das Mareas s/n 36980 O Grove","Cantidad Neta: 276 g","Peso neto escurrido: 201 g"],"ingredients":[" Atún claro, aceite vegetal, vinagre y sal."],"ean":"8410698049144"},{"full_name":"EL CORTE INGLES atún claro en tomate pack 3 lata 52 g neto escurrido","name":"atún claro en tomate pack 3 lata 52 g neto escurrido","brand":"EL CORTE INGLES ","img":"https://sgfm.elcorteingles.es/SGFM/dctm/MEDIA03/201702/13/00118013600087____1__600x600.jpg","price":"2,00 €","price_unit":"(12,82 € / Kilo)","categories":["Supermercado","Alimentación General","Conservas de pescado","Atunes diversos","EL CORTE INGLES atún claro en tomate pack 3 lata 52 g neto escurrido"],"general_information":[],"ingredients":[],"ean":"8433329070645"},{"full_name":"ALBO atún claro en tomate pack 3 latas 67 g neto escurrido","name":"atún claro en tomate pack 3 latas 67 g neto escurrido","brand":"ALBO ","img":"https://sgfm.elcorteingles.es/SGFM/00/03/8/0118013600038/0118013600038000g01011.jpg","price":"5,90 €","price_unit":"(88,06 € / Kilo)","categories":["Supermercado","Alimentación General","Conservas de pescado","Atunes diversos","ALBO atún claro en tomate pack 3 latas 67 g neto escurrido"],"general_information":["Denominación del alimento: Atún claro en tomate","Nombre del operador: HIJOS DE CARLOS ALBO S.L.","Dirección del operador: Rúa Jacinto Benavente, 41, 36208 Vigo, Pontevedra ESPAÑA","Cantidad Neta: 276 g","Peso neto escurrido: 0.201 Kilogramos"],"ingredients":[" Atún claro, aceite de girasol, tomate, cebolla, jarabe de glucosa, azúcar, almidón de patata, sal y potenciador de sabor: glutamato de sodio."],"ean":"8410032003054"},{"full_name":"ALBO atún claro en tomate lata 82 g neto escurrido","name":"atún claro en tomate lata 82 g neto escurrido","brand":"ALBO ","img":"https://sgfm.elcorteingles.es/SGFM/dctm/MEDIA02/CONTENIDOS/201409/29/00118013600020____2__600x600.jpg","price":"3,01 €","price_unit":"(36,71 € / Kilo)","categories":["Supermercado","Alimentación General","Conservas de pescado","Atunes diversos","ALBO atún claro en tomate lata 82 g neto escurrido"],"general_information":["Denominación del alimento: Atún claro en tomate","Nombre del operador: HIJOS DE CARLOS ALBO S.L.","Dirección del operador: Rúa Jacinto Benavente, 41, 36208 Vigo, Pontevedra ESPAÑA","Cantidad Neta: 112 g","Peso neto escurrido: 0.082 Kilogramos"],"ingredients":[" Atún claro, aceite de girasol, tomate, cebolla, jarabe de glucosa, azúcar, almidón de patata, sal y potenciador de sabor: glutamato de sodio."],"ean":"8410032003153"},{"full_name":"ALBO atún claro en salsa picantona lata 82 g neto escurrido","name":"atún claro en salsa picantona lata 82 g neto escurrido","brand":"ALBO ","img":"https://sgfm.elcorteingles.es/SGFM/00/01/2/0118013600012/0118013600012000g01011.jpg","price":"3,01 €","price_unit":"(36,71 € / Kilo)","categories":["Supermercado","Alimentación General","Conservas de pescado","Atunes diversos","ALBO atún claro en salsa picantona lata 82 g neto escurrido"],"general_information":["Denominación del alimento: Atún claro en salsa picantona","Nombre del operador: HIJOS DE CARLOS ALBO S.L.","Dirección del operador: Rúa Jacinto Benavente, 41, 36208 Vigo, Pontevedra ESPAÑA","Cantidad Neta: 112 g","Peso neto escurrido: 0.082 Kilogramos"],"ingredients":[" Atún claro, aceite de girasol, tomate, cebolla, especias y sal."],"ean":"8410032003085"},{"full_name":"DON BOCARTE atún rojo salvaje en aceite de oliva lata 90 g","name":"atún rojo salvaje en aceite de oliva lata 90 g","brand":"DON BOCARTE ","img":"https://sgfm.elcorteingles.es/SGFM/dctm/MEDIA03/201611/21/00118013600061____1__600x600.jpg","price":"7,90 €","price_unit":"(87,78 € / Kilo)","categories":["Supermercado","Alimentación General","Conservas de pescado","Atunes diversos","DON BOCARTE atún rojo salvaje en aceite de oliva lata 90 g"],"general_information":[],"ingredients":[],"ean":"8436534811003"},{"full_name":"EL CORTE INGLES ventresca de atún en aceite de oliva lata 73 g neto escurrido","name":"ventresca de atún en aceite de oliva lata 73 g neto escurrido","brand":"EL CORTE INGLES ","img":"https://sgfm.elcorteingles.es/SGFM/dctm/MEDIA03/201611/22/00200106200306____2__600x600.jpg","price":"2,15 €","price_unit":"(29,45 € / Kilo)","categories":["Supermercado","Alimentación General","Conservas de pescado","Ventresca de atún","EL CORTE INGLES ventresca de atún en aceite de oliva lata 73 g neto escurrido"],"general_information":["Denominación del alimento: VENTRESCA DE ATÚN CLARO EN ACEITE DE OLIVA","Nombre del operador: Elaborado para El Corte Inglés \npor\nFrinsa del Noroeste, S.A. \nAvda Ramiro Carregal Rey, Parc. 29 \nPol.Industrial de Xarás \n15969 Ribeira (A Coruña)\n España","Cantidad Neta: 111 g","Peso neto escurrido: 73 g"],"ingredients":[" Ingredientes: Atún claro (Thunnus albacares), aceite de oliva y sal."],"conservation":" Conservar en lugar fresco y seco.","ean":"8433329070683"},{"full_name":"ESCURIS ventresca de atún claro en aceite de oliva lata 78 g neto escurrido","name":"ventresca de atún claro en aceite de oliva lata 78 g neto escurrido","brand":"ESCURIS ","img":"https://sgfm.elcorteingles.es/SGFM/00/06/9/0118006200069/0118006200069000g01011.jpg","price":"5,20 €            ","price_unit":"(60,26 € / Kilo)","categories":["Supermercado","Alimentación General","Conservas de pescado","Ventresca de atún","ESCURIS ventresca de atún claro en aceite de oliva lata 78 g neto escurrido"],"general_information":["Denominación del alimento: Ventresca de Atún Claro Aceite Oliva","Nombre del operador: ESCURIS, S.L.","Dirección del operador: C/ Bayuca, s/n 15940 Puebla del Caramiñal ( A Coruña) España","Cantidad Neta: 111 g","Peso neto escurrido: 78 g"],"ingredients":[" Ventresca de atún claro, aceite de Oliva (28%), y sal."],"ean":"8410124100715"},{"full_name":"CAMPOS ventresca de atún claro en aceite de oliva lata 73 g neto escurrido","name":"ventresca de atún claro en aceite de oliva lata 73 g neto escurrido","brand":"CAMPOS ","img":"https://sgfm.elcorteingles.es/SGFM/dctm/MEDIA02/CONTENIDOS/201506/18/00200106200231____1__600x600.jpg","price":"4,73 €            ","price_unit":"(61,64 € / Kilo)","categories":["Supermercado","Alimentación General","Conservas de pescado","Ventresca de atún","CAMPOS ventresca de atún claro en aceite de oliva lata 73 g neto escurrido"],"general_information":["Denominación del alimento: Conserva de ventresca de Atún Claro","País de origen: Ecuador","Nombre del operador: Salica Industria Alimentaria S.A.","Dirección del operador: Pol. Landabaso s/n 48.370 Bermeo. Vizcaya. España","Cantidad Neta: 120 Mililitros","Peso neto escurrido: 73 g"],"ingredients":[" Atún claro (pescado), aceite de oliva y sal"],"conservation":" Mantengase en un lugar seco y fresco. Una vez abierto consumir hasta el final","ean":"8410673182200"},{"full_name":"EL NAVEGANTE ventresca de atún claro en aceite de oliva lata 81 g neto escurrido","name":"ventresca de atún claro en aceite de oliva lata 81 g neto escurrido","brand":"EL NAVEGANTE ","img":"https://sgfm.elcorteingles.es/SGFM/00/26/7/0118006200267/0118006200267000g01011.jpg","price":"2,75 €","price_unit":"(33,95 € / Kilo)","categories":["Supermercado","Alimentación General","Conservas de pescado","Ventresca de atún","EL NAVEGANTE ventresca de atún claro en aceite de oliva lata 81 g neto escurrido"],"general_information":["Denominación del alimento: Ventresca de atún claro en aceite de oliva","Nombre del operador: Conservas Portomar, S.L.","Dirección del operador: Pol. Ind. del Pousadoiro parcela 2-3, 36617 Vilagarcía de Arousa, Pontevedra.","Cantidad Neta: 115 g","Peso neto escurrido: 75 g"],"ingredients":[" Ventresca de atún claro, aceite de oliva y sal."],"conservation":" Conservar en lugar seco y fresco. Una vez abierto conservar refrigerado. Se recomienda consumir en el día de su apertura.","ean":"8436035156085"},{"full_name":"PORTOMAR SERIE NAUTICA ventresca de atún claro en aceite de oliva lata 81 g","name":"ventresca de atún claro en aceite de oliva lata 81 g","brand":"PORTOMAR SERIE NAUTICA ","img":"https://sgfm.elcorteingles.es/SGFM/00/19/2/0118006200192/0118006200192000g01011.jpg","price":"3,25 €","price_unit":"(43,33 € / Kilo)","categories":["Supermercado","Alimentación General","Conservas de pescado","Ventresca de atún","PORTOMAR SERIE NAUTICA ventresca de atún claro en aceite de oliva lata 81 g"],"general_information":["Denominación del alimento: Ventresca de atún claro en aceite de oliva","Nombre del operador: Conservas Portomar, S.L.","Dirección del operador: Pol. Ind. del Pousadoiro parcela 2-3, 36617 Vilagarcía de Arousa, Pontevedra.","Cantidad Neta: 115 g","Peso neto escurrido: 75 g"],"ingredients":[" Ventresca de atún claro, aceite de oliva y sal."],"conservation":" Conservar en lugar seco y fresco. Una vez abierto conservar refrigerado. Se recomienda consumir en el día de su apertura.","ean":"8436035156382"},{"full_name":"PORTOMAR SERIE NAUTICA ventresca de atún claro en salsa de perdiz lata 72 g neto escurrido","name":"ventresca de atún claro en salsa de perdiz lata 72 g neto escurrido","brand":"PORTOMAR SERIE NAUTICA ","img":"https://sgfm.elcorteingles.es/SGFM/dctm/MEDIA02/CONTENIDOS/201511/19/00118006200374____1__600x600.jpg","price":"3,25 €","price_unit":"(45,14 € / Kilo)","categories":["Supermercado","Alimentación General","Conservas de pescado","Ventresca de atún","PORTOMAR SERIE NAUTICA ventresca de atún claro en salsa de perdiz lata 72 g neto escurrido"],"general_information":[],"ingredients":[],"ean":"8436035156740"},{"full_name":"LO BUENO ventresca de atún claro en aceite de oliva lata 80 g neto escurrido","name":"ventresca de atún claro en aceite de oliva lata 80 g neto escurrido","brand":"LO BUENO ","img":"https://sgfm.elcorteingles.es/SGFM/00/28/3/0118006200283/0118006200283000g01011.jpg","price":"6,52 €","price_unit":"(81,50 € / Kilo)","categories":["Supermercado","Alimentación General","Conservas de pescado","Ventresca de atún","LO BUENO ventresca de atún claro en aceite de oliva lata 80 g neto escurrido"],"general_information":["Denominación del alimento: Ventresca de Atún Claro en aceite de oliva","Nombre del operador: Luis Escuris Batalla S.L.","Dirección del operador: Polígono de la Tomada, parcela 37. 15940 - Pobra do Caramiñal (A Coruña) ? España","Cantidad Neta: 120 g","Peso neto escurrido: 80 g"],"ingredients":[" Ventresca de atún Claro (Thunnus Albacares, Thunnus obesus), aceite de oliva y sal."],"conservation":" Se recomienda almacenar en lugar fresco y seco (no frigorífico).","ean":"8428607130500"},{"full_name":"LA CHANCA ventresca de atún en aceite de oliva lata 85 g neto escurrido","name":"ventresca de atún en aceite de oliva lata 85 g neto escurrido","brand":"LA CHANCA ","img":"https://sgfm.elcorteingles.es/SGFM/00/25/6/0200106200256/0200106200256000g01011.jpg","price":"5,18 €","price_unit":"(60,94 € / Kilo)","categories":["Supermercado","Alimentación General","Conservas de pescado","Ventresca de atún","LA CHANCA ventresca de atún en aceite de oliva lata 85 g neto escurrido"],"general_information":[],"ingredients":[],"ean":"8436008374836"},{"full_name":"EL CORTE INGLES bonito del norte en aceite de oliva frasco 260 g neto escurrido","name":"bonito del norte en aceite de oliva frasco 260 g neto escurrido","brand":"EL CORTE INGLES ","img":"https://sgfm.elcorteingles.es/SGFM/dctm/MEDIA02/CONTENIDOS/201412/10/00118012701159____2__600x600.jpg","price":"8,91 €","price_unit":"(34,27 € / Kilo)","categories":["Supermercado","Alimentación General","Conservas de pescado","Bonito en aceite","EL CORTE INGLES bonito del norte en aceite de oliva frasco 260 g neto escurrido"],"general_information":["Denominación del alimento: Bonito del Norte en aceite de oliva","Nombre del operador: Elaborado para El Corte Ingles \npor Conservas Cusumano, S.A. \nPol. Ind. Lamiaran Aranburu Parc. 1B \n48360 Mundaka (Vizcaya)","Cantidad Neta: 400 g","Peso neto escurrido: 260 g"],"ingredients":[" Ingredientes: Bonito del Norte (Thunnus alalunga), aceite de oliva y sal."],"conservation":" Conservar en lugar fresco y seco. Una vez abierto conservar entre 0 y 4º y consumir antes de 48h.","ean":"8433329050142"},{"full_name":"EL CORTE INGLES bonito del norte en aceite de oliva frasco 160 g neto escurrido","name":"bonito del norte en aceite de oliva frasco 160 g neto escurrido","brand":"EL CORTE INGLES ","img":"https://sgfm.elcorteingles.es/SGFM/dctm/MEDIA02/CONTENIDOS/201412/10/00118012701142____2__600x600.jpg","price":"5,87 €","price_unit":"(36,69 € / Kilo)","categories":["Supermercado","Alimentación General","Conservas de pescado","Bonito en aceite","EL CORTE INGLES bonito del norte en aceite de oliva frasco 160 g neto escurrido"],"general_information":["Denominación del alimento: Bonito del Norte en aceite de oliva","Nombre del operador: Elaborado para El Corte Ingles \npor Conservas Cusumano, S.A. \nPol. Ind. Lamiaran Aranburu Parc. 1B \n48360 Mundaka (Vizcaya)","Cantidad Neta: 225 g","Peso neto escurrido: 160 g"],"ingredients":[" Ingredientes: Bonito del Norte (Thunnus alalunga), aceite de oliva y sal."],"conservation":" Conservar en lugar fresco y seco. Una vez abierto conservar entre 0 y 4º y consumir antes de 48h.","ean":"8433329050135"},{"full_name":"EL CORTE INGLES bonito del norte en aceite de oliva lata 73 g neto escurrido","name":"bonito del norte en aceite de oliva lata 73 g neto escurrido","brand":"EL CORTE INGLES ","img":"https://sgfm.elcorteingles.es/SGFM/dctm/MEDIA03/201701/16/00118012701381____1__600x600.jpg","price":"1,62 €","price_unit":"(22,19 € / Kilo)","categories":["Supermercado","Alimentación General","Conservas de pescado","Bonito en aceite","EL CORTE INGLES bonito del norte en aceite de oliva lata 73 g neto escurrido"],"general_information":["Denominación del alimento: Bonito del Norte en aceite de oliva","Nombre del operador: Elaborado para El Corte Inglés \npor\nFrinsa del Noroeste, S.A. \nAvda Ramiro Carregal Rey, Parc. 29 \nPol.Industrial de Xarás \n15969 Ribeira (A Coruña)\n España","Cantidad Neta: 111 g","Peso neto escurrido: 73 g"],"ingredients":[" Ingredientes: Bonito del Norte (Thunnus alalunga), aceite de oliva y sal."],"conservation":" Conservar en lugar fresco y seco.","ean":"8433329070690"},{"full_name":"ORTIZ bonito del norte en aceite de oliva lata 480 g neto escurrido","name":"bonito del norte en aceite de oliva lata 480 g neto escurrido","brand":"ORTIZ ","img":"https://sgfm.elcorteingles.es/SGFM/dctm/MEDIA03/201611/04/00200112701248____1__600x600.jpg","price":"16,90 €","price_unit":"(35,21 € / Kilo)","categories":["Supermercado","Alimentación General","Conservas de pescado","Bonito en aceite","ORTIZ bonito del norte en aceite de oliva lata 480 g neto escurrido"],"general_information":[],"ingredients":[],"ean":"8411320231708"},{"full_name":"ORTIZ bonito del norte en aceite de oliva virgen extra frasco 140 g neto escurrido","name":"bonito del norte en aceite de oliva virgen extra frasco 140 g neto escurrido","brand":"ORTIZ ","img":"https://sgfm.elcorteingles.es/SGFM/00/20/1/0118012700201/0118012700201000g01011.jpg","price":"7,98 €","price_unit":"(57 € / Kilo)","categories":["Supermercado","Alimentación General","Conservas de pescado","Bonito en aceite","ORTIZ bonito del norte en aceite de oliva virgen extra frasco 140 g neto escurrido"],"general_information":["Denominación del alimento: BONITO DEL NORTE EN ACEITE DE OLIVA","Nombre del operador: CONSERVAS ORTIZ S.A.","Dirección del operador: BASUSTA BIDEA 15 - 20750 ZUMAIA - GUIPÚZCOA - ESPAÑA","Cantidad Neta: 220 g","Peso neto escurrido: 150 g"],"ingredients":[" *Bonito del Norte, aceite de oliva y sal"],"ean":"8411320282953"},{"full_name":"ORTIZ bonito del norte en aceite de oliva en lomos tarro 260 g neto escurrido","name":"bonito del norte en aceite de oliva en lomos tarro 260 g neto escurrido","brand":"ORTIZ ","img":"https://sgfm.elcorteingles.es/SGFM/00/21/6/0200112700216/0200112700216000g01011.jpg","price":"11,44 €","price_unit":"(44 € / Kilo)","categories":["Supermercado","Alimentación General","Conservas de pescado","Bonito en aceite","ORTIZ bonito del norte en aceite de oliva en lomos tarro 260 g neto escurrido"],"general_information":["Denominación del alimento: BONITO DEL NORTE EN ACEITE DE OLIVA","Nombre del operador: CONSERVAS ORTIZ S.A.","Dirección del operador: BASUSTA BIDEA 15 - 20750 ZUMAIA - GUIPÚZCOA - ESPAÑA","Cantidad Neta: 400 g","Peso neto escurrido: 260 g"],"ingredients":[" *Bonito del Norte, aceite de oliva y sal"],"ean":"8411320282830"},{"full_name":"ORTIZ bonito del norte en aceite de oliva frasco 150 g neto escurrido","name":"bonito del norte en aceite de oliva frasco 150 g neto escurrido","brand":"ORTIZ ","img":"https://sgfm.elcorteingles.es/SGFM/01/09/2/0118012701092/0118012701092000g01011.jpg","price":"7,09 €","price_unit":"(47,27 € / Kilo)","categories":["Supermercado","Alimentación General","Conservas de pescado","Bonito en aceite","ORTIZ bonito del norte en aceite de oliva frasco 150 g neto escurrido"],"general_information":["Denominación del alimento: BONITO DEL NORTE EN ACEITE DE OLIVA","Nombre del operador: CONSERVAS ORTIZ S.A.","Dirección del operador: BASUSTA BIDEA 15 - 20750 ZUMAIA - GUIPÚZCOA - ESPAÑA","Cantidad Neta: 220 g","Peso neto escurrido: 150 g"],"ingredients":[" *Bonito del Norte, aceite de oliva y sal"],"ean":"8411320282984"},{"full_name":"ORTIZ bonito del norte en aceite de oliva lata 175 g neto escurrido","name":"bonito del norte en aceite de oliva lata 175 g neto escurrido","brand":"ORTIZ ","img":"https://sgfm.elcorteingles.es/SGFM/00/09/4/0118012700094/0118012700094000g01011.jpg","price":"7,15 €            ","price_unit":"(38,57 € / Kilo)","categories":["Supermercado","Alimentación General","Conservas de pescado","Bonito en aceite","ORTIZ bonito del norte en aceite de oliva lata 175 g neto escurrido"],"general_information":["Denominación del alimento: BONITO DEL NORTE EN ACEITE DE OLIVA","Nombre del operador: CONSERVAS ORTIZ S.A.","Dirección del operador: BASUSTA BIDEA 15 - 20750 ZUMAIA - GUIPÚZCOA - ESPAÑA","Cantidad Neta: 250 g","Peso neto escurrido: 175 g"],"ingredients":[" *Bonito del Norte (Thunnus alalunga), aceite de oliva y sal"],"ean":"8411320232903"},{"full_name":"ORTIZ bonito del norte en aceite de oliva lata 82 g neto escurrido","name":"bonito del norte en aceite de oliva lata 82 g neto escurrido","brand":"ORTIZ ","img":"https://sgfm.elcorteingles.es/SGFM/dctm/MEDIA02/CONTENIDOS/201502/03/00118012700086____3__600x600.jpg","price":"2,85 €","price_unit":"(34,76 € / Kilo)","categories":["Supermercado","Alimentación General","Conservas de pescado","Bonito en aceite","ORTIZ bonito del norte en aceite de oliva lata 82 g neto escurrido"],"general_information":["Denominación del alimento: BONITO DEL NORTE EN ACEITE DE OLIVA","Nombre del operador: CONSERVAS ORTIZ S.A.","Dirección del operador: BASUSTA BIDEA 15 - 20750 ZUMAIA - GUIPÚZCOA - ESPAÑA","Cantidad Neta: 112 g","Peso neto escurrido: 82 g"],"ingredients":[" *Bonito del Norte, aceite de oliva y sal"],"ean":"8411320234006"},{"full_name":"ORTIZ bonito del norte en aceite de oliva bajo en sal lata 82 g neto escurrido","name":"bonito del norte en aceite de oliva bajo en sal lata 82 g neto escurrido","brand":"ORTIZ ","img":"https://sgfm.elcorteingles.es/SGFM/00/49/0/0118012700490/0118012700490000g01011.jpg","price":"2,82 €","price_unit":"(34,39 € / Kilo)","categories":["Supermercado","Alimentación General","Conservas de pescado","Bonito en aceite","ORTIZ bonito del norte en aceite de oliva bajo en sal lata 82 g neto escurrido"],"general_information":["Denominación del alimento: BONITO DEL NORTE EN ACEITE DE OLIVA BAJO EN SAL","Nombre del operador: CONSERVAS ORTIZ S.A.","Dirección del operador: BASUSTA BIDEA 15 - 20750 ZUMAIA - GUIPÚZCOA - ESPAÑA","Cantidad Neta: 112 g","Peso neto escurrido: 82 g"],"ingredients":[" *Bonito del Norte, aceite de oliva"],"ean":"8411320234037"},{"full_name":"ORTIZ bonito del norte en aceite de oliva ecológico lata 82 g neto escurrido","name":"bonito del norte en aceite de oliva ecológico lata 82 g neto escurrido","brand":"ORTIZ ","img":"https://sgfm.elcorteingles.es/SGFM/01/04/3/0118012701043/0118012701043000g01011.jpg","price":"4,47 €","price_unit":"(54,51 € / Kilo)","categories":["Supermercado","Alimentación General","Conservas de pescado","Bonito en aceite","ORTIZ bonito del norte en aceite de oliva ecológico lata 82 g neto escurrido"],"general_information":["Denominación del alimento: BONITO DEL NORTE EN ACEITE DE OLIVA ECOLÓGICO","Nombre del operador: CONSERVAS ORTIZ S.A.","Dirección del operador: BASUSTA BIDEA 15 - 20750 ZUMAIA - GUIPÚZCOA - ESPAÑA","Cantidad Neta: 112 g","Peso neto escurrido: 82 g"],"ingredients":[" *Bonito del Norte, aceite de oliva virgen extra ecológico y sal"],"ean":"8411320236000"},{"full_name":"ALBO bonito del norte en aceite de oliva pack 3 latas 67 g neto escurrido","name":"bonito del norte en aceite de oliva pack 3 latas 67 g neto escurrido","brand":"ALBO ","img":"https://sgfm.elcorteingles.es/SGFM/00/15/1/0118012700151/0118012700151000g01011.jpg","price":"9,69 €","price_unit":"(144,63 € / Kilo)","categories":["Supermercado","Alimentación General","Conservas de pescado","Bonito en aceite","ALBO bonito del norte en aceite de oliva pack 3 latas 67 g neto escurrido"],"general_information":["Denominación del alimento: Bonito del norte en aceite de oliva","Nombre del operador: HIJOS DE CARLOS ALBO S.L.","Dirección del operador: Rúa Jacinto Benavente, 41, 36208 Vigo, Pontevedra ESPAÑA","Cantidad Neta: 276 g","Peso neto escurrido: 0.201 Kilogramos"],"ingredients":[" Bonito del norte (Atún blanco), aceite de oliva y sal."],"ean":"8410032002187"},{"full_name":"ALBO bonito del norte en aceite de oliva frasco 260 g neto escurrido","name":"bonito del norte en aceite de oliva frasco 260 g neto escurrido","brand":"ALBO ","img":"https://sgfm.elcorteingles.es/SGFM/dctm/MEDIA03/201602/29/00118012701241____2__600x600.jpg","price":"9,68 €            ","price_unit":"(35,19 € / Kilo)","categories":["Supermercado","Alimentación General","Conservas de pescado","Bonito en aceite","ALBO bonito del norte en aceite de oliva frasco 260 g neto escurrido"],"general_information":[],"ingredients":[],"ean":"8410032002392"},{"full_name":"ALBO bonito del norte en aceite de oliva lata 167 g neto escurrido","name":"bonito del norte en aceite de oliva lata 167 g neto escurrido","brand":"ALBO ","img":"https://sgfm.elcorteingles.es/SGFM/00/14/4/0118012700144/0118012700144000g01011.jpg","price":"5,66 €","price_unit":"(33,89 € / Kilo)","categories":["Supermercado","Alimentación General","Conservas de pescado","Bonito en aceite","ALBO bonito del norte en aceite de oliva lata 167 g neto escurrido"],"general_information":["Denominación del alimento: Bonito del norte en aceite de oliva","Nombre del operador: HIJOS DE CARLOS ALBO S.L.","Dirección del operador: Rúa Jacinto Benavente, 41, 36208 Vigo, Pontevedra ESPAÑA","Cantidad Neta: 228 g","Peso neto escurrido: 0.167 Kilogramos"],"ingredients":[" Bonito del norte (Atún blanco), aceite de oliva y sal."],"ean":"8410032002286"},{"full_name":"ALBO bonito del norte en aceite de oliva lata 82 g neto escurrido","name":"bonito del norte en aceite de oliva lata 82 g neto escurrido","brand":"ALBO ","img":"https://sgfm.elcorteingles.es/SGFM/00/11/0/0118012700110/0118012700110000g01011.jpg","price":"3,16 €            ","price_unit":"(36,46 € / Kilo)","categories":["Supermercado","Alimentación General","Conservas de pescado","Bonito en aceite","ALBO bonito del norte en aceite de oliva lata 82 g neto escurrido"],"general_information":["Denominación del alimento: Bonito del norte en aceite de oliva","Nombre del operador: HIJOS DE CARLOS ALBO S.L.","Dirección del operador: Rúa Jacinto Benavente, 41, 36208 Vigo, Pontevedra ESPAÑA","Cantidad Neta: 112 g","Peso neto escurrido: 0.082 Kilogramos"],"ingredients":[" Bonito del norte (Atún blanco), aceite de oliva y sal."],"ean":"8410032002279"},{"full_name":"ALBO bonito del norte en aceite de oliva virgen extra lata 82 g neto escurrido","name":"bonito del norte en aceite de oliva virgen extra lata 82 g neto escurrido","brand":"ALBO ","img":"https://sgfm.elcorteingles.es/SGFM/00/10/2/0118012700102/0118012700102000g01011.jpg","price":"2,99 €","price_unit":"(36,46 € / Kilo)","categories":["Supermercado","Alimentación General","Conservas de pescado","Bonito en aceite","ALBO bonito del norte en aceite de oliva virgen extra lata 82 g neto escurrido"],"general_information":["Denominación del alimento: Bonito del norte en aceite de oliva","Nombre del operador: HIJOS DE CARLOS ALBO S.L.","Dirección del operador: Rúa Jacinto Benavente, 41, 36208 Vigo, Pontevedra ESPAÑA","Cantidad Neta: 112 g","Peso neto escurrido: 0.082 Kilogramos"],"ingredients":[" Bonito del norte (Atún blanco), aceite de oliva virgen extra y sal."],"ean":"8410032002255"},{"full_name":"ALBO bonito del norte en aceite de oliva bajo en sal lata 82 g neto escurrido","name":"bonito del norte en aceite de oliva bajo en sal lata 82 g neto escurrido","brand":"ALBO ","img":"https://sgfm.elcorteingles.es/SGFM/00/47/4/0118012700474/0118012700474000g01011.jpg","price":"2,99 €","price_unit":"(36,46 € / Kilo)","categories":["Supermercado","Alimentación General","Conservas de pescado","Bonito en aceite","ALBO bonito del norte en aceite de oliva bajo en sal lata 82 g neto escurrido"],"general_information":["Denominación del alimento: Bonito bajo en sal en oliva","Nombre del operador: HIJOS DE CARLOS ALBO S.L.","Dirección del operador: Rúa Jacinto Benavente, 41, 36208 Vigo, Pontevedra ESPAÑA","Cantidad Neta: 112 g","Peso neto escurrido: 0.082 Kilogramos"],"ingredients":[" Bonito del norte (Atún blanco) y aceite de oliva."],"ean":"8410032002378"},{"full_name":"PALACIO DE ORIENTE bonito del norte en aceite de oliva virgen lata 82 g neto escurrido","name":"bonito del norte en aceite de oliva virgen lata 82 g neto escurrido","brand":"PALACIO DE ORIENTE ","img":"https://sgfm.elcorteingles.es/SGFM/dctm/MEDIA02/CONTENIDOS/201511/23/00118012700250____1__600x600.jpg","price":"1,94 €","price_unit":"(23,66 € / Kilo)","categories":["Supermercado","Alimentación General","Conservas de pescado","Bonito en aceite","PALACIO DE ORIENTE bonito del norte en aceite de oliva virgen lata 82 g neto escurrido"],"general_information":["Denominación del alimento: Bonito del Norte en aceite de Oliva Virgen Extra OL120","País de origen: España","Nombre del operador: Conservas Antonio Alonso S.A.","Dirección del operador: Carretera Vigo-Bayona, 127, Apto. 40 - 36213, Vigo","Lugar de procedencia del alimento: Zonas FAO 27/ 47/ 81","Cantidad Neta: 115 g","Peso neto escurrido: 82 g","Número de raciones por envase: 1"],"ingredients":[" Bonito del Norte, aceite de oliva virgen extra, sal"],"conservation":" Conservar en lugar fresco y seco.","ean":"8410205022400"},{"full_name":"PALACIO DE ORIENTE bonito del norte en aceite de oliva lata 82 g neto escurrido","name":"bonito del norte en aceite de oliva lata 82 g neto escurrido","brand":"PALACIO DE ORIENTE ","img":"https://sgfm.elcorteingles.es/SGFM/dctm/MEDIA02/CONTENIDOS/201511/23/00118012700243____1__600x600.jpg","price":"1,87 €","price_unit":"(22,80 € / Kilo)","categories":["Supermercado","Alimentación General","Conservas de pescado","Bonito en aceite","PALACIO DE ORIENTE bonito del norte en aceite de oliva lata 82 g neto escurrido"],"general_information":["Denominación del alimento: Bonito del Norte en aceite de Oliva  OL120","País de origen: España","Nombre del operador: Conservas Antonio Alonso S.A.","Dirección del operador: Carretera Vigo-Bayona, 127, Apto. 40 - 36213, Vigo","Lugar de procedencia del alimento: Zonas FAO 27/ 47/ 81","Cantidad Neta: 115 g","Peso neto escurrido: 82 g","Número de raciones por envase: 1"],"ingredients":[" Bonito del Norte, aceite de oliva, sal"],"conservation":" Conservar en lugar fresco y seco. Una vez abierto, mantener en refrigeración y consumir en las 48 horas siguientes.","ean":"8410205022042"},{"full_name":"PALACIO DE ORIENTE bonito del Norte en aceite de oliva tarro 260 g neto escurrido","name":"bonito del Norte en aceite de oliva tarro 260 g neto escurrido","brand":"PALACIO DE ORIENTE ","img":"https://sgfm.elcorteingles.es/SGFM/dctm/MEDIA02/CONTENIDOS/201412/10/00118012700953____1__600x600.jpg","price":"8,10 €","price_unit":"(31,15 € / Kilo)","categories":["Supermercado","Alimentación General","Conservas de pescado","Bonito en aceite","PALACIO DE ORIENTE bonito del Norte en aceite de oliva tarro 260 g neto escurrido"],"general_information":["Denominación del alimento: Bonito del Norte en aceite de Oliva RO450","País de origen: España","Nombre del operador: Conservas Antonio Alonso S.A.","Dirección del operador: Carretera Vigo-Bayona, 127, Apto. 40 - 36213, Vigo","Lugar de procedencia del alimento: Zonas FAO 27/ 47/ 81","Cantidad Neta: 400,0 g","Peso neto escurrido: 260,0 g","Número de raciones por envase: 4"],"ingredients":[" Bonito del Norte, aceite de oliva, sal"],"conservation":" Conservar en lugar fresco y seco.","ean":"8410205027108"},{"full_name":"PALACIO DE ORIENTE bonito en aceite de oliva lata 150 g neto escurrido","name":"bonito en aceite de oliva lata 150 g neto escurrido","brand":"PALACIO DE ORIENTE ","img":"https://sgfm.elcorteingles.es/SGFM/dctm/MEDIA02/CONTENIDOS/201511/23/00118012700599____2__600x600.jpg","price":"3,41 €","price_unit":"(22 € / Kilo)","categories":["Supermercado","Alimentación General","Conservas de pescado","Bonito en aceite","PALACIO DE ORIENTE bonito en aceite de oliva lata 150 g neto escurrido"],"general_information":["Denominación del alimento: Bonito del Norte en aceite de Oliva OL240","País de origen: España","Nombre del operador: Conservas Antonio Alonso S.A.","Dirección del operador: Carretera Vigo-Bayona, 127, Apto. 40 - 36213, Vigo","Lugar de procedencia del alimento: Zonas FAO 27/ 47/ 81","Cantidad Neta: 230 g","Peso neto escurrido: 155 g","Número de raciones por envase: 2"],"ingredients":[" Bonito del Norte, aceite de oliva, sal"],"conservation":" Conservar en lugar fresco y seco.","ean":"8410205025272"},{"full_name":"PALACIO DE ORIENTE bonito en aceite de oliva bajo en sal lata 78 g","name":"bonito en aceite de oliva bajo en sal lata 78 g","brand":"PALACIO DE ORIENTE ","img":"https://sgfm.elcorteingles.es/SGFM/dctm/MEDIA02/CONTENIDOS/201511/23/00118012700581____2__600x600.jpg","price":"1,99 €","price_unit":"(27,64 € / Kilo)","categories":["Supermercado","Alimentación General","Conservas de pescado","Bonito en aceite","PALACIO DE ORIENTE bonito en aceite de oliva bajo en sal lata 78 g"],"general_information":["Denominación del alimento: Bonito del Norte en aceite de Oliva Bajo en Sal OL120","País de origen: España","Nombre del operador: Conservas Antonio Alonso S.A.","Dirección del operador: Carretera Vigo-Bayona, 127, Apto. 40 - 36213, Vigo","Lugar de procedencia del alimento: Zonas FAO 27/ 47/ 81","Cantidad Neta: 111 g","Peso neto escurrido: 72 g","Número de raciones por envase: 1"],"ingredients":[" Bonito del Norte, aceite de oliva"],"conservation":" Conservar en lugar fresco y seco.","ean":"8410205021557"},{"full_name":"CONSORCIO lote de bonito del norte en aceite de oliva pack 3 latas 82 g neto escurrido","name":"lote de bonito del norte en aceite de oliva pack 3 latas 82 g neto escurrido","brand":"CONSORCIO ","img":"https://sgfm.elcorteingles.es/SGFM/dctm/MEDIA02/CONTENIDOS/201411/18/00118012701191____1__600x600.jpg","price":"7,45 €","price_unit":"(30,28 € / Kilo)","categories":["Supermercado","Alimentación General","Conservas de pescado","Bonito en aceite","CONSORCIO lote de bonito del norte en aceite de oliva pack 3 latas 82 g neto escurrido"],"general_information":["Denominación del alimento: Bonito en aceite de oliva","País de origen: España","Nombre del operador: CONSORCIO ESPAÑOL CONSERVERO S.A","Dirección del operador: C/Eguilior, 1- 39740 Santoña","Cantidad Neta: 240 g","Peso neto escurrido: 330 g"],"ingredients":[" Atún blanco, aceite de oliva y sal"],"conservation":" No requiere condiciones de conservación especiales","ean":"8410628459401"},{"full_name":"CONSORCIO bonito del norte en aceite de oliva tarro 260 g neto escurrido","name":"bonito del norte en aceite de oliva tarro 260 g neto escurrido","brand":"CONSORCIO ","img":"https://sgfm.elcorteingles.es/SGFM/00/71/4/0118012700714/0118012700714000g01011.jpg","price":"8,50 €","price_unit":"(32,69 € / Kilo)","categories":["Supermercado","Alimentación General","Conservas de pescado","Bonito en aceite","CONSORCIO bonito del norte en aceite de oliva tarro 260 g neto escurrido"],"general_information":["Denominación del alimento: Bonito en aceite de oliva","País de origen: España","Nombre del operador: CONSORCIO ESPAÑOL CONSERVERO S.A","Dirección del operador: C/Eguilior, 1- 39740 Santoña","Cantidad Neta: 400 g","Peso neto escurrido: 260 g"],"ingredients":[" Bonito del norte, aceite de oliva y sal"],"conservation":" No requiere condiciones de conservación especiales","ean":"8410628010930"},{"full_name":"CONSORCIO bonito del norte en aceite de oliva frasco 150 g neto escurrido","name":"bonito del norte en aceite de oliva frasco 150 g neto escurrido","brand":"CONSORCIO ","img":"https://sgfm.elcorteingles.es/SGFM/00/29/2/0118012700292/0118012700292000g01011.jpg","price":"7,06 €            ","price_unit":"(26,60 € / Kilo)","categories":["Supermercado","Alimentación General","Conservas de pescado","Bonito en aceite","CONSORCIO bonito del norte en aceite de oliva frasco 150 g neto escurrido"],"general_information":["Denominación del alimento: Bonito en aceite de oliva","País de origen: España","Nombre del operador: CONSORCIO ESPAÑOL CONSERVERO S.A","Dirección del operador: C/Eguilior, 1- 39740 Santoña","Cantidad Neta: 220 g","Peso neto escurrido: 150 g"],"ingredients":[" Bonito del norte, aceite de oliva y sal"],"conservation":" No requiere condiciones de conservación especiales","ean":"8410628010435"},{"full_name":"CONSORCIO bonito del norte en aceite de oliva lata 80 g neto escurrido","name":"bonito del norte en aceite de oliva lata 80 g neto escurrido","brand":"CONSORCIO ","img":"https://sgfm.elcorteingles.es/SGFM/00/28/4/0118012700284/0118012700284000g01011.jpg","price":"2,42 €            ","price_unit":"(28,62 € / Kilo)","categories":["Supermercado","Alimentación General","Conservas de pescado","Bonito en aceite","CONSORCIO bonito del norte en aceite de oliva lata 80 g neto escurrido"],"general_information":["Denominación del alimento: Bonito en aceite de oliva","País de origen: España","Nombre del operador: CONSORCIO ESPAÑOL CONSERVERO S.A","Dirección del operador: C/Eguilior, 1- 39740 Santoña","Cantidad Neta: 110 g","Peso neto escurrido: 80 g"],"ingredients":[" Bonito del norte, aceite de oliva y sal"],"conservation":" No requiere condiciones de conservación especiales","ean":"8410628011234"},{"full_name":"CAMPOS bonito del norte en aceite de oliva frasco 260 g","name":"bonito del norte en aceite de oliva frasco 260 g","brand":"CAMPOS ","img":"https://sgfm.elcorteingles.es/SGFM/dctm/MEDIA02/CONTENIDOS/201506/22/00118012700763____1__600x600.jpg","price":"9,30 €","price_unit":"(35,77 € / Kilo)","categories":["Supermercado","Alimentación General","Conservas de pescado","Bonito en aceite","CAMPOS bonito del norte en aceite de oliva frasco 260 g"],"general_information":["Denominación del alimento: Conserva de Bonito del Norte","País de origen: España","Nombre del operador: Salica Industria Alimentaria S.A.","Dirección del operador: Pol. Landabaso s/n 48.370 Bermeo. Vizcaya. España","Cantidad Neta: 450 Mililitros","Peso neto escurrido: 260 g"],"ingredients":[" Bonito del Norte (pescado), aceite de oliva y sal"],"conservation":" Mantengase en un lugar seco y fresco. Una vez abierto mantener refirgerado y consumir antes de 48 horas","ean":"8410673003062"},{"full_name":"CAMPOS bonito del norte en aceite de oliva lata 81 g neto escurrido","name":"bonito del norte en aceite de oliva lata 81 g neto escurrido","brand":"CAMPOS ","img":"https://sgfm.elcorteingles.es/SGFM/dctm/MEDIA02/CONTENIDOS/201506/22/00118012700375____2__600x600.jpg","price":"2,99 €","price_unit":"(36,91 € / Kilo)","categories":["Supermercado","Alimentación General","Conservas de pescado","Bonito en aceite","CAMPOS bonito del norte en aceite de oliva lata 81 g neto escurrido"],"general_information":["Denominación del alimento: Bonito del norte en aceite de oliva OL120 CAMPOS","País de origen: España","Nombre del operador: SALICA INDUSTRIA ALIMENTARIA, S.A.","Dirección del operador: POL. IND. LANDABASO S/N 48370 BERMEO VIZCAYA","Cantidad Neta: 115 g","Peso neto escurrido: 82 g"],"ingredients":[" Bonito del norte (pescado), aceite de oliva, sal."],"ean":"8410967080205"},{"full_name":"CAMPOS bonito del norte en aceite oliva lata 104 g","name":"bonito del norte en aceite oliva lata 104 g","brand":"CAMPOS ","img":"https://sgfm.elcorteingles.es/SGFM/01/02/7/0118012701027/0118012701027000g01011.jpg","price":"3,34 €","price_unit":"(32,12 € / Kilo)","categories":["Supermercado","Alimentación General","Conservas de pescado","Bonito en aceite","CAMPOS bonito del norte en aceite oliva lata 104 g"],"general_information":["Denominación del alimento: Conserva de Bonito del Norte","País de origen: España","Nombre del operador: Salica Industria Alimentaria S.A.","Dirección del operador: Pol. Landabaso s/n 48.370 Bermeo. Vizcaya. España","Cantidad Neta: 160 Mililitros","Peso neto escurrido: 104 g"],"ingredients":[" Bonito del Norte (pescado), aceite de oliva y sal"],"conservation":" Mantengase en un lugar seco y fresco. Una vez abierto consumir hasta el final","ean":"8410967002177"},{"full_name":"MASSO bonito del norte en aceite de oliva lata 175 g","name":"bonito del norte en aceite de oliva lata 175 g","brand":"MASSO ","img":"https://sgfm.elcorteingles.es/SGFM/dctm/MEDIA02/CONTENIDOS/201410/02/00118012700565____1__600x600.jpg","price":"6,59 €","price_unit":"(37,66 € / Kilo)","categories":["Supermercado","Alimentación General","Conservas de pescado","Bonito en aceite","MASSO bonito del norte en aceite de oliva lata 175 g"],"general_information":["Denominación del alimento: BONITO DEL NORTE EN ACEITE DE OLIVA","Nombre del operador: CONSERVAS SELECTAS DE GALICIA SL","Dirección del operador: Virxe das Mareas s/n 36980 O Grove","Cantidad Neta: 228 g","Peso neto escurrido: 167 g"],"ingredients":[" Bonito del norte, aceite de olivay sal."],"ean":"8410698042442"},{"full_name":"MASSO bonito del norte en aceite de oliva lata 81 g neto escurrido","name":"bonito del norte en aceite de oliva lata 81 g neto escurrido","brand":"MASSO ","img":"https://sgfm.elcorteingles.es/SGFM/dctm/MEDIA02/CONTENIDOS/201410/02/00118012700011____1__600x600.jpg","price":"3,12 €","price_unit":"(38,52 € / Kilo)","categories":["Supermercado","Alimentación General","Conservas de pescado","Bonito en aceite","MASSO bonito del norte en aceite de oliva lata 81 g neto escurrido"],"general_information":["Denominación del alimento: BONITO DEL NORTE EN ACEITE DE OLIVA","Nombre del operador: CONSERVAS SELECTAS DE GALICIA SL","Dirección del operador: Virxe das Mareas s/n 36980 O Grove","Cantidad Neta: 112 g","Peso neto escurrido: 82 g"],"ingredients":[" Bonito del norte, aceite de olivay sal."],"ean":"8410698042961"},{"full_name":"MASSO bonito del norte en aceite de oliva pack 2 latas 50 g neto escurrido","name":"bonito del norte en aceite de oliva pack 2 latas 50 g neto escurrido","brand":"MASSO ","img":"https://sgfm.elcorteingles.es/SGFM/dctm/MEDIA02/CONTENIDOS/201410/02/00118012700482____1__600x600.jpg","price":"3,86 €","price_unit":"(77,20 € / Kilo)","categories":["Supermercado","Alimentación General","Conservas de pescado","Bonito en aceite","MASSO bonito del norte en aceite de oliva pack 2 latas 50 g neto escurrido"],"general_information":["Denominación del alimento: BONITO DEL NORTE EN ACEITE DE OLIVA","Nombre del operador: CONSERVAS SELECTAS DE GALICIA SL","Dirección del operador: Virxe das Mareas s/n 36980 O Grove","Cantidad Neta: 130 g","Peso neto escurrido: 100 g"],"ingredients":[" Bonito del norte, aceite de olivay sal."],"ean":"8410698042534"},{"full_name":"ARROYABE bonito del norte en aceite de oliva elaborado a mano frasco 150 g","name":"bonito del norte en aceite de oliva elaborado a mano frasco 150 g","brand":"ARROYABE ","img":"https://sgfm.elcorteingles.es/SGFM/00/85/4/0118012700854/0118012700854000g01011.jpg","price":"4,90 €","price_unit":"(32,67 € / Kilo)","categories":["Supermercado","Alimentación General","Conservas de pescado","Bonito en aceite","ARROYABE bonito del norte en aceite de oliva elaborado a mano frasco 150 g"],"general_information":["Denominación del alimento: Bonito del norte en aceite de oliva","País de origen: España","Nombre del operador: Conservas La Gaviota S.L.","Dirección del operador: Pol. Industrial Landabaso, Fase 2 - Parcela 9.3. 48370 Bermeo (Vizcaya)","Cantidad Neta: 227 g","Peso neto escurrido: 150 g"],"ingredients":[" Bonito del norte (65%-70%), aceite de oliva (30%-35%) y sal (< 0,50%)"],"conservation":" Abrir y consumir en un máximo de 4 días, manteniéndolo entre 0°c Y 7°c una vez abierto.","ean":"8411911226298"},{"full_name":"ARROYABE bonito del norte en aceite de oliva bajo en sal frasco 150 g neto escurrido","name":"bonito del norte en aceite de oliva bajo en sal frasco 150 g neto escurrido","brand":"ARROYABE ","img":"https://sgfm.elcorteingles.es/SGFM/00/87/0/0118012700870/0118012700870000g01011.jpg","price":"4,90 €","price_unit":"(32,67 € / Kilo)","categories":["Supermercado","Alimentación General","Conservas de pescado","Bonito en aceite","ARROYABE bonito del norte en aceite de oliva bajo en sal frasco 150 g neto escurrido"],"general_information":["Denominación del alimento: Bonito del norte en aceite de oliva","País de origen: España","Nombre del operador: Conservas La Gaviota S.L.","Dirección del operador: Pol. Industrial Landabaso, Fase 2 - Parcela 9.3. 48370 Bermeo (Vizcaya)","Cantidad Neta: 227 g","Peso neto escurrido: 150 g"],"ingredients":[" Bonito del norte (66%), aceite de oliva (34%)"],"conservation":" Abrir y consumir en un máximo de 4 días, manteniéndolo entre 0° y 7°C una vez abierto.","ean":"8411911222214"},{"full_name":"ARROYABE bonito del norte en aceite de oliva elaborado a mano frasco 260 g neto escurrido","name":"bonito del norte en aceite de oliva elaborado a mano frasco 260 g neto escurrido","brand":"ARROYABE ","img":"https://sgfm.elcorteingles.es/SGFM/00/86/2/0118012700862/0118012700862000g01011.jpg","price":"8,32 €","price_unit":"(32 € / Kilo)","categories":["Supermercado","Alimentación General","Conservas de pescado","Bonito en aceite","ARROYABE bonito del norte en aceite de oliva elaborado a mano frasco 260 g neto escurrido"],"general_information":["Denominación del alimento: Bonito del norte en aceite de oliva","País de origen: España","Nombre del operador: Conservas La Gaviota S.L.","Dirección del operador: Pol. Industrial Landabaso, Fase 2 - Parcela 9.3. 48370 Bermeo (Vizcaya)","Cantidad Neta: 400 g","Peso neto escurrido: 260 g"],"ingredients":[" Bonito del norte (65%-70%), aceite de oliva (30%-35%) y sal (< 0,50%)"],"conservation":" Abrir y consumir en un máximo de 4 días, manteniéndolo entre 0°c Y 7°c una vez abierto.","ean":"8411911225253"},{"full_name":"CONSORCIO bonito en migas en aceite vegetal lata 695 g neto escurrido","name":"bonito en migas en aceite vegetal lata 695 g neto escurrido","brand":"CONSORCIO ","img":"https://sgfm.elcorteingles.es/SGFM/00/34/9/0200112700349/0200112700349000g01011.jpg","price":"6,59 €","price_unit":"(9,48 € / Kilo)","categories":["Supermercado","Alimentación General","Conservas de pescado","Bonito en aceite","CONSORCIO bonito en migas en aceite vegetal lata 695 g neto escurrido"],"general_information":["Denominación del alimento: Migas de bonito en aceite vegetal","País de origen: España","Nombre del operador: CONSORCIO ESPAÑOL CONSERVERO S.A","Dirección del operador: C/Eguilior ,1 -39740 Santoña España","Cantidad Neta: 1000 g","Peso neto escurrido: 650 g"],"ingredients":[" Migas de Bonito del Norte, aceite de girasol y sal."],"ean":"8410628125931"},{"full_name":"LOLIN bonito del norte en aceite de oliva tarro 270 g neto escurrido","name":"bonito del norte en aceite de oliva tarro 270 g neto escurrido","brand":"LOLIN ","img":"https://sgfm.elcorteingles.es/SGFM/dctm/MEDIA02/CONTENIDOS/201512/09/00118012701068____1__600x600.jpg","price":"8,95 €","price_unit":"(33,15 € / Kilo)","categories":["Supermercado","Alimentación General","Conservas de pescado","Bonito en aceite","LOLIN bonito del norte en aceite de oliva tarro 270 g neto escurrido"],"general_information":[],"ingredients":[],"ean":"8421357116220"},{"full_name":"OLASAGASTI lomos de bonito del norte del mar Cantábrico en aceite de oliva tarro 150 g","name":"lomos de bonito del norte del mar Cantábrico en aceite de oliva tarro 150 g","brand":"OLASAGASTI ","img":"https://sgfm.elcorteingles.es/SGFM/00/07/1/0118036200071/0118036200071000g01011.jpg","price":"5,50 €            ","price_unit":"(33 € / Kilo)","categories":["Supermercado","Alimentación General","Conservas de pescado","Bonito en aceite","OLASAGASTI lomos de bonito del norte del mar Cantábrico en aceite de oliva tarro 150 g"],"general_information":["Denominación del alimento: Lomos Bonito Del Norte Aceite de Oliva","Nombre del operador: Conservas Dentici, S.L.","Dirección del operador: Av. Erdoza, 36 - 48270 Markina (Bizkaia)","Lugar de procedencia del alimento: Bonito del Cantábrico del País Vasco","Cantidad Neta: 190 g","Peso neto escurrido: 145 g","Otras menciones obligatorias en la etiqueta: Sin Gluten."],"ingredients":[" Bonito Del Norte (Thunnus Alalunga), Aceite De Oliva, Sal."],"conservation":" Conservar a temperatura ambiente en lugar fresco y seco. Una vez abierto conservar en refrigeración y consumir en un plazo de 3 días.","ean":"8425147013041"},{"full_name":"OLASAGASTI bonito del norte en aceite de oliva lata 205 g","name":"bonito del norte en aceite de oliva lata 205 g","brand":"OLASAGASTI ","img":"https://sgfm.elcorteingles.es/SGFM/00/66/4/0118012700664/0118012700664000g01011.jpg","price":"5,30 €            ","price_unit":"(23,17 € / Kilo)","categories":["Supermercado","Alimentación General","Conservas de pescado","Bonito en aceite","OLASAGASTI bonito del norte en aceite de oliva lata 205 g"],"general_information":["Denominación del alimento: Bonito Del Norte Norte Aceite Oliva","Nombre del operador: Conservas Dentici, S.L.","Dirección del operador: Av. Erdoza, 36 - 48270 Markina (Bizkaia)","Lugar de procedencia del alimento: Bonito del Cantábrico del País Vasco","Cantidad Neta: 270 g","Peso neto escurrido: 205 g","Otras menciones obligatorias en la etiqueta: Sin Gluten. Aporte Natural de Omega 3 de cadena larga."],"ingredients":[" Bonito Del Norte (Thunnus Alalunga), Aceite De Oliva, Sal."],"conservation":" Conservar a temperatura ambiente en lugar fresco y seco. Una vez abierto conservar en refrigeración y consumir en un plazo de 3 días.","ean":"8425147012341"},{"full_name":"OLASAGASTI bonito del norte tronco entero en aceite de oliva lata 81 g","name":"bonito del norte tronco entero en aceite de oliva lata 81 g","brand":"OLASAGASTI ","img":"https://sgfm.elcorteingles.es/SGFM/dctm/MEDIA02/CONTENIDOS/201410/02/00118012700656____1__600x600.jpg","price":"2,75 €            ","price_unit":"(28,40 € / Kilo)","categories":["Supermercado","Alimentación General","Conservas de pescado","Bonito en aceite","OLASAGASTI bonito del norte tronco entero en aceite de oliva lata 81 g"],"general_information":["Denominación del alimento: Bonito Del Norte Norte Aceite Oliva","Nombre del operador: Conservas Dentici, S.L.","Dirección del operador: Av. Erdoza, 36 - 48270 Markina (Bizkaia)","Lugar de procedencia del alimento: Bonito del Cantábrico del País Vasco","Cantidad Neta: 120 g","Peso neto escurrido: 81 g","Otras menciones obligatorias en la etiqueta: Sin Gluten. Aporte Natural de Omega 3 de cadena larga."],"ingredients":[" Bonito Del Norte (Thunnus Alalunga), Aceite De Oliva, Sal."],"conservation":" Conservar a temperatura ambiente en lugar fresco y seco. Una vez abierto conservar en refrigeración y consumir en un plazo de 3 días.","ean":"8425147012365"},{"full_name":"ESCURIS bonito del norte costera en aceite de oliva lata 81 g neto escurrido","name":"bonito del norte costera en aceite de oliva lata 81 g neto escurrido","brand":"ESCURIS ","img":"https://sgfm.elcorteingles.es/SGFM/dctm/MEDIA02/CONTENIDOS/201412/10/00118012700466____1__600x600.jpg","price":"4,24 €","price_unit":"(52,35 € / Kilo)","categories":["Supermercado","Alimentación General","Conservas de pescado","Bonito en aceite","ESCURIS bonito del norte costera en aceite de oliva lata 81 g neto escurrido"],"general_information":["Denominación del alimento: BONITO DEL NORTE EN ACEITE DE OLIVA","Nombre del operador: ESCURIS, S.L.","Dirección del operador: C/ Bayuca, s/n 15940 Puebla del Caramiñal ( A Coruña) España","Cantidad Neta: 111 g","Peso neto escurrido: 81 g"],"ingredients":[" Bonito del Norte (Atún Blanco -Thunnus alalunga), aceite de Oliva y sal."],"ean":"8410124807508"},{"full_name":"COSTERA bonito en aceite de oliva frasco 160 g neto escurrido","name":"bonito en aceite de oliva frasco 160 g neto escurrido","brand":"COSTERA ","img":"https://sgfm.elcorteingles.es/SGFM/00/62/3/0118012700623/0118012700623000g01011.jpg","price":"6,55 €","price_unit":"(43,67 € / Kilo)","categories":["Supermercado","Alimentación General","Conservas de pescado","Bonito en aceite","COSTERA bonito en aceite de oliva frasco 160 g neto escurrido"],"general_information":["Denominación del alimento: Bonito del Norte en Aceite de Oliva.","Nombre del operador: Conservas González Barrio S.L.","Dirección del operador: Pol. Ind. Somonte 3 s/n (33393 Gijón, Asturias).","Cantidad Neta: 225,0 g","Peso neto escurrido: 160,0 g"],"ingredients":[" Bonito del norte, aceite de oliva y sal. Contiene pescado."],"conservation":" Conserva esterilizada, mantener a temperatura ambiente.","ean":"8412108125127"},{"full_name":"COSTERA bonito del norte en aceite de oliva lata 78 g neto escurrido","name":"bonito del norte en aceite de oliva lata 78 g neto escurrido","brand":"COSTERA ","img":"https://sgfm.elcorteingles.es/SGFM/dctm/MEDIA02/CONTENIDOS/201410/02/00118012700227____1__600x600.jpg","price":"2,81 €","price_unit":"(36,03 € / Kilo)","categories":["Supermercado","Alimentación General","Conservas de pescado","Bonito en aceite","COSTERA bonito del norte en aceite de oliva lata 78 g neto escurrido"],"general_information":["Denominación del alimento: Bonito del Norte en Aceite de Oliva.","Nombre del operador: Conservas González Barrio S.L.","Dirección del operador: Pol. Ind. Somonte 3 s/n (33393 Gijón, Asturias).","Cantidad Neta: 115,0 g","Peso neto escurrido: 78,0 g"],"ingredients":[" Bonito del norte, aceite de oliva y sal. Contiene pescado."],"conservation":" Conserva esterilizada, mantener a temperatura ambiente.","ean":"8412108122423"},{"full_name":"ZALLO bonito del norte en aceite de oliva lata 190 g neto escurrido","name":"bonito del norte en aceite de oliva lata 190 g neto escurrido","brand":"ZALLO ","img":"https://sgfm.elcorteingles.es/SGFM/dctm/MEDIA02/CONTENIDOS/201512/04/00118012701282____1__600x600.jpg","price":"4,49 €","price_unit":"(23,63 € / Kilo)","categories":["Supermercado","Alimentación General","Conservas de pescado","Bonito en aceite","ZALLO bonito del norte en aceite de oliva lata 190 g neto escurrido"],"general_information":["Denominación del alimento: Bonito del Norte aceite de oliva","Nombre del operador: Conservas Zallo, S.A.","Dirección del operador: Polígono Landabaso s/n 48370 Bermeo (Bizkaia) España.","Lugar de procedencia del alimento: FAO 27","Cantidad Neta: 265 g","Peso neto escurrido: 190 g","Otras menciones obligatorias en la etiqueta: Apto para celíacos, fuente de omega3"],"ingredients":[" Bonito del Norte, aceite de oliva, y sal"],"conservation":" Conservese en lugar fresco y seco. Una vez abierto, conservar en nevera.","ean":"8410562100056"},{"full_name":"PORTOMAR SERIE NAUTICA bonito del norte en aceite de oliva lata 72 g neto escurrido","name":"bonito del norte en aceite de oliva lata 72 g neto escurrido","brand":"PORTOMAR SERIE NAUTICA ","img":"https://sgfm.elcorteingles.es/SGFM/dctm/MEDIA03/201710/31/00118012701647____1__600x600.jpg","price":"2,49 €","price_unit":"(34,58 € / Kilo)","categories":["Supermercado","Alimentación General","Conservas de pescado","Bonito en aceite","PORTOMAR SERIE NAUTICA bonito del norte en aceite de oliva lata 72 g neto escurrido"],"general_information":[],"ingredients":[],"ean":"8436035156542"},{"full_name":"AGROMAR bonito del norte en aceite de oliva frasco 85 g neto escurrido","name":"bonito del norte en aceite de oliva frasco 85 g neto escurrido","brand":"AGROMAR ","img":"https://sgfm.elcorteingles.es/SGFM/00/42/5/0118012700425/0118012700425000g01011.jpg","price":"2,86 €","price_unit":"(33,65 € / Kilo)","categories":["Supermercado","Alimentación General","Conservas de pescado","Bonito en aceite","AGROMAR bonito del norte en aceite de oliva frasco 85 g neto escurrido"],"general_information":["Denominación del alimento: Bonito del Norte","Nombre del operador: Conservas Agromar S.A.","Dirección del operador: Muelle de Rendiello s/n. Puerto de El Musel 33290 Gijón, Asturias, España.","Cantidad Neta: 115 g","Peso neto escurrido: 85 g"],"ingredients":[" Bonito del norte, aceite de oliva y sal."],"ean":"8414947000030"},{"full_name":"REMO bonito en aceite de oliva lata 81 g neto escurrido","name":"bonito en aceite de oliva lata 81 g neto escurrido","brand":"REMO ","img":"https://sgfm.elcorteingles.es/SGFM/01/05/0/0118012701050/0118012701050000g01011.jpg","price":"4,37 €","price_unit":"(53,95 € / Kilo)","categories":["Supermercado","Alimentación General","Conservas de pescado","Bonito en aceite","REMO bonito en aceite de oliva lata 81 g neto escurrido"],"general_information":["Denominación del alimento: Bonito del Norte en aceite de oliva","Nombre del operador: Conservas Remo, S.L.","Dirección del operador: Polígono de la Peñona, Calle de la Mecánica, 302 - 33691 Veriña (Gijón)","Lugar de procedencia del alimento: Denominación de origen del Principado de Asturias","Cantidad Neta: 111 g","Otras menciones obligatorias en la etiqueta: Ingredientes sin aditivos. Ácidos grasos Omega 3 y Omega 6"],"ingredients":[" Bonito del Norte, Aceite de Oliva y Sal."],"ean":"8410847010087"},{"full_name":"LO BUENO bonito del norte en aceite de oliva lata 80 g neto escurrido","name":"bonito del norte en aceite de oliva lata 80 g neto escurrido","brand":"LO BUENO ","img":"https://sgfm.elcorteingles.es/SGFM/01/07/6/0118012701076/0118012701076000g01011.jpg","price":"2,79 €","price_unit":"(34,88 € / Kilo)","categories":["Supermercado","Alimentación General","Conservas de pescado","Bonito en aceite","LO BUENO bonito del norte en aceite de oliva lata 80 g neto escurrido"],"general_information":["Denominación del alimento: Atún Claro en aceite de oliva","Nombre del operador: Luis Escuris Batalla S.L.","Dirección del operador: Polígono de la Tomada, parcela 37. 15940 - Pobra do Caramiñal (A Coruña) ? España","Cantidad Neta: 115 g","Peso neto escurrido: 80 g"],"ingredients":[" Bonito del Norte- Atún Blanco (Thunnus alalunga), aceite de oliva y sal."],"conservation":" Se recomienda almacenar en lugar fresco y seco (no frigorífico).","ean":"8428607120501"},{"full_name":"LOREA Gourmet bonito del norte en aceite de oliva frasco 600 g neto escurrido","name":"Gourmet bonito del norte en aceite de oliva frasco 600 g neto escurrido","brand":"LOREA ","img":"https://sgfm.elcorteingles.es/SGFM/dctm/MEDIA03/201712/13/00118012701688____2__600x600.jpg","price":"19,50 €","price_unit":"(32,50 € / Kilo)","categories":["Supermercado","Alimentación General","Conservas de pescado","Bonito en aceite","LOREA Gourmet bonito del norte en aceite de oliva frasco 600 g neto escurrido"],"general_information":[],"ingredients":[],"ean":"8410333000547"},{"full_name":"LOREA Gourmet bonito del norte en aceite de oliva frasco 220 g neto escurrido","name":"Gourmet bonito del norte en aceite de oliva frasco 220 g neto escurrido","brand":"LOREA ","img":"https://sgfm.elcorteingles.es/SGFM/dctm/MEDIA03/201706/09/00118012701506____1__600x600.jpg","price":"7,65 €","price_unit":"(34,77 € / Kilo)","categories":["Supermercado","Alimentación General","Conservas de pescado","Bonito en aceite","LOREA Gourmet bonito del norte en aceite de oliva frasco 220 g neto escurrido"],"general_information":["Denominación del alimento: Bonito del Norte en Aceite de Oliva.","Nombre del operador: Calogero G. Billante S.A.","Dirección del operador: Barrio Mijoa s/n (20830 Mutriku, Guipuzkoa).","Cantidad Neta: 315 g","Peso neto escurrido: 220 g"],"ingredients":[" Bonito del Norte, aceite de oliva (30%)y sal."],"conservation":" Conservese en lugar fresco y seco. Una vez abierto se recomienda mantener en refrigeración.","ean":"8410333001681"},{"full_name":"LOREA Gourmet bonito del norte en aceite de oliva virgen extra frasco 145 g neto escurrido","name":"Gourmet bonito del norte en aceite de oliva virgen extra frasco 145 g neto escurrido","brand":"LOREA ","img":"https://sgfm.elcorteingles.es/SGFM/dctm/MEDIA03/201706/09/00118012701498____1__600x600.jpg","price":"5,95 €","price_unit":"(41,03 € / Kilo)","categories":["Supermercado","Alimentación General","Conservas de pescado","Bonito en aceite","LOREA Gourmet bonito del norte en aceite de oliva virgen extra frasco 145 g neto escurrido"],"general_information":[],"ingredients":[],"ean":"8410333002299"},{"full_name":"LOREA Gourmet bonito del norte en aceite de oliva lata 81 g neto escurrido","name":"Gourmet bonito del norte en aceite de oliva lata 81 g neto escurrido","brand":"LOREA ","img":"https://sgfm.elcorteingles.es/SGFM/dctm/MEDIA03/201706/09/00118012701456____1__600x600.jpg","price":"2,50 €","price_unit":"(30,86 € / Kilo)","categories":["Supermercado","Alimentación General","Conservas de pescado","Bonito en aceite","LOREA Gourmet bonito del norte en aceite de oliva lata 81 g neto escurrido"],"general_information":["Denominación del alimento: Bonito del Norte en Aceite de Oliva.","Nombre del operador: Calogero G. Billante S.A.","Dirección del operador: Barrio Mijoa s/n (20830 Mutriku, Guipuzkoa).","Cantidad Neta: 112 g","Peso neto escurrido: 81 g"],"ingredients":[" Bonito del Norte, aceite de oliva (28%)y sal."],"conservation":" Conservese en lugar fresco y seco. Una vez abierto se recomienda mantener en refrigeración.","ean":"8410333000585"},{"full_name":"HOYA bonito del norte en aceite de oliva frasco 160 g neto escurrido","name":"bonito del norte en aceite de oliva frasco 160 g neto escurrido","brand":"HOYA ","img":"https://sgfm.elcorteingles.es/SGFM/dctm/MEDIA02/CONTENIDOS/201412/10/00200136200722____1__600x600.jpg","price":"3,99 €","price_unit":"(24,94 € / Kilo)","categories":["Supermercado","Alimentación General","Conservas de pescado","Bonito en aceite","HOYA bonito del norte en aceite de oliva frasco 160 g neto escurrido"],"general_information":["Denominación del alimento: Bonito del norter en aceite de oliva","Nombre del operador: Conservas Hoya, S.A.","Dirección del operador: Calle Cabildo, s/n. 39740 Santoña - Cantabria","Cantidad Neta: 230 g","Peso neto escurrido: 150 g"],"ingredients":[" Bonito del norte (pescado), aceite de oliva y sal."],"ean":"8410102101109"},{"full_name":"HOYA bonito del norte en aceite de oliva lata 150 g neto escurrido","name":"bonito del norte en aceite de oliva lata 150 g neto escurrido","brand":"HOYA ","img":"https://sgfm.elcorteingles.es/SGFM/dctm/MEDIA02/CONTENIDOS/201412/10/00200136200748____1__600x600.jpg","price":"3,99 €","price_unit":"(26,60 € / Kilo)","categories":["Supermercado","Alimentación General","Conservas de pescado","Bonito en aceite","HOYA bonito del norte en aceite de oliva lata 150 g neto escurrido"],"general_information":["Denominación del alimento: Bonito del norter en aceite de oliva","Nombre del operador: Conservas Hoya, S.A.","Dirección del operador: Calle Cabildo, s/n. 39740 Santoña - Cantabria","Cantidad Neta: 200 g","Peso neto escurrido: 150 g"],"ingredients":[" Bonito del norte, aceite de oliva y sal."],"ean":"8410102101185"},{"full_name":"HUERTA REAL bonito del norte ecológico en aceite de oliva virgen extra frasco 355 g neto escurrido","name":"bonito del norte ecológico en aceite de oliva virgen extra frasco 355 g neto escurrido","brand":"HUERTA REAL ","img":"https://sgfm.elcorteingles.es/SGFM/dctm/MEDIA03/201704/10/00118012701357____1__600x600.jpg","price":"5,55 €","price_unit":"(15,63 € / Kilo)","categories":["Supermercado","Alimentación General","Conservas de pescado","Bonito en aceite","HUERTA REAL bonito del norte ecológico en aceite de oliva virgen extra frasco 355 g neto escurrido"],"general_information":[],"ingredients":[],"ean":"8410972161005"},{"full_name":"HUERTA REAL bonito del norte ecológico en aceite de oliva virgen extra lata 80 g neto escurrido","name":"bonito del norte ecológico en aceite de oliva virgen extra lata 80 g neto escurrido","brand":"HUERTA REAL ","img":"https://sgfm.elcorteingles.es/SGFM/dctm/MEDIA03/201704/10/00118012701365____1__600x600.jpg","price":"3,55 €","price_unit":"(23,67 € / Kilo)","categories":["Supermercado","Alimentación General","Conservas de pescado","Bonito en aceite","HUERTA REAL bonito del norte ecológico en aceite de oliva virgen extra lata 80 g neto escurrido"],"general_information":[],"ingredients":[],"ean":"8410972161012"},{"full_name":"EMILIA tronco de bonito del norte en aceite de oliva frasco 160 g neto escurrido","name":"tronco de bonito del norte en aceite de oliva frasco 160 g neto escurrido","brand":"EMILIA ","img":"https://sgfm.elcorteingles.es/SGFM/dctm/MEDIA02/CONTENIDOS/201503/16/00200112701131____1__600x600.jpg","price":"4,41 €","price_unit":"(27,56 € / Kilo)","categories":["Supermercado","Alimentación General","Conservas de pescado","Bonito en aceite","EMILIA tronco de bonito del norte en aceite de oliva frasco 160 g neto escurrido"],"general_information":[],"ingredients":[],"ean":"8437000946090"},{"full_name":"OLASAGASTI lomos de bonito del norte en aceite de oliva ecológico frasco 145 g neto escurrido","name":"lomos de bonito del norte en aceite de oliva ecológico frasco 145 g neto escurrido","brand":"OLASAGASTI ","img":"https://sgfm.elcorteingles.es/SGFM/dctm/MEDIA03/201709/19/00118012701373____6__600x600.jpg","price":"8,50 €","price_unit":"(22,37 € / Kilo)","categories":["Supermercado","Alimentación General","Conservas de pescado","Bonito en aceite","OLASAGASTI lomos de bonito del norte en aceite de oliva ecológico frasco 145 g neto escurrido"],"general_information":["Denominación del alimento: Lomos Bonito Del Norte Aceite de Oliva BIO","Nombre del operador: Conservas Dentici, S.L.","Dirección del operador: Av. Erdoza, 36 - 48270 Markina (Bizkaia)","Lugar de procedencia del alimento: Bonito del Cantábrico del País Vasco","Cantidad Neta: 190 g","Peso neto escurrido: 145 g","Otras menciones obligatorias en la etiqueta: Sin Gluten. Aporte Natural de Omega 3 de cadena larga."],"ingredients":[" Bonito Del Norte (Thunnus Alalunga), Aceite De Oliva BIO, Sal."],"conservation":" Conservar a temperatura ambiente en lugar fresco y seco. Una vez abierto conservar en refrigeración y consumir en los 4 días siguientes.","ean":"8425147013218"},{"full_name":"EL CORTE INGLES bonito del norte en escabeche lata 73 g neto escurrido","name":"bonito del norte en escabeche lata 73 g neto escurrido","brand":"EL CORTE INGLES ","img":"https://sgfm.elcorteingles.es/SGFM/dctm/MEDIA03/201702/27/00118012701399____1__600x600.jpg","price":"1,59 €","price_unit":"(21,78 € / Kilo)","categories":["Supermercado","Alimentación General","Conservas de pescado","Bonito en escabeche","EL CORTE INGLES bonito del norte en escabeche lata 73 g neto escurrido"],"general_information":["Denominación del alimento: BONITO DEL NORTE EN ESCABECHE","Nombre del operador: Elaborado para El Corte Inglés \npor\nFrinsa del Noroeste, S.A. \nAvda Ramiro Carregal Rey, Parc. 29 \nPol.Industrial de Xarás \n15969 Ribeira (A Coruña)\n España","Cantidad Neta: 111 g","Peso neto escurrido: 73 g"],"ingredients":[" Ingredientes: Bonito del Norte (Thunnus alalunga), vinagre, aceite de girasol y sal."],"conservation":" Conservar en lugar fresco y seco.","ean":"8433329070706"},{"full_name":"ORTIZ bonito frito en escabeche lata 500 g neto escurrido","name":"bonito frito en escabeche lata 500 g neto escurrido","brand":"ORTIZ ","img":"https://sgfm.elcorteingles.es/SGFM/00/07/8/0118012700078/0118012700078000g01011.jpg","price":"15,21 €","price_unit":"(30,42 € / Kilo)","categories":["Supermercado","Alimentación General","Conservas de pescado","Bonito en escabeche","ORTIZ bonito frito en escabeche lata 500 g neto escurrido"],"general_information":["Denominación del alimento: BONITO FRITO EN ESCABECHE","Nombre del operador: CONSERVAS ORTIZ S.A.","Dirección del operador: BASUSTA BIDEA 15 - 20750 ZUMAIA - GUIPÚZCOA - ESPAÑA","Cantidad Neta: 720 g","Peso neto escurrido: 520 g"],"ingredients":[" *Bonito del Norte, vinagre de vino blanco, aceite de oliva virgen y sal"],"ean":"8411320201701"},{"full_name":"ORTIZ bonito del norte frito en escabeche lata 260 g neto escurrido","name":"bonito del norte frito en escabeche lata 260 g neto escurrido","brand":"ORTIZ ","img":"https://sgfm.elcorteingles.es/SGFM/00/06/0/0118012700060/0118012700060000g01011.jpg","price":"7,95 €","price_unit":"(30,58 € / Kilo)","categories":["Supermercado","Alimentación General","Conservas de pescado","Bonito en escabeche","ORTIZ bonito del norte frito en escabeche lata 260 g neto escurrido"],"general_information":["Denominación del alimento: BONITO DEL NORTE FRITO","Nombre del operador: CONSERVAS ORTIZ S.A.","Dirección del operador: BASUSTA BIDEA 15 - 20750 ZUMAIA - GUIPÚZCOA - ESPAÑA","Cantidad Neta: 345 g","Peso neto escurrido: 260 g"],"ingredients":[" *Bonito del Norte, Vinagre de vino blanco, aceite de oliva, sal"],"ean":"8411320202104"},{"full_name":"ORTIZ bonito del norte frito en escabeche lata 140 g neto escurrido","name":"bonito del norte frito en escabeche lata 140 g neto escurrido","brand":"ORTIZ ","img":"https://sgfm.elcorteingles.es/SGFM/00/05/2/0118012700052/0118012700052000g01011.jpg","price":"4,99 €","price_unit":"(35,64 € / Kilo)","categories":["Supermercado","Alimentación General","Conservas de pescado","Bonito en escabeche","ORTIZ bonito del norte frito en escabeche lata 140 g neto escurrido"],"general_information":["Denominación del alimento: BONITO FRITO EN ESCABECHE","Nombre del operador: CONSERVAS ORTIZ S.A.","Dirección del operador: BASUSTA BIDEA 15 - 20750 ZUMAIA - GUIPÚZCOA - ESPAÑA","Cantidad Neta: 190 g","Peso neto escurrido: 140 g"],"ingredients":[" *Bonito del Norte, vinagre de vino blanco, aceite de oliva virgen y sal"],"ean":"8411320203309"},{"full_name":"ORTIZ bonito del norte en escabeche lata 82 g neto escurrido","name":"bonito del norte en escabeche lata 82 g neto escurrido","brand":"ORTIZ ","img":"https://sgfm.elcorteingles.es/SGFM/dctm/MEDIA02/CONTENIDOS/201408/21/00118012700045____2__600x600.jpg","price":"2,85 €","price_unit":"(34,76 € / Kilo)","categories":["Supermercado","Alimentación General","Conservas de pescado","Bonito en escabeche","ORTIZ bonito del norte en escabeche lata 82 g neto escurrido"],"general_information":["Denominación del alimento: BONITO DEL NORTE EN ESCABECHE","Nombre del operador: CONSERVAS ORTIZ S.A.","Dirección del operador: BASUSTA BIDEA 15 - 20750 ZUMAIA - GUIPÚZCOA - ESPAÑA","Cantidad Neta: 112 g","Peso neto escurrido: 82 g"],"ingredients":[" *Bonito del Norte, aceite de oliva virgen, vinagre de vino blanco y sal"],"ean":"8411320224007"},{"full_name":"ALBO bonito del norte en escabeche lata 82 g neto escurrido","name":"bonito del norte en escabeche lata 82 g neto escurrido","brand":"ALBO ","img":"https://sgfm.elcorteingles.es/SGFM/00/12/8/0118012700128/0118012700128000g01011.jpg","price":"2,99 €","price_unit":"(36,46 € / Kilo)","categories":["Supermercado","Alimentación General","Conservas de pescado","Bonito en escabeche","ALBO bonito del norte en escabeche lata 82 g neto escurrido"],"general_information":["Denominación del alimento: Bonito del norte en escabeche","Nombre del operador: HIJOS DE CARLOS ALBO S.L.","Dirección del operador: Rúa Jacinto Benavente, 41, 36208 Vigo, Pontevedra ESPAÑA","Cantidad Neta: 112 g","Peso neto escurrido: 0.082 Kilogramos"],"ingredients":[" Bonito del norte (Atún blanco), vinagre de vino, aceite de girasol y sal."],"ean":"8410032002460"},{"full_name":"CAMPOS bonito del norte en escabeche lata 104 g","name":"bonito del norte en escabeche lata 104 g","brand":"CAMPOS ","img":"https://sgfm.elcorteingles.es/SGFM/dctm/MEDIA02/CONTENIDOS/201506/22/00118012701035____1__600x600.jpg","price":"3,46 €","price_unit":"(33,27 € / Kilo)","categories":["Supermercado","Alimentación General","Conservas de pescado","Bonito en escabeche","CAMPOS bonito del norte en escabeche lata 104 g"],"general_information":["Denominación del alimento: Conserva de Bonito del Norte","País de origen: España","Nombre del operador: Salica Industria Alimentaria S.A.","Dirección del operador: Pol. Landabaso s/n 48.370 Bermeo. Vizcaya. España","Cantidad Neta: 160 Mililitros","Peso neto escurrido: 104 g"],"ingredients":[" Bonito del Norte (pescado), vinagre de vino, aceite de girasol, especias y sal"],"conservation":" Mantengase en un lugar seco y fresco. Una vez abierto consumir hasta el final","ean":"8410967002184"},{"full_name":"CAMPOS bonito del norte en escabeche lata 81 g neto escurrido","name":"bonito del norte en escabeche lata 81 g neto escurrido","brand":"CAMPOS ","img":"https://sgfm.elcorteingles.es/SGFM/00/38/3/0118012700383/0118012700383000g01011.jpg","price":"3,13 €","price_unit":"(38,64 € / Kilo)","categories":["Supermercado","Alimentación General","Conservas de pescado","Bonito en escabeche","CAMPOS bonito del norte en escabeche lata 81 g neto escurrido"],"general_information":["Denominación del alimento: Conserva de Bonito del Norte","País de origen: España","Nombre del operador: Salica Industria Alimentaria S.A.","Dirección del operador: Pol. Landabaso s/n 48.370 Bermeo. Vizcaya. España","Cantidad Neta: 120 Mililitros","Peso neto escurrido: 82 g"],"ingredients":[" Bonito del Norte (pescado), vinagre de vino, aceite de girasol, especias y sal"],"conservation":" Mantengase en un lugar seco y fresco. Una vez abierto consumir hasta el final","ean":"8410967080106"},{"full_name":"OLASAGASTI bonito del norte en escabeche lata 205 g","name":"bonito del norte en escabeche lata 205 g","brand":"OLASAGASTI ","img":"https://sgfm.elcorteingles.es/SGFM/dctm/MEDIA02/CONTENIDOS/201410/02/00118012700672____1__600x600.jpg","price":"5,50 €","price_unit":"(26,83 € / Kilo)","categories":["Supermercado","Alimentación General","Conservas de pescado","Bonito en escabeche","OLASAGASTI bonito del norte en escabeche lata 205 g"],"general_information":["Denominación del alimento: Bonito Del Norte Escabeche","Nombre del operador: Conservas Dentici, S.L.","Dirección del operador: Av. Erdoza, 36 - 48270 Markina (Bizkaia)","Lugar de procedencia del alimento: Bonito del Cantábrico del País Vasco","Cantidad Neta: 270 g","Peso neto escurrido: 205 g","Otras menciones obligatorias en la etiqueta: Sin Gluten. Aporte Natural de Omega 3 de cadena larga."],"ingredients":[" Bonito Del Norte (Thunnus Alalunga), Vinagre De Vino, Aceite De Oliva, Sal."],"conservation":" Conservar a temperatura ambiente en lugar fresco y seco. Una vez abierto conservar en refrigeración y consumir en un plazo de 3 días.","ean":"8425147032349"},{"full_name":"PALACIO DE ORIENTE bonito del norte en escabeche lata 75 g neto escurrido","name":"bonito del norte en escabeche lata 75 g neto escurrido","brand":"PALACIO DE ORIENTE ","img":"https://sgfm.elcorteingles.es/SGFM/00/26/8/0118012700268/0118012700268000g01011.jpg","price":"2,01 €","price_unit":"(26,80 € / Kilo)","categories":["Supermercado","Alimentación General","Conservas de pescado","Bonito en escabeche","PALACIO DE ORIENTE bonito del norte en escabeche lata 75 g neto escurrido"],"general_information":["Denominación del alimento: Bonito del Norte en escabeche con aceite de Oliva OL120","País de origen: España","Nombre del operador: Conservas Antonio Alonso, S.A.","Dirección del operador: Carretera Vigo-Bayona, 127, Apto. 40 - 36213, Vigo","Lugar de procedencia del alimento: Zonas FAO 27/ 47/ 81","Cantidad Neta: 115 g","Peso neto escurrido: 75 g","Número de raciones por envase: 1"],"ingredients":[" Bonito del Norte, aceite de oliva, vinagre de vino y sal."],"conservation":" Conservar en lugar fresco y seco.","ean":"8410205023520"},{"full_name":"CONSORCIO bonito del norte en escabeche lata 80 g neto escurrido","name":"bonito del norte en escabeche lata 80 g neto escurrido","brand":"CONSORCIO ","img":"https://sgfm.elcorteingles.es/SGFM/dctm/MEDIA03/201711/30/00118012701670____1__600x600.jpg","price":"2,31 €            ","price_unit":"(28,62 € / Kilo)","categories":["Supermercado","Alimentación General","Conservas de pescado","Bonito en escabeche","CONSORCIO bonito del norte en escabeche lata 80 g neto escurrido"],"general_information":["Denominación del alimento: Bonito en escabeche","País de origen: España","Nombre del operador: CONSORCIO ESPAÑOL CONSERVERO S.A","Dirección del operador: C/Eguilior, 1- 39740 Santoña","Cantidad Neta: 110 g","Peso neto escurrido: 80 g"],"ingredients":[" Bonito del norte, vinagre, aceite de oliva y sal"],"conservation":" No requiere condiciones de conservación especiales","ean":"8410628032123"},{"full_name":"LOREA gourmet bonito del norte en escabeche frasco 150 g neto escurrido","name":"gourmet bonito del norte en escabeche frasco 150 g neto escurrido","brand":"LOREA ","img":"https://sgfm.elcorteingles.es/SGFM/dctm/MEDIA03/201706/09/00118012701472____1__600x600.jpg","price":"5,95 €","price_unit":"(39,67 € / Kilo)","categories":["Supermercado","Alimentación General","Conservas de pescado","Bonito en escabeche","LOREA gourmet bonito del norte en escabeche frasco 150 g neto escurrido"],"general_information":[],"ingredients":[],"ean":"8410333000936"},{"full_name":"LOREA Gourmet bonito del norte en escabeche lata 81 g neto escurrido","name":"Gourmet bonito del norte en escabeche lata 81 g neto escurrido","brand":"LOREA ","img":"https://sgfm.elcorteingles.es/SGFM/dctm/MEDIA03/201706/09/00118012701464____1__600x600.jpg","price":"2,50 €","price_unit":"(30,86 € / Kilo)","categories":["Supermercado","Alimentación General","Conservas de pescado","Bonito en escabeche","LOREA Gourmet bonito del norte en escabeche lata 81 g neto escurrido"],"general_information":[],"ingredients":[],"ean":"8410333001339"},{"full_name":"ALBO bonito del norte al natural el asalmonado lata 140 g neto escurrido","name":"bonito del norte al natural el asalmonado lata 140 g neto escurrido","brand":"ALBO ","img":"https://sgfm.elcorteingles.es/SGFM/00/13/6/0118012700136/0118012700136000g01011.jpg","price":"9,23 €","price_unit":"(65,93 € / Kilo)","categories":["Supermercado","Alimentación General","Conservas de pescado","Bonito al natural","ALBO bonito del norte al natural el asalmonado lata 140 g neto escurrido"],"general_information":["Denominación del alimento: Bonito del norte al natural","Nombre del operador: HIJOS DE CARLOS ALBO S.L.","Dirección del operador: Rúa Jacinto Benavente, 41, 36208 Vigo, Pontevedra ESPAÑA","Cantidad Neta: 190 g","Peso neto escurrido: 0.14 Kilogramos"],"ingredients":[" Bonito del norte (Atún blanco), agua y sal."],"ean":"8410032002644"},{"full_name":"ALBO bonito del norte al natural el asalmonado lata 78 g neto escurrido","name":"bonito del norte al natural el asalmonado lata 78 g neto escurrido","brand":"ALBO ","img":"https://sgfm.elcorteingles.es/SGFM/00/17/7/0118012700177/0118012700177000g01011.jpg","price":"2,99 €","price_unit":"(38,33 € / Kilo)","categories":["Supermercado","Alimentación General","Conservas de pescado","Bonito al natural","ALBO bonito del norte al natural el asalmonado lata 78 g neto escurrido"],"general_information":["Denominación del alimento: Bonito del norte en aceite de oliva","Nombre del operador: HIJOS DE CARLOS ALBO S.L.","Dirección del operador: Rúa Jacinto Benavente, 41, 36208 Vigo, Pontevedra ESPAÑA","Cantidad Neta: 112 g","Peso neto escurrido: 0.078 Kilogramos"],"ingredients":[" Bonito del norte (Atún blanco), agua y sal."],"ean":"8410032003221"},{"full_name":"COSTERA bonito del Norte al natural sin sal añadida lata 80 g neto escurrido","name":"bonito del Norte al natural sin sal añadida lata 80 g neto escurrido","brand":"COSTERA ","img":"https://sgfm.elcorteingles.es/SGFM/dctm/MEDIA02/CONTENIDOS/201410/02/00118012700904____1__600x600.jpg","price":"2,82 €","price_unit":"(35,25 € / Kilo)","categories":["Supermercado","Alimentación General","Conservas de pescado","Bonito al natural","COSTERA bonito del Norte al natural sin sal añadida lata 80 g neto escurrido"],"general_information":["Denominación del alimento: Bonito del Norte al Natural.","Nombre del operador: Conservas González Barrio S.L.","Dirección del operador: Pol. Ind. Somonte 3 s/n (33393 Gijón, Asturias).","Cantidad Neta: 115 g","Peso neto escurrido: 80 g"],"ingredients":[" Bonito del norte y agua. Contiene pescado."],"conservation":" Conserva esterilizada, mantener a temperatura ambiente.","ean":"8412108721114"},{"full_name":"LOREA gourmet bonito del norte al natural bajo en sal frasco 150 g neto escurrido","name":"gourmet bonito del norte al natural bajo en sal frasco 150 g neto escurrido","brand":"LOREA ","img":"https://sgfm.elcorteingles.es/SGFM/dctm/MEDIA03/201706/09/00118012701480____1__600x600.jpg","price":"5,95 €","price_unit":"(39,67 € / Kilo)","categories":["Supermercado","Alimentación General","Conservas de pescado","Bonito al natural","LOREA gourmet bonito del norte al natural bajo en sal frasco 150 g neto escurrido"],"general_information":[],"ingredients":[],"ean":"8410333001568"},{"full_name":"EL CORTE INGLES ventresca de bonito del norte en aceite de oliva lata 73 g neto escurrido","name":"ventresca de bonito del norte en aceite de oliva lata 73 g neto escurrido","brand":"EL CORTE INGLES ","img":"https://sgfm.elcorteingles.es/SGFM/dctm/MEDIA02/CONTENIDOS/201410/03/00118006200333____1__600x600.jpg","price":"5,72 €","price_unit":"(78,36 € / Kilo)","categories":["Supermercado","Alimentación General","Conservas de pescado","Ventresca de bonito","EL CORTE INGLES ventresca de bonito del norte en aceite de oliva lata 73 g neto escurrido"],"general_information":["Denominación del alimento: Ventresca de bonito del Norte en aceite de oliva.","Nombre del operador: Elaborado para El Corte Inglés \npor\nFrinsa del Noroeste, S.A. \nAvda Ramiro Carregal Rey, Parc. 29 \nPol.Industrial de Xarás \n15969 Ribeira (A Coruña)\n España","Cantidad Neta: 111 g","Peso neto escurrido: 73 g"],"ingredients":[" Ingredientes: Bonito del Norte (Thunnus alalunga), aceite de oliva y sal."],"conservation":" Conservar en lugar fresco y seco.","ean":"8433329050968"},{"full_name":"CAMPOS ventresca de bonito del norte en aceite de oliva lata 82 g neto escurrido","name":"ventresca de bonito del norte en aceite de oliva lata 82 g neto escurrido","brand":"CAMPOS ","img":"https://sgfm.elcorteingles.es/SGFM/00/09/3/0118006200093/0118006200093000g01011.jpg","price":"8,36 €","price_unit":"(101,95 € / Kilo)","categories":["Supermercado","Alimentación General","Conservas de pescado","Ventresca de bonito","CAMPOS ventresca de bonito del norte en aceite de oliva lata 82 g neto escurrido"],"general_information":["Denominación del alimento: Conserva de ventresca de Bonito del Norte","País de origen: España","Nombre del operador: Salica Industria Alimentaria S.A.","Dirección del operador: Pol. Landabaso s/n 48.370 Bermeo. Vizcaya. España","Cantidad Neta: 120 Mililitros","Peso neto escurrido: 82 g"],"ingredients":[" Ventresca de Bonito del Norte (pescado), aceite de oliva y sal"],"conservation":" Mantengase en un lugar seco y fresco. Una vez abierto consumir hasta el final","ean":"8410673001518"},{"full_name":"CONSORCIO ventresca de bonito del norte en aceite de oliva lata 80 g neto escurrido","name":"ventresca de bonito del norte en aceite de oliva lata 80 g neto escurrido","brand":"CONSORCIO ","img":"https://sgfm.elcorteingles.es/SGFM/00/07/7/0118006200077/0118006200077000g01011.jpg","price":"6,75 €","price_unit":"(84,38 € / Kilo)","categories":["Supermercado","Alimentación General","Conservas de pescado","Ventresca de bonito","CONSORCIO ventresca de bonito del norte en aceite de oliva lata 80 g neto escurrido"],"general_information":["Denominación del alimento: Ventresca de Bonito en aceite de oliva","País de origen: España","Nombre del operador: CONSORCIO ESPAÑOL CONSERVERO S.A","Dirección del operador: C/Eguilior, 1- 39740 Santoña","Cantidad Neta: 110 g","Peso neto escurrido: 80 g"],"ingredients":[" Ventresca de Bonito del norte, aceite de oliva y sal"],"conservation":" No requiere condiciones de conservación especiales","ean":"8410628039238"},{"full_name":"ORTIZ ventresca de bonito del norte en aceite de oliva lata 80 g neto escurrido","name":"ventresca de bonito del norte en aceite de oliva lata 80 g neto escurrido","brand":"ORTIZ ","img":"https://sgfm.elcorteingles.es/SGFM/00/01/0/0118006200010/0118006200010000g01011.jpg","price":"7,65 €","price_unit":"(95,62 € / Kilo)","categories":["Supermercado","Alimentación General","Conservas de pescado","Ventresca de bonito","ORTIZ ventresca de bonito del norte en aceite de oliva lata 80 g neto escurrido"],"general_information":["Denominación del alimento: VENTRESCA DE BONITO DEL NORTE EN ACEITE DE OLIVA","Nombre del operador: CONSERVAS ORTIZ S.A.","Dirección del operador: BASUSTA BIDEA 15 - 20750 ZUMAIA - GUIPÚZCOA - ESPAÑA","Cantidad Neta: 110 g","Peso neto escurrido: 80 g"],"ingredients":[" *Bonito del Norte, aceite de oliva y sal"],"ean":"8411320239001"},{"full_name":"PALACIO DE ORIENTE ventresca de bonito del norte en aceite de oliva lata 90 g neto escurrido","name":"ventresca de bonito del norte en aceite de oliva lata 90 g neto escurrido","brand":"PALACIO DE ORIENTE ","img":"https://sgfm.elcorteingles.es/SGFM/dctm/MEDIA02/CONTENIDOS/201511/23/00118006200051____1__600x600.jpg","price":"9,08 €","price_unit":"(100,89 € / Kilo)","categories":["Supermercado","Alimentación General","Conservas de pescado","Ventresca de bonito","PALACIO DE ORIENTE ventresca de bonito del norte en aceite de oliva lata 90 g neto escurrido"],"general_information":["Denominación del alimento: Ventresca de Bonito del Norte en Aceite de Oliva OL-120","País de origen: España","Nombre del operador: Conservas Antonio Alonso S.A.","Dirección del operador: Carretera Vigo-Bayona, 127, Apto. 40 - 36213, Vigo","Lugar de procedencia del alimento: Zonas FAO 27/ 47/ 81","Cantidad Neta: 120 g","Peso neto escurrido: 90 g","Número de raciones por envase: 1"],"ingredients":[" Bonito del Norte, aceite de oliva, sal"],"conservation":" Conservar en lugar fresco y seco.","ean":"8410205015129"},{"full_name":"PORTOMAR SERIE NAUTICA ventresca bonito en aceite de oliva lata 81 g","name":"ventresca bonito en aceite de oliva lata 81 g","brand":"PORTOMAR SERIE NAUTICA ","img":"https://sgfm.elcorteingles.es/SGFM/00/23/4/0118006200234/0118006200234000g01011.jpg","price":"6,65 €","price_unit":"(88,67 € / Kilo)","categories":["Supermercado","Alimentación General","Conservas de pescado","Ventresca de bonito","PORTOMAR SERIE NAUTICA ventresca bonito en aceite de oliva lata 81 g"],"general_information":[],"ingredients":[],"ean":"8436035156399"},{"full_name":"VIAMARIS SELECCION ventresca de bonito del norte en aceite de oliva lata 72 g neto escurrido","name":"ventresca de bonito del norte en aceite de oliva lata 72 g neto escurrido","brand":"VIAMARIS SELECCION ","img":"https://sgfm.elcorteingles.es/SGFM/dctm/MEDIA03/201606/24/00118006200408____1__600x600.jpg","price":"5,95 €","price_unit":"(82,64 € / Kilo)","categories":["Supermercado","Alimentación General","Conservas de pescado","Ventresca de bonito","VIAMARIS SELECCION ventresca de bonito del norte en aceite de oliva lata 72 g neto escurrido"],"general_information":[],"ingredients":[],"ean":"8436541130098"},{"full_name":"ESCURIS ventresca de bonito del norte en aceite de oliva lata 81 g neto escurrido + bonito del norte en aceite de oliva lata 81 g","name":"ventresca de bonito del norte en aceite de oliva lata 81 g neto escurrido","brand":"ESCURIS ","img":"https://sgfm.elcorteingles.es/SGFM/dctm/MEDIA03/201611/04/00118006200432____1__600x600.jpg","price":"7,15 €","price_unit":"(44,14 € / Kilo)","categories":["Supermercado","Alimentación General","Conservas de pescado","Ventresca de bonito","ESCURIS ventresca de bonito del norte en aceite de oliva lata 81 g neto escurrido + bonito del norte en aceite de oliva lata 81 g"],"general_information":[],"ingredients":[],"ean":"8410124052687"},{"full_name":"EL CORTE INGLES berberechos al natural de las rías gallegas 20-30 piezas lata 63 g neto escurrido","name":"berberechos al natural de las rías gallegas 20-30 piezas lata 63 g neto escurrido","brand":"EL CORTE INGLES ","img":"https://sgfm.elcorteingles.es/SGFM/dctm/MEDIA03/201703/17/00200105200489____1__600x600.jpg","price":"17,29 €","price_unit":"(266 € / Kilo)","categories":["Supermercado","Alimentación General","Conservas de pescado","Berberechos","EL CORTE INGLES berberechos al natural de las rías gallegas 20-30 piezas lata 63 g neto escurrido"],"general_information":["Denominación del alimento: Berberechos al natural","Nombre del operador: Elaborado para El Corte Inglés por Conservas Portomar, S.L.U. Polígono industrial do pousadoiro parcelas 2 y 3. 36617 Vilagarcía de Arousa. Pontevedra - España","Cantidad Neta: 111 g","Peso neto escurrido: 63 g"],"ingredients":[" Ingredientes: Berberechos (cerastoderma edule) agua y sal."],"conservation":" Conservar en lugar fresco y seco. Una vez abierto mantener en refrigeración máximo 24  horas.","ean":"8433329062473"},{"full_name":"EL CORTE INGLES berberechos al natural de las rías gallegas 50-60 piezas lata 63 g neto escurrido","name":"berberechos al natural de las rías gallegas 50-60 piezas lata 63 g neto escurrido","brand":"EL CORTE INGLES ","img":"https://sgfm.elcorteingles.es/SGFM/dctm/MEDIA03/201703/17/00118005200524____1__600x600.jpg","price":"6,18 €","price_unit":"(98,10 € / Kilo)","categories":["Supermercado","Alimentación General","Conservas de pescado","Berberechos","EL CORTE INGLES berberechos al natural de las rías gallegas 50-60 piezas lata 63 g neto escurrido"],"general_information":["Denominación del alimento: Berberechos al natural","Nombre del operador: Elaborado para El Corte Inglés por Conservas Portomar, S.L.U. Polígono industrial do pousadoiro parcelas 2 y 3. 36617 Vilagarcía de Arousa. Pontevedra - España","Cantidad Neta: 111 g","Peso neto escurrido: 63 g"],"ingredients":[" Ingredientes: Berberechos (cerastoderma edule) agua y sal."],"conservation":" Conservar en lugar fresco y seco. Una vez abierto mantener en refrigeración máximo 24  horas.","ean":"8433329079419"},{"full_name":"EL CORTE INGLES berberechos al natural de las rías gallegas 30-40 piezas lata 63 g neto escurrido","name":"berberechos al natural de las rías gallegas 30-40 piezas lata 63 g neto escurrido","brand":"EL CORTE INGLES ","img":"https://sgfm.elcorteingles.es/SGFM/dctm/MEDIA03/201703/17/00118005200516____1__600x600.jpg","price":"11,18 €","price_unit":"(177,46 € / Kilo)","categories":["Supermercado","Alimentación General","Conservas de pescado","Berberechos","EL CORTE INGLES berberechos al natural de las rías gallegas 30-40 piezas lata 63 g neto escurrido"],"general_information":["Denominación del alimento: Berberechos al natural","Nombre del operador: Elaborado para El Corte Inglés por Conservas Portomar, S.L.U. Polígono industrial do pousadoiro parcelas 2 y 3. 36617 Vilagarcía de Arousa. Pontevedra - España","Cantidad Neta: 111 g","Peso neto escurrido: 63 g"],"ingredients":[" Ingredientes: Berberechos (cerastoderma edule) agua y sal."],"conservation":" Conservar en lugar fresco y seco. Una vez abierto mantener en refrigeración máximo 24  horas.","ean":"8433329079396"},{"full_name":"EL CORTE INGLES berberechos al natural de las rías gallegas 40-50 piezas lata 63 g neto escurrido","name":"berberechos al natural de las rías gallegas 40-50 piezas lata 63 g neto escurrido","brand":"EL CORTE INGLES ","img":"https://sgfm.elcorteingles.es/SGFM/dctm/MEDIA03/201703/17/00118005200532____1__600x600.jpg","price":"7,81 €","price_unit":"(123,97 € / Kilo)","categories":["Supermercado","Alimentación General","Conservas de pescado","Berberechos","EL CORTE INGLES berberechos al natural de las rías gallegas 40-50 piezas lata 63 g neto escurrido"],"general_information":["Denominación del alimento: Berberechos al natural","Nombre del operador: Elaborado para El Corte Inglés por Conservas Portomar, S.L.U. Polígono industrial do pousadoiro parcelas 2 y 3. 36617 Vilagarcía de Arousa. Pontevedra - España","Cantidad Neta: 111 g","Peso neto escurrido: 63 g"],"ingredients":[" Ingredientes: Berberechos (cerastoderma edule) agua y sal."],"conservation":" Conservar en lugar fresco y seco. Una vez abierto mantener en refrigeración máximo 24  horas.","ean":"8433329079402"},{"full_name":"ALIADA berberechos al natural 50-60 piezas lata 63 g neto escurrido","name":"berberechos al natural 50-60 piezas lata 63 g neto escurrido","brand":"ALIADA ","img":"https://sgfm.elcorteingles.es/SGFM/dctm/MEDIA03/201608/31/00118011300482____1__600x600.jpg","price":"2,90 €","price_unit":"(46,03 € / Kilo)","categories":["Supermercado","Alimentación General","Conservas de pescado","Berberechos","ALIADA berberechos al natural 50-60 piezas lata 63 g neto escurrido"],"general_information":["Denominación del alimento: Berberechos al natural. Tamaño pequeño","Nombre del operador: Elaborado para el Grupo El Corte Inglés\nHermosilla, 112 - 28009 Madrid ? España por CIF: A-15010564","Cantidad Neta: 111 g","Peso neto escurrido: 63 g"],"ingredients":[" Ingredientes: Berberechos (Cerastoderma edule), agua y sal"],"conservation":" Conservar en lugar fresco y seco","ean":"8433329054553"},{"full_name":"ALIADA berberechos al natural 60-80 piezas lata 63 g neto escurrido","name":"berberechos al natural 60-80 piezas lata 63 g neto escurrido","brand":"ALIADA ","img":"https://sgfm.elcorteingles.es/SGFM/dctm/MEDIA03/201608/31/00118011300490____1__600x600.jpg","price":"1,98 €","price_unit":"(31,43 € / Kilo)","categories":["Supermercado","Alimentación General","Conservas de pescado","Berberechos","ALIADA berberechos al natural 60-80 piezas lata 63 g neto escurrido"],"general_information":["Denominación del alimento: Berberechos al natural. Tamaño pequeño","Nombre del operador: Elaborado para el Grupo El Corte Inglés\nHermosilla, 112 - 28009 Madrid ? España por CIF: A-15010564","Cantidad Neta: 111 g","Peso neto escurrido: 63 g"],"ingredients":[" Ingredientes: Berberechos (Cerastoderma edule), agua y sal"],"conservation":" Conservar en lugar fresco y seco","ean":"8433329066044"},{"full_name":"PATRON berberechos al natural gran selección gigantes 20-30 piezas lata 63 g","name":"berberechos al natural gran selección gigantes 20-30 piezas lata 63 g","brand":"PATRON ","img":"https://sgfm.elcorteingles.es/SGFM/dctm/MEDIA03/201703/15/00118011300375____6__600x600.jpg","price":"8,75 €","price_unit":"(138,89 € / Kilo)","categories":["Supermercado","Alimentación General","Conservas de pescado","Berberechos","PATRON berberechos al natural gran selección gigantes 20-30 piezas lata 63 g"],"general_information":["Denominación del alimento: Berberechos","País de origen: Países Bajos","Nombre del operador: Patrón Conservas, S.L.U","Dirección del operador: C/ Celeste 22 - 28043 Madrid - España","Cantidad Neta: 111 g","Peso neto escurrido: 63 g","Porcentaje de alcohol: 0.00%"],"ingredients":[" Berberechos (Cerastoderma edule), agua, sal, <0,2% Acidulantes (E330, E331) y  <0,0075% Antioxidante (E385)"],"conservation":" Conservar en lugar fresco y seco. Una vez abierto, preferiblemente consumir en su totalidad.","ean":"8710557013522"},{"full_name":"PATRON berberechos al natural gran selección 25-35 piezas lata 63 g neto escurrido","name":"berberechos al natural gran selección 25-35 piezas lata 63 g neto escurrido","brand":"PATRON ","img":"https://sgfm.elcorteingles.es/SGFM/dctm/MEDIA03/201702/13/00118011300086____6__600x600.jpg","price":"7,80 €","price_unit":"(123,81 € / Kilo)","categories":["Supermercado","Alimentación General","Conservas de pescado","Berberechos","PATRON berberechos al natural gran selección 25-35 piezas lata 63 g neto escurrido"],"general_information":["Denominación del alimento: Berberechos","País de origen: Países Bajos","Nombre del operador: Patrón Conservas, S.L.U.","Dirección del operador: C/ Celeste 22 - 28043 Madrid - España","Cantidad Neta: 111 g","Peso neto escurrido: 63 g","Porcentaje de alcohol: 0.00%","Otras menciones obligatorias en la etiqueta: Producto esterilizado, Sin gluten, Sin colorantes."],"ingredients":[" Berberechos (Cerastoderma edule), agua, sal, <0,2% Acidulantes (E330, E331) y <0,0075%  Antioxidante (E385)"],"conservation":" Conservar en lugar fresco y seco. Una vez abierto, preferiblemente consumir en su totalidad.","ean":"8710557013058"},{"full_name":"PATRON berberechos al natural gran selección 30-40 piezas lata 63 g neto escurrido","name":"berberechos al natural gran selección 30-40 piezas lata 63 g neto escurrido","brand":"PATRON ","img":"https://sgfm.elcorteingles.es/SGFM/dctm/MEDIA03/201709/14/00118011300094____6__600x600.jpg","price":"6,95 €","price_unit":"(110,32 € / Kilo)","categories":["Supermercado","Alimentación General","Conservas de pescado","Berberechos","PATRON berberechos al natural gran selección 30-40 piezas lata 63 g neto escurrido"],"general_information":["Denominación del alimento: Berberecho","País de origen: Países Bajos","Nombre del operador: Patrón Conservas, S.L.U.","Dirección del operador: C/ Celeste 22 - 28043 Madrid - España","Cantidad Neta: 111 g","Peso neto escurrido: 63 g","Porcentaje de alcohol: 0.00%"],"ingredients":[" Berberechos (Cerastoderma edule), agua, sal, <0,2% Acidulantes (E330, E331) y <0,0075%  Antioxidante (E385)"],"conservation":" Conservar en lugar fresco y seco. Una vez abierto, preferiblemente consumir en su totalidad.","ean":"8710557013539"},{"full_name":"PATRON berberechos al natural gran selección 45-55 piezas lata 63 g neto escurrido","name":"berberechos al natural gran selección 45-55 piezas lata 63 g neto escurrido","brand":"PATRON ","img":"https://sgfm.elcorteingles.es/SGFM/dctm/MEDIA03/201712/12/00118011300144____1__600x600.jpg","price":"4,50 €","price_unit":"(71,43 € / Kilo)","categories":["Supermercado","Alimentación General","Conservas de pescado","Berberechos","PATRON berberechos al natural gran selección 45-55 piezas lata 63 g neto escurrido"],"general_information":["Denominación del alimento: Berberecho","País de origen: Países Bajos","Nombre del operador: Patrón Conservas, S.L.U","Dirección del operador: Celeste, 22 28043 Madrid","Cantidad Neta: 111 g","Peso neto escurrido: 63 g","Porcentaje de alcohol: 0%","Otras menciones obligatorias en la etiqueta: Producto esterilizado, Sin gluten, Sin colorantes."],"ingredients":[" Berberechos (Cerastoderma  edule), agua, sal, <0,2% Acidulantes (E330, E331) y <0,0075%  Antioxidante (E385)"],"conservation":" Conservar en lugar fresco y seco. Una vez abierto, preferiblemente consumir en su totalidad","ean":"8710557013553"},{"full_name":"PATRON berberechos al natura gran selecciónl 50-60 piezas lata 63 g neto escurrido","name":"berberechos al natura gran selecciónl 50-60 piezas lata 63 g neto escurrido","brand":"PATRON ","img":"https://sgfm.elcorteingles.es/SGFM/dctm/MEDIA03/201703/15/00200111300224____1__600x600.jpg","price":"4,25 €","price_unit":"(67,46 € / Kilo)","categories":["Supermercado","Alimentación General","Conservas de pescado","Berberechos","PATRON berberechos al natura gran selecciónl 50-60 piezas lata 63 g neto escurrido"],"general_information":["Denominación del alimento: Berberechos","País de origen: Países Bajos","Nombre del operador: Patrón Conservas, S.L.U.","Dirección del operador: Celeste, 22 28043 Madrid","Cantidad Neta: 111 g","Peso neto escurrido: 63 g","Porcentaje de alcohol: 0.00%"],"ingredients":[" Berberechos (Cerastoderma  edule), agua, sal, <0,2% Acidulantes (E330, E331) y <0,0075%  Antioxidante (E385)"],"conservation":" Conservar en lugar fresco y seco. Una vez abierto, preferiblemente consumir en su totalidad","ean":"8710557013560"},{"full_name":"PATRON berberechos al natural bote 90 g neto escurrido","name":"berberechos al natural bote 90 g neto escurrido","brand":"PATRON ","img":"https://sgfm.elcorteingles.es/SGFM/dctm/MEDIA03/201702/13/00118011300573____6__600x600.jpg","price":"2,95 €","price_unit":"(32,78 € / Kilo)","categories":["Supermercado","Alimentación General","Conservas de pescado","Berberechos","PATRON berberechos al natural bote 90 g neto escurrido"],"general_information":["Denominación del alimento: Berberechos","País de origen: Países Bajos","Nombre del operador: Patrón Conservas, S.L.U.","Dirección del operador: C/ Celeste, 22 28043 Madrid - España","Cantidad Neta: 185 g","Peso neto escurrido: 90 g","Porcentaje de alcohol: 0.00%"],"ingredients":[" Berberechos (Cerastoderma  edule), agua, sal, <0,2% Acidulantes (E330, E331) y <0,0075%  Antioxidante (E385)"],"conservation":" Conservar en lugar fresco y seco. Una vez abierto consumir preferiblemente en su totalidad.","ean":"8710557013683"},{"full_name":"PATRON berberechos al natural gran selección 40-50 piezas lata 63 g neto escurrido","name":"berberechos al natural gran selección 40-50 piezas lata 63 g neto escurrido","brand":"PATRON ","img":"https://sgfm.elcorteingles.es/SGFM/dctm/MEDIA03/201703/15/00118011300235____1__600x600.jpg","price":"5,10 €","price_unit":"(80,95 € / Kilo)","categories":["Supermercado","Alimentación General","Conservas de pescado","Berberechos","PATRON berberechos al natural gran selección 40-50 piezas lata 63 g neto escurrido"],"general_information":["Denominación del alimento: Berberechos","País de origen: Países Bajos","Nombre del operador: Patrón Conservas, S.L.U.","Dirección del operador: Celeste, 22 28043 Madrid","Cantidad Neta: 111 g","Peso neto escurrido: 63 g","Porcentaje de alcohol: 0.00%"],"ingredients":[" Berberechos (Cerastoderma  edule), agua, sal, <0,2% Acidulantes (E330, E331) y <0,0075%  Antioxidante (E385)"],"conservation":" Conservar en lugar fresco y seco. Una vez abierto, preferiblemente consumir en su totalidad","ean":"8710557013546"},{"full_name":"PATRON berberechos al natural 65-80 piezas lata 63 g neto escurrido","name":"berberechos al natural 65-80 piezas lata 63 g neto escurrido","brand":"PATRON ","img":"https://sgfm.elcorteingles.es/SGFM/dctm/MEDIA03/201702/21/00118011300581____6__600x600.jpg","price":"2,86 €","price_unit":"(45,40 € / Kilo)","categories":["Supermercado","Alimentación General","Conservas de pescado","Berberechos","PATRON berberechos al natural 65-80 piezas lata 63 g neto escurrido"],"general_information":["Denominación del alimento: Berberechos","País de origen: Países Bajos","Nombre del operador: Patrón Conservas, S.L.U","Dirección del operador: C/ Celeste, 22 28043 Madrid - España","Cantidad Neta: 111 g","Peso neto escurrido: 63 mg","Porcentaje de alcohol: 0.00%"],"ingredients":[" Berberechos (Cerastoderma  edule), agua, sal, <0,2% Acidulantes (E330, E331) y <0,0075%  Antioxidante (E385)"],"conservation":" Conservar en lugar fresco y seco. Una vez abierto, preferiblemente consumir en su totalidad.","ean":"8710557015373"},{"full_name":"CUCA berberechos al natural 20-35 piezas lata 63 g neto escurrido","name":"berberechos al natural 20-35 piezas lata 63 g neto escurrido","brand":"CUCA ","img":"https://sgfm.elcorteingles.es/SGFM/dctm/MEDIA02/CONTENIDOS/201412/10/00118011300045____1__600x600.jpg","price":"9,73 €","price_unit":"(154,44 € / Kilo)","categories":["Supermercado","Alimentación General","Conservas de pescado","Berberechos","CUCA berberechos al natural 20-35 piezas lata 63 g neto escurrido"],"general_information":["Denominación del alimento: BERBERECHOS AL NATURAL MEDIANOS","Nombre del operador: CONSERVAS SELECTAS DE GALICIA SL","Dirección del operador: Virxe das Mareas s/n 36980 O Grove","Cantidad Neta: 115 g","Peso neto escurrido: 63 g"],"ingredients":[" Berberechos, agua y sal."],"ean":"8410698018201"},{"full_name":"CUCA berberechos al natural lata 63 g neto escurrido 30-40 piezas","name":"berberechos al natural lata 63 g neto escurrido","brand":"CUCA ","img":"https://sgfm.elcorteingles.es/SGFM//00/01/1/0118011300011/0118011300011000g01011.jpg","price":"7,16 €","price_unit":"(113,65 € / Kilo)","categories":["Supermercado","Alimentación General","Conservas de pescado","Berberechos","CUCA berberechos al natural lata 63 g neto escurrido 30-40 piezas"],"general_information":["Denominación del alimento: BERBERECHOS AL NATURAL MEDIANOS","Nombre del operador: CONSERVAS SELECTAS DE GALICIA SL","Dirección del operador: Virxe das Mareas s/n 36980 O Grove","Cantidad Neta: 115 g","Peso neto escurrido: 63 g"],"ingredients":[" Berberechos, agua y sal."],"ean":"8410698018218"},{"full_name":"CUCA berberechos al natural lata 63 g neto escurrido 40-50 piezas","name":"berberechos al natural lata 63 g neto escurrido","brand":"CUCA ","img":"https://sgfm.elcorteingles.es/SGFM/00/02/9/0118011300029/0118011300029000g01011.jpg","price":"5,46 €","price_unit":"(86,67 € / Kilo)","categories":["Supermercado","Alimentación General","Conservas de pescado","Berberechos","CUCA berberechos al natural lata 63 g neto escurrido 40-50 piezas"],"general_information":["Denominación del alimento: BERBERECHOS AL NATURAL MEDIANOS","Nombre del operador: CONSERVAS SELECTAS DE GALICIA SL","Dirección del operador: Virxe das Mareas s/n 36980 O Grove","Cantidad Neta: 115 g","Peso neto escurrido: 63 g"],"ingredients":[" Berberechos, agua y sal."],"ean":"8410698018225"},{"full_name":"CUCA berberechos al natural 50-60 piezas lata 63 g neto escurrido","name":"berberechos al natural 50-60 piezas lata 63 g neto escurrido","brand":"CUCA ","img":"https://sgfm.elcorteingles.es/SGFM/00/03/7/0118011300037/0118011300037000g01011.jpg","price":"6,64 €","price_unit":"(105,40 € / Kilo)","categories":["Supermercado","Alimentación General","Conservas de pescado","Berberechos","CUCA berberechos al natural 50-60 piezas lata 63 g neto escurrido"],"general_information":["Denominación del alimento: BERBERECHOS AL NATURAL PEQ","Nombre del operador: CONSERVAS SELECTAS DE GALICIA SL","Dirección del operador: Virxe das Mareas s/n 36980 O Grove","Cantidad Neta: 115 g","Peso neto escurrido: 63 g"],"ingredients":[" Berberechos, agua y sal."],"ean":"8410698018324"},{"full_name":"NOLY berberechos de Holanda al natural pequeños lata 65 g neto escurrido","name":"berberechos de Holanda al natural pequeños lata 65 g neto escurrido","brand":"NOLY ","img":"https://sgfm.elcorteingles.es/SGFM/dctm/MEDIA03/201704/10/00118011300342____1__600x600.jpg","price":"2,30 €","price_unit":"(35,38 € / Kilo)","categories":["Supermercado","Alimentación General","Conservas de pescado","Berberechos","NOLY berberechos de Holanda al natural pequeños lata 65 g neto escurrido"],"general_information":["Denominación del alimento: Berberello","Nombre del operador: Conservas Noly, S.A.","Dirección del operador: Pol. Ind. La Estrella  C/ Júpiter s/n  30500 Molina de Segura - Murcia","Cantidad Neta: 102 g","Peso neto escurrido: 58 g","Otras menciones obligatorias en la etiqueta: Tamaño pequeño."],"ingredients":[" Berberechos, agua y sal."],"conservation":" Consérvese en lugar fresco y seco. Una vez abierto se recomienda mantener refrigerado consumir antes de 2 días.","ean":"8413548010028"},{"full_name":"NOLY berberechos de Holanda al natural lata 65 g neto escurrido 45-55 piezas","name":"berberechos de Holanda al natural lata 65 g neto escurrido","brand":"NOLY ","img":"https://sgfm.elcorteingles.es/SGFM/00/06/0/0118011300060/0118011300060000g01011.jpg","price":"3,70 €","price_unit":"(56,92 € / Kilo)","categories":["Supermercado","Alimentación General","Conservas de pescado","Berberechos","NOLY berberechos de Holanda al natural lata 65 g neto escurrido 45-55 piezas"],"general_information":["Denominación del alimento: Berberello","Nombre del operador: Conservas Noly, S.A.","Dirección del operador: Pol. Ind. La Estrella  C/ Júpiter s/n  30500 Molina de Segura - Murcia","Cantidad Neta: 102 g","Peso neto escurrido: 58 g","Otras menciones obligatorias en la etiqueta: Tamaño mediano."],"ingredients":[" Berberechos, agua y sal."],"conservation":" Consérvese en lugar fresco y seco. Una vez abierto se recomienda mantener refrigerado consumir antes de 2 días.","ean":"8413548010073"},{"full_name":"CABO DE PEÑAS berberechos al natural 45-55 piezas lata 63 g neto escurrido","name":"berberechos al natural 45-55 piezas lata 63 g neto escurrido","brand":"CABO DE PEÑAS ","img":"https://sgfm.elcorteingles.es/SGFM/dctm/MEDIA02/CONTENIDOS/201506/18/00118011300151____1__600x600.jpg","price":"4,66 €","price_unit":"(73,97 € / Kilo)","categories":["Supermercado","Alimentación General","Conservas de pescado","Berberechos","CABO DE PEÑAS berberechos al natural 45-55 piezas lata 63 g neto escurrido"],"general_information":["Denominación del alimento: Berberechos Al Natural","Nombre del operador: Conservas Del Noroeste, S.A.","Dirección del operador: Acuña, S/N - 36141 Vilaboa (Pontevedra)","Cantidad Neta: 111 g","Peso neto escurrido: 63 g"],"ingredients":[" Berberechos, agua y sal"],"conservation":" Conservar en lugar fresco y seco","ean":"8411555090163"},{"full_name":"CABO DE PEÑAS berberechos de Holanda al natural lata 63 g neto escurrido 35-45 piezas","name":"berberechos de Holanda al natural lata 63 g neto escurrido","brand":"CABO DE PEÑAS ","img":"https://sgfm.elcorteingles.es/SGFM/dctm/MEDIA02/CONTENIDOS/201412/10/00118011300185____1__600x600.jpg","price":"5,95 €","price_unit":"(94,44 € / Kilo)","categories":["Supermercado","Alimentación General","Conservas de pescado","Berberechos","CABO DE PEÑAS berberechos de Holanda al natural lata 63 g neto escurrido 35-45 piezas"],"general_information":["Denominación del alimento: BERBERECHOS AL NATURAL","Nombre del operador: CONSERVAS DEL NOROESTE, S.A.","Dirección del operador: ACUÑA, S/N - 36141 VILABOA (PONTEVEDRA)","Cantidad Neta: 111 g","Peso neto escurrido: 63 g"],"ingredients":[" Berberechos, agua y sal"],"conservation":" Conservar en lugar fresco y seco","ean":"8411555090262"},{"full_name":"CABO DE PEÑAS berberechos al natural 65-75 lata 63 g neto escurrido","name":"berberechos al natural 65-75 lata 63 g neto escurrido","brand":"CABO DE PEÑAS ","img":"https://sgfm.elcorteingles.es/SGFM/dctm/MEDIA03/201703/03/00118011300599____1__600x600.jpg","price":"4,28 €","price_unit":"(67,94 € / Kilo)","categories":["Supermercado","Alimentación General","Conservas de pescado","Berberechos","CABO DE PEÑAS berberechos al natural 65-75 lata 63 g neto escurrido"],"general_information":["Denominación del alimento: Berberechos Al Natural","Nombre del operador: Conservas Del Noroeste, S.A.","Dirección del operador: Acuña, S/N - 36141 Vilaboa (Pontevedra)","Cantidad Neta: 111 g","Peso neto escurrido: 63 g"],"ingredients":[" Berberechos, agua y sal"],"conservation":" Conservar en lugar fresco y seco","ean":"8411555090453"},{"full_name":"DANI berberechos al natural de las rías gallegas 30-40 piezas lata 63 g neto escurrido","name":"berberechos al natural de las rías gallegas 30-40 piezas lata 63 g neto escurrido","brand":"DANI ","img":"https://sgfm.elcorteingles.es/SGFM/dctm/MEDIA03/201612/13/00118011300565____1__600x600.jpg","price":"9,61 €","price_unit":"(152,54 € / Kilo)","categories":["Supermercado","Alimentación General","Conservas de pescado","Berberechos","DANI berberechos al natural de las rías gallegas 30-40 piezas lata 63 g neto escurrido"],"general_information":["Denominación del alimento: Berberechos al natural","Nombre del operador: Conservas Dani, S.A.U.","Dirección del operador: Pol. Ind. \"Els Garrofers\" parc 32-35-37. 08340 Vilassar de Mar (Barcelona)","Cantidad Neta: 111 g","Peso neto escurrido: 63 g"],"ingredients":[" Berberechos, agua y sal"],"conservation":" Mantener en lugar fresco y seco. Una vez abierto conservar en refrigeración y consumir antes de 24 horas.","ean":"8410721115006"},{"full_name":"DANI berberechos al natural de las rías gallegas 20-30 piezas lata 63 g neto escurrido","name":"berberechos al natural de las rías gallegas 20-30 piezas lata 63 g neto escurrido","brand":"DANI ","img":"https://sgfm.elcorteingles.es/SGFM/dctm/MEDIA03/201612/13/00118011300557____1__600x600.jpg","price":"10,69 €","price_unit":"(169,68 € / Kilo)","categories":["Supermercado","Alimentación General","Conservas de pescado","Berberechos","DANI berberechos al natural de las rías gallegas 20-30 piezas lata 63 g neto escurrido"],"general_information":["Denominación del alimento: Berberechos al natural","Nombre del operador: Conservas Dani, S.A.U.","Dirección del operador: Pol. Ind. \"Els Garrofers\" parc 32-35-37. 08340 Vilassar de Mar (Barcelona)","Cantidad Neta: 111 g","Peso neto escurrido: 63 g"],"ingredients":[" Berberechos, agua y sal"],"conservation":" Mantener en lugar fresco y seco. Una vez abierto conservar en refrigeración y consumir antes de 24 horas.","ean":"8410721114993"},{"full_name":"DANI berberechos al natural 40-50 piezas lata 63 g","name":"berberechos al natural 40-50 piezas lata 63 g","brand":"DANI ","img":"https://sgfm.elcorteingles.es/SGFM/dctm/MEDIA02/CONTENIDOS/201409/23/00118011300326____1__600x600.jpg","price":"3,55 €","price_unit":"(56,35 € / Kilo)","categories":["Supermercado","Alimentación General","Conservas de pescado","Berberechos","DANI berberechos al natural 40-50 piezas lata 63 g"],"general_information":["Denominación del alimento: Berberechos al Natural","Nombre del operador: Conservas Dani S.A.U.","Dirección del operador: Pol. Ind. \"Els Garrofers\" · Parc 32-35-37, Vilassar de Mar (Barcelona)","Cantidad Neta: 102,0 g"],"ingredients":[" Berberechos, agua, sal"],"conservation":" Una vez abierto mantener en refrigeración y consumir inmediatamente","ean":"8410721092994"},{"full_name":"DANI berberechos mini al natural lata 90 g","name":"berberechos mini al natural lata 90 g","brand":"DANI ","img":"https://sgfm.elcorteingles.es/SGFM/00/33/4/0118011300334/0118011300334000g01011.jpg","price":"2,92 €","price_unit":"(32,44 € / Kilo)","categories":["Supermercado","Alimentación General","Conservas de pescado","Berberechos","DANI berberechos mini al natural lata 90 g"],"general_information":["Denominación del alimento: Berberechos al Natural","Nombre del operador: Conservas Dani S.A.U.","Dirección del operador: Pol. Ind. \"Els Garrofers\" · Parc 32-35-37, Vilassar de Mar (Barcelona)","Cantidad Neta: 102,0 g"],"ingredients":[" Berberechos, agua, sal"],"conservation":" Una vez abierto mantener en refrigeración y consumir inmediatamente","ean":"8410721095544"},{"full_name":"DANI berberechos al natural 45-55 piezas lata 63 g neto escurrido","name":"berberechos al natural 45-55 piezas lata 63 g neto escurrido","brand":"DANI ","img":"https://sgfm.elcorteingles.es/SGFM/00/24/3/0118011300243/0118011300243000g01011.jpg","price":"2,91 €","price_unit":"(46,19 € / Kilo)","categories":["Supermercado","Alimentación General","Conservas de pescado","Berberechos","DANI berberechos al natural 45-55 piezas lata 63 g neto escurrido"],"general_information":["Denominación del alimento: Berberechos al natural","Nombre del operador: Conservas Dani S.A.U.","Dirección del operador: Pol. Ind. \"Els Garrofers\" · Parc 32-35-37 08340  Vilassar de Mar (Barcelona)","Cantidad Neta: 58,0 g"],"ingredients":[" Berberechos, agua y sal."],"conservation":" Una vez abierto mantener en refrigeración y consumir antes de 24 horas.","ean":"8410721092864"},{"full_name":"DANI berberechos baby al natural pequeños lata 58 g neto escurrido","name":"berberechos baby al natural pequeños lata 58 g neto escurrido","brand":"DANI ","img":"https://sgfm.elcorteingles.es/SGFM/dctm/MEDIA03/201606/24/00118011300532____1__600x600.jpg","price":"2,31 €","price_unit":"(39,83 € / Kilo)","categories":["Supermercado","Alimentación General","Conservas de pescado","Berberechos","DANI berberechos baby al natural pequeños lata 58 g neto escurrido"],"general_information":["Denominación del alimento: Berberechos al natural","País de origen: Reino Unido","Nombre del operador: Conservas Dani S.A.U.","Dirección del operador: Pol. Ind. \"Els Garrofers\" · Parc 32-35-37, Vilassar de Mar (Barcelona)","Cantidad Neta: 102 g"],"ingredients":[" Berberechos, agua y sal"],"conservation":" Una vez abierto mantener en refrigeración y consumir antes de 24h","ean":"8410721114504"},{"full_name":"ESPINALER berberechos al natural de las rías gallegas 50-60 piezas lata 65 g neto escurrido","name":"berberechos al natural de las rías gallegas 50-60 piezas lata 65 g neto escurrido","brand":"ESPINALER ","img":"https://sgfm.elcorteingles.es/SGFM/dctm/MEDIA03/201702/23/00118005200318____1__600x600.jpg","price":"7,21 €","price_unit":"(110,92 € / Kilo)","categories":["Supermercado","Alimentación General","Conservas de pescado","Berberechos","ESPINALER berberechos al natural de las rías gallegas 50-60 piezas lata 65 g neto escurrido"],"general_information":["Denominación del alimento: Berbe espinaler  OL-120 40/50","País de origen: España","Nombre del operador: Espinaler, S.L.","Dirección del operador: Pol. Ind. Els Garrofers -Av. Progrés, 47 - 08340 Vilassar de Mar (Barcelona)","Cantidad Neta: 111 g","Peso neto escurrido: 63 g"],"ingredients":[" Berberechos (Cerastoderma Edule), agua y sal."],"conservation":" Conservar en lugar fresco y seco. Consumir inmediatamente después de su apertura.","ean":"8427230976165"},{"full_name":"ESCURIS berberechos de las rías gallegas al natural lata 65 g 30-40 piezas","name":"berberechos de las rías gallegas al natural lata 65 g","brand":"ESCURIS ","img":"https://sgfm.elcorteingles.es/SGFM/00/28/4/0118005200284/0118005200284000g01011.jpg","price":"18,24 €","price_unit":"(280,62 € / Kilo)","categories":["Supermercado","Alimentación General","Conservas de pescado","Berberechos","ESCURIS berberechos de las rías gallegas al natural lata 65 g 30-40 piezas"],"general_information":["Denominación del alimento: BERBERECHOS AL NATURAL","Nombre del operador: ESCURIS, S.L.","Dirección del operador: C/ Bayuca, s/n 15940 Puebla del Caramiñal ( A Coruña) España","Cantidad Neta: 111 g","Peso neto escurrido: 63 g"],"ingredients":[" Berberechos, Agua, Sal"],"ean":"8410124100104"},{"full_name":"PACO LAFUENTE berberechos de las rías gallegas al natural lata 65 g neto escurrido 35-40 piezas","name":"berberechos de las rías gallegas al natural lata 65 g neto escurrido","brand":"PACO LAFUENTE ","img":"https://sgfm.elcorteingles.es/SGFM/dctm/MEDIA02/CONTENIDOS/201409/09/00118005200011____1__600x600.jpg","price":"9,30 €","price_unit":"(143,08 € / Kilo)","categories":["Supermercado","Alimentación General","Conservas de pescado","Berberechos","PACO LAFUENTE berberechos de las rías gallegas al natural lata 65 g neto escurrido 35-40 piezas"],"general_information":["Denominación del alimento: Berberechos al natural","País de origen: España","Nombre del operador: CONSERVERA GALLEGA S.A.","Dirección del operador: C/El Castro s/n 36620 - Villanueva de Arosa - Pontevedra","Lugar de procedencia del alimento: España","Cantidad Neta: 120,0 Mililitros","Peso neto escurrido: 75,0 g","Otras menciones obligatorias en la etiqueta: FÁCIL APERTURA"],"ingredients":[" Berberechos, agua y sal."],"ean":"8414279109357"},{"full_name":"BOGAR berberechos al natural pequeños lata 63 g neto escurrido","name":"berberechos al natural pequeños lata 63 g neto escurrido","brand":"BOGAR ","img":"https://sgfm.elcorteingles.es/SGFM/dctm/MEDIA02/CONTENIDOS/201412/10/00118011300441____2__600x600.jpg","price":"2,37 €","price_unit":"(37,62 € / Kilo)","categories":["Supermercado","Alimentación General","Conservas de pescado","Berberechos","BOGAR berberechos al natural pequeños lata 63 g neto escurrido"],"general_information":["Denominación del alimento: Berberechos al natural pequeños.","Nombre del operador: Conservas de Cambados, S.L.","Dirección del operador: Lg de Porto, 36636 Barrantes - Ribadumia, Pontevedra.","Cantidad Neta: 111 g","Peso neto escurrido: 63 g"],"ingredients":[" Berberechos (56.76%), agua (41.18%), sal (2.06%)."],"conservation":" Conservar a temperatura ambiente. Una vez abierto conservar en frigorífico y consumir antes de 2 días.","ean":"8436015208438"},{"full_name":"PORTOMAR SERIE NAUTICA berberechos de las rías gallegas al natural 35-45 piezas lata 62 g neto escurrido","name":"berberechos de las rías gallegas al natural 35-45 piezas lata 62 g neto escurrido","brand":"PORTOMAR SERIE NAUTICA ","price":"5,99 €","price_unit":"(95,08 € / Kilo)","categories":["Supermercado","Alimentación General","Conservas de pescado","Berberechos","PORTOMAR SERIE NAUTICA berberechos de las rías gallegas al natural 35-45 piezas lata 62 g neto escurrido"],"general_information":[],"ingredients":[],"ean":"8436035152919"},{"full_name":"VIAMARIS SELECCION berberechos al natural de las rías gallegas 20-30 piezas lata 63 g neto escurrido","name":"berberechos al natural de las rías gallegas 20-30 piezas lata 63 g neto escurrido","brand":"VIAMARIS SELECCION ","img":"https://sgfm.elcorteingles.es/SGFM/dctm/MEDIA03/201611/11/00118005200391____1__600x600.jpg","price":"9,25 €","price_unit":"(146,83 € / Kilo)","categories":["Supermercado","Alimentación General","Conservas de pescado","Berberechos","VIAMARIS SELECCION berberechos al natural de las rías gallegas 20-30 piezas lata 63 g neto escurrido"],"general_information":[],"ingredients":[],"ean":"8436541130050"},{"full_name":"NOLY al natural holandeses bote 90 g neto escurrido","name":"al natural holandeses bote 90 g neto escurrido","brand":"NOLY ","img":"https://sgfm.elcorteingles.es/SGFM/00/38/0/0200111300380/0200111300380000g01011.jpg","price":"2,81 €","price_unit":"(31,22 € / Kilo)","categories":["Supermercado","Alimentación General","Conservas de pescado","Berberechos","NOLY al natural holandeses bote 90 g neto escurrido"],"general_information":["Denominación del alimento: Berberello","Nombre del operador: Conservas Noly, S.A.","Dirección del operador: Pol. Ind. La Estrella  C/ Júpiter s/n  30500 Molina de Segura - Murcia","Cantidad Neta: 185 g","Peso neto escurrido: 90 g","Otras menciones obligatorias en la etiqueta: Tamaño pequeño."],"ingredients":[" Berberechos, agua y sal."],"conservation":" Consérvese en lugar fresco y seco. Una vez abierto se recomienda mantener refrigerado consumir antes de 2 días.","ean":"8413548010189"},{"full_name":"PORTOMAR SERIE NAUTICA kit de aperitivos con navajas, mejillones y berberechos lata 111 g + vino Albariño Rías Baixas botella 37,5 ml","name":"kit de aperitivos con navajas, mejillones y berberechos lata 111 g","brand":"PORTOMAR SERIE NAUTICA ","img":"https://sgfm.elcorteingles.es/SGFM/dctm/MEDIA03/201703/03/00118048000295____1__600x600.jpg","price":"17,50 €            ","price_unit":"(9,67 € / Kilo)","categories":["Supermercado","Alimentación General","Conservas de pescado","Berberechos","PORTOMAR SERIE NAUTICA kit de aperitivos con navajas, mejillones y berberechos lata 111 g + vino Albariño Rías Baixas botella 37,5 ml"],"general_information":[],"ingredients":[],"ean":"8436035150489"},{"full_name":"EL CORTE INGLES mejillones en escabeche de las rías gallegas 8-12 piezas lata 69 g neto escurrido","name":"mejillones en escabeche de las rías gallegas 8-12 piezas lata 69 g neto escurrido","brand":"EL CORTE INGLES ","img":"https://sgfm.elcorteingles.es/SGFM/dctm/MEDIA03/201707/13/00118015101167____1__600x600.jpg","price":"3,26 €","price_unit":"(47,25 € / Kilo)","categories":["Supermercado","Alimentación General","Conservas de pescado","Mejillones en escabeche","EL CORTE INGLES mejillones en escabeche de las rías gallegas 8-12 piezas lata 69 g neto escurrido"],"general_information":["Denominación del alimento: Mejillones en escabeche. Tamaño mediano.","País de origen: España","Nombre del operador: Elaborado para El Corte Inglés por Conservas Portomar, S.L.U. Polígono Industrial do Pousadoiro parcelas 2 y 3. 36617 Vilagarcia de Arousa. Pontevedra - España","Lugar de procedencia del alimento: Rías Gallegas","Cantidad Neta: 111 g","Peso neto escurrido: 69 g"],"ingredients":[" Ingredientes: Mejillones (Mytilus galloprovincialis),  aceite de oliva, vinagre y especias."],"conservation":" Conservar en lugar fresco y seco. Una vez abierto mantener en refrigeración máximo 24  horas.","ean":"8433329080880"},{"full_name":"EL CORTE INGLES mejillones en escabeche de las rías gallegas 6-8 piezas lata 69 g neto escurrido","name":"mejillones en escabeche de las rías gallegas 6-8 piezas lata 69 g neto escurrido","brand":"EL CORTE INGLES ","img":"https://sgfm.elcorteingles.es/SGFM/dctm/MEDIA03/201710/05/00200115101206____1__600x600.jpg","price":"5,36 €","price_unit":"(77,68 € / Kilo)","categories":["Supermercado","Alimentación General","Conservas de pescado","Mejillones en escabeche","EL CORTE INGLES mejillones en escabeche de las rías gallegas 6-8 piezas lata 69 g neto escurrido"],"general_information":["Denominación del alimento: Mejillones en escabeche. Tamaño mediano.","País de origen: España","Nombre del operador: Elaborado para El Corte Inglés por Conservas Portomar, S.L.U. Polígono Industrial do Pousadoiro parcelas 2 y 3. 36617 Vilagarcia de Arousa. Pontevedra - España","Lugar de procedencia del alimento: Rías Gallegas","Cantidad Neta: 111 g","Peso neto escurrido: 69 g"],"ingredients":[" Ingredientes: Mejillones (Mytilus galloprovincialis),  aceite de oliva, vinagre y especias."],"conservation":" Conservar en lugar fresco y seco. Una vez abierto mantener en refrigeración máximo 24  horas.","ean":"8433329080873"},{"full_name":"EL CORTE INGLES mejillones en escabeche picante de las rías gallegas 8-12 piezas lata 69 g neto escurrido","name":"mejillones en escabeche picante de las rías gallegas 8-12 piezas lata 69 g neto escurrido","brand":"EL CORTE INGLES ","img":"https://sgfm.elcorteingles.es/SGFM/dctm/MEDIA03/201709/01/00118003300375____2__600x600.jpg","price":"2,18 €","price_unit":"(31,59 € / Kilo)","categories":["Supermercado","Alimentación General","Conservas de pescado","Mejillones en escabeche","EL CORTE INGLES mejillones en escabeche picante de las rías gallegas 8-12 piezas lata 69 g neto escurrido"],"general_information":["Denominación del alimento: Mejillones en escabeche picante. Tamaño mediano","País de origen: España","Nombre del operador: Elaborado para El Corte Inglés por Conservas Portomar, S.L.U. Polígono Industrial do Pousadoiro parcelas 2 y 3. 36617 Vilagarcia de Arousa. Pontevedra - España","Lugar de procedencia del alimento: Rías Gallegas","Cantidad Neta: 111 g","Peso neto escurrido: 69 g"],"ingredients":[" Ingredientes: Mejillones (Mytilus galloprovincialis),  aceite de oliva, vinagre, especias y sal."],"conservation":" Conservar en lugar fresco y seco. Una vez abierto mantener en refrigeración máximo 24  horas.","ean":"8433329080897"},{"full_name":"ALIADA mejillones en escabeche de las rías gallegas 13-18 piezas lata 69 g neto escurrido","name":"mejillones en escabeche de las rías gallegas 13-18 piezas lata 69 g neto escurrido","brand":"ALIADA ","img":"https://sgfm.elcorteingles.es/SGFM/dctm/MEDIA03/201707/10/00118015100490____2__600x600.jpg","price":"0,99 €","price_unit":"(14,35 € / Kilo)","categories":["Supermercado","Alimentación General","Conservas de pescado","Mejillones en escabeche","ALIADA mejillones en escabeche de las rías gallegas 13-18 piezas lata 69 g neto escurrido"],"general_information":["Denominación del alimento: Mejillones en escabeche. Tamaño pequeño.","País de origen: España","Nombre del operador: Elaborado para el Grupo El Corte Inglés\nHermosilla, 112 - 28009 Madrid ? España por B36421139","Lugar de procedencia del alimento: Rías Gallegas","Cantidad Neta: 111 g","Peso neto escurrido: 69 g"],"ingredients":[" Ingredientes: Mejillones (Mytilus galloprovincialis),  aceite de girasol, vinagre, especias y sal."],"conservation":" Conservar en lugar fresco y seco. Una vez abierto mantener en refrigeración máximo 24  horas.","ean":"8433329080828"},{"full_name":"ALIADA mejillones en escabeche de las rías gallegas pack 3 lata 43 g neto escurrido","name":"mejillones en escabeche de las rías gallegas pack 3 lata 43 g neto escurrido","brand":"ALIADA ","img":"https://sgfm.elcorteingles.es/SGFM/dctm/MEDIA03/201707/10/00118015100482____2__600x600.jpg","price":"1,55 €","price_unit":"(12,02 € / Kilo)","categories":["Supermercado","Alimentación General","Conservas de pescado","Mejillones en escabeche","ALIADA mejillones en escabeche de las rías gallegas pack 3 lata 43 g neto escurrido"],"general_information":["Denominación del alimento: Mejillones en escabeche. Tamaño pequeño.","País de origen: España","Nombre del operador: Elaborado para el Grupo El Corte Inglés\nHermosilla, 112 - 28009 Madrid ? España por B36421139","Lugar de procedencia del alimento: Rías Gallegas","Cantidad Neta: 237 g","Peso neto escurrido: 129 g"],"ingredients":[" Ingredientes: Mejillones (Mytilus galloprovincialis),  aceite de girasol, vinagre, especias y sal."],"conservation":" Conservar en lugar fresco y seco. Una vez abierto mantener en refrigeración máximo 24  horas.","ean":"8433329080835"},{"full_name":"ALIADA mejillones en escabeche picantes de las rías gallegas 13-18 piezas lata 69 g neto escurrido","name":"mejillones en escabeche picantes de las rías gallegas 13-18 piezas lata 69 g neto escurrido","brand":"ALIADA ","img":"https://sgfm.elcorteingles.es/SGFM/dctm/MEDIA03/201707/13/00118003300342____1__600x600.jpg","price":"1,15 €","price_unit":"(16,67 € / Kilo)","categories":["Supermercado","Alimentación General","Conservas de pescado","Mejillones en escabeche","ALIADA mejillones en escabeche picantes de las rías gallegas 13-18 piezas lata 69 g neto escurrido"],"general_information":["Denominación del alimento: Mejillones en escabeche picante. Tamaño pequeño.","País de origen: España","Nombre del operador: Elaborado para el Grupo El Corte Inglés\nHermosilla, 112 - 28009 Madrid ? España por B36421139","Lugar de procedencia del alimento: Rías Gallegas","Cantidad Neta: 111 g","Peso neto escurrido: 69 g"],"ingredients":[" Ingredientes: Mejillones (Mytilus galloprovincialis),  aceite de oliva, vinagre,especias y sal."],"conservation":" Conservar en lugar fresco y seco. Una vez abierto mantener en refrigeración máximo 24  horas.","ean":"8433329080842"},{"full_name":"CUCA mejillones en escabeche 8-10 piezas lata 69 g neto escurrido","name":"mejillones en escabeche 8-10 piezas lata 69 g neto escurrido","brand":"CUCA ","img":"https://sgfm.elcorteingles.es/SGFM/dctm/MEDIA02/CONTENIDOS/201408/21/00118015100011____2__600x600.jpg","price":"5,50 €","price_unit":"(79,71 € / Kilo)","categories":["Supermercado","Alimentación General","Conservas de pescado","Mejillones en escabeche","CUCA mejillones en escabeche 8-10 piezas lata 69 g neto escurrido"],"general_information":["Denominación del alimento: MEJILLONES EN ESCABECHE GRANDES","Nombre del operador: CONSERVAS SELECTAS DE GALICIA SL","Dirección del operador: Virxe das Mareas s/n 36980 O Grove","Cantidad Neta: 115 g","Peso neto escurrido: 69 g"],"ingredients":[" Mejillones, aceite de oliva, vinagre, especias y sal."],"ean":"8410698022888"},{"full_name":"CUCA mejillones fritos en escabeche 12-16 piezas lata 69 g neto escurrido","name":"mejillones fritos en escabeche 12-16 piezas lata 69 g neto escurrido","brand":"CUCA ","img":"https://sgfm.elcorteingles.es/SGFM/00/03/7/0118015100037/0118015100037000g01011.jpg","price":"3,17 €","price_unit":"(45,94 € / Kilo)","categories":["Supermercado","Alimentación General","Conservas de pescado","Mejillones en escabeche","CUCA mejillones fritos en escabeche 12-16 piezas lata 69 g neto escurrido"],"general_information":["Denominación del alimento: MEJILLONES EN ESCABECHE MEDIANOS","Nombre del operador: CONSERVAS SELECTAS DE GALICIA SL","Dirección del operador: Virxe das Mareas s/n 36980 O Grove","Cantidad Neta: 115 g","Peso neto escurrido: 69 g"],"ingredients":[" Mejillones, aceite de oliva, vinagre, especias y sal."],"ean":"8410698023120"},{"full_name":"CUCA mejillones en escabeche 6-8 piezas lata 69 g neto escurrido","name":"mejillones en escabeche 6-8 piezas lata 69 g neto escurrido","brand":"CUCA ","img":"https://sgfm.elcorteingles.es/SGFM/00/10/2/0118015100102/0118015100102000g01011.jpg","price":"7,07 €","price_unit":"(102,46 € / Kilo)","categories":["Supermercado","Alimentación General","Conservas de pescado","Mejillones en escabeche","CUCA mejillones en escabeche 6-8 piezas lata 69 g neto escurrido"],"general_information":["Denominación del alimento: MEJILLONES EN ESCABECHE GIGANTES","Nombre del operador: CONSERVAS SELECTAS DE GALICIA SL","Dirección del operador: Virxe das Mareas s/n 36980 O Grove","Cantidad Neta: 115 g","Peso neto escurrido: 69 g"],"ingredients":[" Mejillones, aceite de oliva, vinagre, especias y sal."],"ean":"8410698024158"},{"full_name":"ISABEL mejillones en escabeche de las rías gallegas pack 3 latas 43 g neto escurrido","name":"mejillones en escabeche de las rías gallegas pack 3 latas 43 g neto escurrido","brand":"ISABEL ","img":"https://sgfm.elcorteingles.es/SGFM/dctm/MEDIA03/201610/04/00118015100078____1__600x600.jpg","price":"2,37 €","price_unit":"(55,12 € / Kilo)","categories":["Supermercado","Alimentación General","Conservas de pescado","Mejillones en escabeche","ISABEL mejillones en escabeche de las rías gallegas pack 3 latas 43 g neto escurrido"],"general_information":["Denominación del alimento: MEJILLONES EN ESCABECHE PEQUEÑOS","Nombre del operador: CONSERVAS SELECTAS DE GALICIA SL","Dirección del operador: Virxe das Mareas s/n 36980 O Grove","Cantidad Neta: 240 g","Peso neto escurrido: 129 g"],"ingredients":[" Mejillones, aceite de girasol, vinagre, sal y aromas naturales."],"ean":"8410111761202"},{"full_name":"ISABEL mejillones en escabeche de las rías gallegas 8-12 piezas lata 69 g neto escurrido","name":"mejillones en escabeche de las rías gallegas 8-12 piezas lata 69 g neto escurrido","brand":"ISABEL ","img":"https://sgfm.elcorteingles.es/SGFM/dctm/MEDIA03/201610/04/00118015100060____1__600x600.jpg","price":"2,25 €","price_unit":"(35,71 € / Kilo)","categories":["Supermercado","Alimentación General","Conservas de pescado","Mejillones en escabeche","ISABEL mejillones en escabeche de las rías gallegas 8-12 piezas lata 69 g neto escurrido"],"general_information":["Denominación del alimento: MEJILLONES EN SALSA DE ESCABECHE MEDIANOS","Nombre del operador: CONSERVAS SELECTAS DE GALICIA SL","Dirección del operador: Virxe das Mareas s/n 36980 O Grove","Cantidad Neta: 115 g","Peso neto escurrido: 69 g"],"ingredients":[" Mejillones, aceite de girasol, vinagre, sal y aromas naturales."],"ean":"8410111762209"},{"full_name":"ISABEL mejillones en escabeche de las rías gallegas 13-18 piezas lata 69 g neto escurrido","name":"mejillones en escabeche de las rías gallegas 13-18 piezas lata 69 g neto escurrido","brand":"ISABEL ","img":"https://sgfm.elcorteingles.es/SGFM/dctm/MEDIA03/201610/04/00118015100094____1__600x600.jpg","price":"1,45 €","price_unit":"(21,01 € / Kilo)","categories":["Supermercado","Alimentación General","Conservas de pescado","Mejillones en escabeche","ISABEL mejillones en escabeche de las rías gallegas 13-18 piezas lata 69 g neto escurrido"],"general_information":["Denominación del alimento: MEJILLONES EN ESCABECHE","Nombre del operador: CONSERVAS SELECTAS DE GALICIA SL","Dirección del operador: Virxe das Mareas s/n 36980 O Grove","Cantidad Neta: 115 g","Peso neto escurrido: 69 g"],"ingredients":[" Mejillones, aceite de girasol, vinagre, sal y aromas naturales."],"ean":"8410111772208"},{"full_name":"CALVO mejillones en escabeche 14-19 piezas lata 69 g neto escurrido","name":"mejillones en escabeche 14-19 piezas lata 69 g neto escurrido","brand":"CALVO ","img":"https://sgfm.elcorteingles.es/SGFM/00/57/3/0118015100573/0118015100573000g01011.jpg","price":"1,33 €","price_unit":"(19,28 € / Kilo)","categories":["Supermercado","Alimentación General","Conservas de pescado","Mejillones en escabeche","CALVO mejillones en escabeche 14-19 piezas lata 69 g neto escurrido"],"general_information":["Denominación del alimento: Mejillones en escabeche de las Rías Gallegas. Tamaño pequeño","País de origen: España","Nombre del operador: Calvo Distribución Alimentaria SLU","Dirección del operador: Ctra. Coruña-Finisterre. 15106 Carballo. La Coruña","Cantidad Neta: 115 g","Peso neto escurrido: 69 g"],"ingredients":[" mejillones, aceite de girasol, vinagre de vino, sal y aroma natural"],"conservation":" Una vez abierto conservar en el frigorífico y consumir en 24 horas.","ean":"8410090710543"},{"full_name":"CALVO mejillones en escabeche de las rías gallegas 8-12 piezas lata 69 g neto escurrido","name":"mejillones en escabeche de las rías gallegas 8-12 piezas lata 69 g neto escurrido","brand":"CALVO ","img":"https://sgfm.elcorteingles.es/SGFM/dctm/MEDIA02/CONTENIDOS/201411/19/00118015100235____1__600x600.jpg","price":"2,45 €","price_unit":"(35,51 € / Kilo)","categories":["Supermercado","Alimentación General","Conservas de pescado","Mejillones en escabeche","CALVO mejillones en escabeche de las rías gallegas 8-12 piezas lata 69 g neto escurrido"],"general_information":["Denominación del alimento: Mejillones en escabeche de las Rías Gallegas. Tamaño mediano","País de origen: España","Nombre del operador: Calvo Distribución Alimentaria SLU","Dirección del operador: Ctra. Coruña-Finisterre. 15106 Carballo. La Coruña","Cantidad Neta: 115 g","Peso neto escurrido: 69 g"],"ingredients":[" mejillones, aceite de girasol, vinagre de vino, sal y aroma natural"],"conservation":" Una vez abierto conservar en el frigorífico y consumir en 24 horas.","ean":"8410090710437"},{"full_name":"CALVO mejillones en escabeche pack 3 latas 40 g neto escurrido","name":"mejillones en escabeche pack 3 latas 40 g neto escurrido","brand":"CALVO ","img":"https://sgfm.elcorteingles.es/SGFM/00/24/3/0118015100243/0118015100243000g01011.jpg","price":"2,45 €","price_unit":"(20,42 € / Kilo)","categories":["Supermercado","Alimentación General","Conservas de pescado","Mejillones en escabeche","CALVO mejillones en escabeche pack 3 latas 40 g neto escurrido"],"general_information":["Denominación del alimento: Mejillones en escabeche de las Rías Gallegas. Tamaño pequeño","País de origen: España","Nombre del operador: Calvo Distribución Alimentaria SLU","Dirección del operador: Ctra. Coruña-Finisterre. 15106 Carballo. La Coruña","Cantidad Neta: 240 g","Peso neto escurrido: 120 g","Número de raciones por envase: 3"],"ingredients":[" mejillones, aceite de girasol, vinagre de vino, sal y aroma natural"],"conservation":" Una vez abierto conservar en el frigorífico y consumir en 24 horas.","ean":"8410090720276"},{"full_name":"ESCURIS mejillones en escabeche con aceite de oliva fritos de las rías galletas elaborados a mano lata 160 g neto escurrido","name":"mejillones en escabeche con aceite de oliva fritos de las rías galletas elaborados a mano lata 160 g neto escurrido","brand":"ESCURIS ","img":"https://sgfm.elcorteingles.es/SGFM/dctm/MEDIA03/201712/11/00118015101332____1__600x600.jpg","price":"15,90 €            ","price_unit":"(87,19 € / Kilo)","categories":["Supermercado","Alimentación General","Conservas de pescado","Mejillones en escabeche","ESCURIS mejillones en escabeche con aceite de oliva fritos de las rías galletas elaborados a mano lata 160 g neto escurrido"],"general_information":[],"ingredients":[],"ean":"8410124049496"},{"full_name":"ESCURIS mejillones en escabeche fritos 6-8 piezas lata 70 g neto escurrido","name":"mejillones en escabeche fritos 6-8 piezas lata 70 g neto escurrido","brand":"ESCURIS ","img":"https://sgfm.elcorteingles.es/SGFM/00/26/8/0118015100268/0118015100268000g01011.jpg","price":"6,23 €","price_unit":"(89 € / Kilo)","categories":["Supermercado","Alimentación General","Conservas de pescado","Mejillones en escabeche","ESCURIS mejillones en escabeche fritos 6-8 piezas lata 70 g neto escurrido"],"general_information":[],"ingredients":[],"ean":"8410124020204"},{"full_name":"ESCURIS mejillones en escabeche de las rías gallegas fritos 8-10 piezas lata 70 g neto escurrido","name":"mejillones en escabeche de las rías gallegas fritos 8-10 piezas lata 70 g neto escurrido","brand":"ESCURIS ","img":"https://sgfm.elcorteingles.es/SGFM/00/33/4/0118015100334/0118015100334000g01011.jpg","price":"6,15 €            ","price_unit":"(84,29 € / Kilo)","categories":["Supermercado","Alimentación General","Conservas de pescado","Mejillones en escabeche","ESCURIS mejillones en escabeche de las rías gallegas fritos 8-10 piezas lata 70 g neto escurrido"],"general_information":["Denominación del alimento: MEJILLONES EN ESCABECHE","Nombre del operador: ESCURIS, S.L.","Dirección del operador: C/ Bayuca, s/n 15940 Puebla del Caramiñal ( A Coruña) España","Cantidad Neta: 111 g","Peso neto escurrido: 70 g"],"ingredients":[" Mejillones, Aceite de oliva (26%), Vinagre, Sal, Especias"],"ean":"8410124020211"},{"full_name":"ESCURIS mejillones en escabeche de las rias gallegas fritos 10-12 piezas lata 70 g neto escurrido","name":"mejillones en escabeche de las rias gallegas fritos 10-12 piezas lata 70 g neto escurrido","brand":"ESCURIS ","img":"https://sgfm.elcorteingles.es/SGFM/00/62/3/0118015100623/0118015100623000g01011.jpg","price":"5,83 €","price_unit":"(83,29 € / Kilo)","categories":["Supermercado","Alimentación General","Conservas de pescado","Mejillones en escabeche","ESCURIS mejillones en escabeche de las rias gallegas fritos 10-12 piezas lata 70 g neto escurrido"],"general_information":["Denominación del alimento: MEJILLONES EN ESCABECHE","Nombre del operador: ESCURIS, S.L.","Dirección del operador: C/ Bayuca, s/n 15940 Puebla del Caramiñal ( A Coruña) España","Cantidad Neta: 111 g","Peso neto escurrido: 70 g"],"ingredients":[" Mejillones, Aceite de oliva (26%), Vinagre, Sal, Especias"],"ean":"8410124100364"},{"full_name":"CAMPOS mejillones en escabeche fritos con aceite de oliva de las rías gallegas 8-12 piezas lata 80","name":"mejillones en escabeche fritos con aceite de oliva de las rías gallegas 8-12 piezas lata 80 ","brand":"CAMPOS ","img":"https://sgfm.elcorteingles.es/SGFM/00/37/5/0118015100375/0118015100375000g01011.jpg","price":"5,09 €            ","price_unit":"(61,25 € / Kilo)","categories":["Supermercado","Alimentación General","Conservas de pescado","Mejillones en escabeche","CAMPOS mejillones en escabeche fritos con aceite de oliva de las rías gallegas 8-12 piezas lata 80"],"general_information":["Denominación del alimento: Conserva de Mejillón","País de origen: España","Nombre del operador: Salica Industria Alimentaria S.A.","Dirección del operador: Pol. Landabaso s/n 48.370 Bermeo. Vizcaya. España","Lugar de procedencia del alimento: Producto de las Rías Gallegas","Cantidad Neta: 120 Mililitros","Peso neto escurrido: 80 g"],"ingredients":[" Mejillón (molusco), aceite de oliva, vinagre de vino, pimentón, laurel y sal"],"conservation":" Mantengase en un lugar seco y fresco. Una vez abierto consumir hasta el final","ean":"8410967000708"},{"full_name":"ALBO mejillones en escabeche de las rías gallegas 10-14 piezas lata 72 g neto escurrido","name":"mejillones en escabeche de las rías gallegas 10-14 piezas lata 72 g neto escurrido","brand":"ALBO ","img":"https://sgfm.elcorteingles.es/SGFM/00/05/2/0118015100052/0118015100052000g01011.jpg","price":"3,90 €","price_unit":"(54,17 € / Kilo)","categories":["Supermercado","Alimentación General","Conservas de pescado","Mejillones en escabeche","ALBO mejillones en escabeche de las rías gallegas 10-14 piezas lata 72 g neto escurrido"],"general_information":["Denominación del alimento: Mejillones en escabeche","Nombre del operador: HIJOS DE CARLOS ALBO S.L.","Dirección del operador: Rúa Jacinto Benavente, 41, 36208 Vigo, Pontevedra ESPAÑA","Cantidad Neta: 115 g","Peso neto escurrido: 0.072 Kilogramos"],"ingredients":[" Mejillones, aceite de girasol, vinagre de vino, especias y sal."],"ean":"8410032004600"},{"full_name":"PALACIO DE ORIENTE mejillones en escabeche 6-8 piezas lata 68 g neto escurrido","name":"mejillones en escabeche 6-8 piezas lata 68 g neto escurrido","brand":"PALACIO DE ORIENTE ","img":"https://sgfm.elcorteingles.es/SGFM/dctm/MEDIA02/CONTENIDOS/201511/23/00118015100276____1__600x600.jpg","price":"7,08 €","price_unit":"(104,12 € / Kilo)","categories":["Supermercado","Alimentación General","Conservas de pescado","Mejillones en escabeche","PALACIO DE ORIENTE mejillones en escabeche 6-8 piezas lata 68 g neto escurrido"],"general_information":["Denominación del alimento: Mejillones en escabeche con aceite de oliva 6/8 Piezas OL120","País de origen: España","Nombre del operador: Conservas Antonio Alonso S.A.","Dirección del operador: Carretera Vigo-Bayona, 127, Apto. 40 - 36213, Vigo","Lugar de procedencia del alimento: Zona FAO 27","Cantidad Neta: 115 g","Peso neto escurrido: 68 g","Número de raciones por envase: 1"],"ingredients":[" Mejillones, aceite de oliva, vinagre de vino, sal y aroma natural."],"conservation":" Conservar en lugar fresco y seco.","ean":"8410205062529"},{"full_name":"PALACIO DE ORIENTE mejillones en escabeche fritos con aceite de oliva de las rías gallegas 8-12 piezas lata 68 g neto escurrido","name":"mejillones en escabeche fritos con aceite de oliva de las rías gallegas 8-12 piezas lata 68 g neto escurrido","brand":"PALACIO DE ORIENTE ","img":"https://sgfm.elcorteingles.es/SGFM/dctm/MEDIA02/CONTENIDOS/201511/23/00118015100219____1__600x600.jpg","price":"2,26 €","price_unit":"(33,24 € / Kilo)","categories":["Supermercado","Alimentación General","Conservas de pescado","Mejillones en escabeche","PALACIO DE ORIENTE mejillones en escabeche fritos con aceite de oliva de las rías gallegas 8-12 piezas lata 68 g neto escurrido"],"general_information":["Denominación del alimento: Mejillones en escabeche con aceite de oliva 8/12 piezas OL120","País de origen: España","Nombre del operador: Conservas Antonio Alonso S.A.","Dirección del operador: Carretera Vigo-Bayona, 127, Apto. 40 - 36213, Vigo","Lugar de procedencia del alimento: Zona FAO 27","Cantidad Neta: 115 g","Peso neto escurrido: 68 g","Número de raciones por envase: 1"],"ingredients":[" Mejillones, aceite de oliva, vinagre de vino, sal y aroma natural."],"conservation":" Conservar en lugar fresco y seco.","ean":"8410205063519"},{"full_name":"PALACIO DE ORIENTE mejillones en escabeche 13-18 piezas lata 68 g neto escurrido","name":"mejillones en escabeche 13-18 piezas lata 68 g neto escurrido","brand":"PALACIO DE ORIENTE ","img":"https://sgfm.elcorteingles.es/SGFM/dctm/MEDIA02/CONTENIDOS/201511/23/00118015100185____2__600x600.jpg","price":"1,02 €","price_unit":"(15 € / Kilo)","categories":["Supermercado","Alimentación General","Conservas de pescado","Mejillones en escabeche","PALACIO DE ORIENTE mejillones en escabeche 13-18 piezas lata 68 g neto escurrido"],"general_information":["Denominación del alimento: Mejillones en escabeche 13/18 piezas OL120","País de origen: España","Nombre del operador: Conservas Antonio Alonso S.A.","Dirección del operador: Carretera Vigo-Bayona, 127, Apto. 40 - 36213, Vigo","Lugar de procedencia del alimento: Zona FAO 27","Cantidad Neta: 115 g","Peso neto escurrido: 68 g","Número de raciones por envase: 1"],"ingredients":[" Mejillones, aceite de girasol, vinagre de vino, sal y aromas naturales."],"conservation":" Conservar en lugar fresco y seco.","ean":"8410205062604"},{"full_name":"PATRON mejillones en escabeche de las rías gallegas 8-12 piezas lata 69 g neto escurrido","name":"mejillones en escabeche de las rías gallegas 8-12 piezas lata 69 g neto escurrido","brand":"PATRON ","img":"https://sgfm.elcorteingles.es/SGFM/dctm/MEDIA02/CONTENIDOS/201601/29/00118015100995____2__600x600.jpg","price":"3,95 €            ","price_unit":"(50,72 € / Kilo)","categories":["Supermercado","Alimentación General","Conservas de pescado","Mejillones en escabeche","PATRON mejillones en escabeche de las rías gallegas 8-12 piezas lata 69 g neto escurrido"],"general_information":["Denominación del alimento: Mejillones en escabeche","País de origen: España","Nombre del operador: Patrón Conservas, S.L.U.","Dirección del operador: C/ Celeste 22 - 28043 Madrid - España","Cantidad Neta: 111 g","Peso neto escurrido: 69 g","Porcentaje de alcohol: 0.00%","Otras menciones obligatorias en la etiqueta: No lleva colorantes ni conservantes. Producto esterilizado."],"ingredients":[" Mejillones (Mytilus galloprovinicialis), aceite de oliva, vinagre de vino blanco, pimentón dulce, azúcar, sal, pimienta negra y laurel."],"conservation":" Conservar en lugar fresco y seco. Una vez abierto, preferiblemente consumir en su totalidad.","ean":"8436015208452"},{"full_name":"CABO DE PEÑAS mejillones en escabeche de las rías gallegas ecológicos 8-12 piezas lata 69 g neto escurrido","name":"mejillones en escabeche de las rías gallegas ecológicos 8-12 piezas lata 69 g neto escurrido","brand":"CABO DE PEÑAS ","img":"https://sgfm.elcorteingles.es/SGFM/00/73/0/0118015100730/0118015100730000g01011.jpg","price":"3,82 €","price_unit":"(55,36 € / Kilo)","categories":["Supermercado","Alimentación General","Conservas de pescado","Mejillones en escabeche","CABO DE PEÑAS mejillones en escabeche de las rías gallegas ecológicos 8-12 piezas lata 69 g neto escurrido"],"general_information":["Denominación del alimento: Mejillones En Escabeche","Nombre del operador: Conservas Del Noroeste, S.A.","Dirección del operador: Acuña, S/N - 36141 Vilaboa (Pontevedra)","Cantidad Neta: 111 g","Peso neto escurrido: 69 g"],"ingredients":[" Mejillones, aceite de oliva virgen extra, vinagre de sidra, sal y especias"],"ean":"8411555100442"},{"full_name":"CABO DE PEÑAS mejillones en escabeche de las rías gallegas con algas lata 88 g neto escurrido","name":"mejillones en escabeche de las rías gallegas con algas lata 88 g neto escurrido","brand":"CABO DE PEÑAS ","img":"https://sgfm.elcorteingles.es/SGFM/00/83/9/0118015100839/0118015100839000g01011.jpg","price":"4,35 €","price_unit":"(49,43 € / Kilo)","categories":["Supermercado","Alimentación General","Conservas de pescado","Mejillones en escabeche","CABO DE PEÑAS mejillones en escabeche de las rías gallegas con algas lata 88 g neto escurrido"],"general_information":["Denominación del alimento: MEJILLONES CON ALGAS EN ESCABECHE BLANCO","Nombre del operador: CONSERVAS DEL NOROESTE, S.A.","Dirección del operador: ACUÑA, S/N - 36141 VILABOA (PONTEVEDRA)","Cantidad Neta: 115 g","Peso neto escurrido: 88 g"],"ingredients":[" Mejillones, alga wakame, aceite de oliva, agua, puerro, vinagre de vino, ajo y sal"],"conservation":" Conservar en lugar fresco y seco","ean":"8411555100534"},{"full_name":"CALVO mejillones de las rías gallegas en escabeche picantes 14-19 piezas lata 69 g neto escurrido","name":"mejillones de las rías gallegas en escabeche picantes 14-19 piezas lata 69 g neto escurrido","brand":"CALVO ","img":"https://sgfm.elcorteingles.es/SGFM/00/20/8/0200103300208/0200103300208000g01011.jpg","price":"1,50 €","price_unit":"(21,74 € / Kilo)","categories":["Supermercado","Alimentación General","Conservas de pescado","Mejillones en escabeche","CALVO mejillones de las rías gallegas en escabeche picantes 14-19 piezas lata 69 g neto escurrido"],"general_information":[],"ingredients":[],"ean":"8410090838629"},{"full_name":"CABO DE PEÑAS mejillones en escabeche de las rías gallegas 8-12 piezas lata 69 g neto escurrido","name":"mejillones en escabeche de las rías gallegas 8-12 piezas lata 69 g neto escurrido","brand":"CABO DE PEÑAS ","img":"https://sgfm.elcorteingles.es/SGFM/00/11/0/0118015100110/0118015100110000g01011.jpg","price":"2,20 €","price_unit":"(31,88 € / Kilo)","categories":["Supermercado","Alimentación General","Conservas de pescado","Mejillones en escabeche","CABO DE PEÑAS mejillones en escabeche de las rías gallegas 8-12 piezas lata 69 g neto escurrido"],"general_information":["Denominación del alimento: Mejillones En Escabeche","Nombre del operador: Conservas Del Noroeste, S.A.","Dirección del operador: Acuña, S/N - 36141 Vilaboa (Pontevedra)","Cantidad Neta: 111 g","Peso neto escurrido: 69 g"],"ingredients":[" Mejillones, aceite de girasol, vinagre de vino, especias y sal"],"conservation":" Conservar en lugar fresco y seco","ean":"8411555100015"},{"full_name":"RIA DE AROSA Ortiz mejillones en escabeche fritos en aceite de oliva muy grandes 6-8 piezas lata 69 g","name":"Ortiz mejillones en escabeche fritos en aceite de oliva muy grandes 6-8 piezas lata 69 g","brand":"RIA DE AROSA ","img":"https://sgfm.elcorteingles.es/SGFM/dctm/MEDIA03/201709/14/00118015100516____1__600x600.jpg","price":"7,17 €","price_unit":"(103,91 € / Kilo)","categories":["Supermercado","Alimentación General","Conservas de pescado","Mejillones en escabeche","RIA DE AROSA Ortiz mejillones en escabeche fritos en aceite de oliva muy grandes 6-8 piezas lata 69 g"],"general_information":["Denominación del alimento: MEJILLONES EN ESCABECHE","Nombre del operador: CONSERVAS ORTIZ S.A.","Dirección del operador: BASUSTA BIDEA 15 - 20750 ZUMAIA - GUIPÚZCOA - ESPAÑA","Cantidad Neta: 115 g","Peso neto escurrido: 69 g"],"ingredients":[" *Mejillones, aceite de oliva, vinagre, especias y sal"],"ean":"8432920804017"},{"full_name":"RIA DE AROSA Ortiz mejillones en escabeche fritos en aceite de oliva 8-10 piezas lata 69 g","name":"Ortiz mejillones en escabeche fritos en aceite de oliva 8-10 piezas lata 69 g","brand":"RIA DE AROSA ","img":"https://sgfm.elcorteingles.es/SGFM/dctm/MEDIA02/CONTENIDOS/201507/20/00118015100524____1__600x600.jpg","price":"6,29 €","price_unit":"(91,16 € / Kilo)","categories":["Supermercado","Alimentación General","Conservas de pescado","Mejillones en escabeche","RIA DE AROSA Ortiz mejillones en escabeche fritos en aceite de oliva 8-10 piezas lata 69 g"],"general_information":["Denominación del alimento: MEJILLONES EN ESCABECHE","Nombre del operador: CONSERVAS ORTIZ S.A.","Dirección del operador: BASUSTA BIDEA 15 - 20750 ZUMAIA - GUIPÚZCOA - ESPAÑA","Cantidad Neta: 115 g","Peso neto escurrido: 69 g"],"ingredients":[" *Mejillones, aceite de oliva, vinagre, especias y sal"],"ean":"8432920804024"},{"full_name":"RIA DE AROSA Ortiz mejillones en escabeche fritos en aceite de oliva 10-14 piezas lata 69 g","name":"Ortiz mejillones en escabeche fritos en aceite de oliva 10-14 piezas lata 69 g","brand":"RIA DE AROSA ","img":"https://sgfm.elcorteingles.es/SGFM/dctm/MEDIA02/CONTENIDOS/201507/20/00118015100581____1__600x600.jpg","price":"4,52 €","price_unit":"(65,51 € / Kilo)","categories":["Supermercado","Alimentación General","Conservas de pescado","Mejillones en escabeche","RIA DE AROSA Ortiz mejillones en escabeche fritos en aceite de oliva 10-14 piezas lata 69 g"],"general_information":["Denominación del alimento: MEJILLONES EN ESCABECHE","Nombre del operador: CONSERVAS ORTIZ S.A.","Dirección del operador: BASUSTA BIDEA 15 - 20750 ZUMAIA - GUIPÚZCOA - ESPAÑA","Cantidad Neta: 115 g","Peso neto escurrido: 69 g"],"ingredients":[" *Mejillones, aceite de oliva, vinagre, especias, sal"],"ean":"8432920804031"},{"full_name":"NOLY mejillones en escabeche 8-12 piezas lata 69 g neto escurrido","name":"mejillones en escabeche 8-12 piezas lata 69 g neto escurrido","brand":"NOLY ","img":"https://sgfm.elcorteingles.es/SGFM/00/14/4/0118015100144/0118015100144000g01011.jpg","price":"1,75 €","price_unit":"(25,36 € / Kilo)","categories":["Supermercado","Alimentación General","Conservas de pescado","Mejillones en escabeche","NOLY mejillones en escabeche 8-12 piezas lata 69 g neto escurrido"],"general_information":["Denominación del alimento: Mejillones en escabeche","País de origen: Chile","Nombre del operador: Conservas Noly, S.A.","Dirección del operador: Pol. Ind. La Estrella  C/ Júpiter s/n  30500 Molina de Segura - Murcia","Cantidad Neta: 112 g","Peso neto escurrido: 69 g","Otras menciones obligatorias en la etiqueta: Tamaño mediano."],"ingredients":[" Mejillones, aceite girasol, vinagre, sal y especias."],"conservation":" Consérvese en lugar fresco y seco. Una vez abierto se recomienda mantener refrigerado consumir antes de 2 días.","ean":"8413548030033"},{"full_name":"NOLY selección mejillones en escabeche de las rías gallegas 6-8 piezas lata 69 g neto escurrido","name":"selección mejillones en escabeche de las rías gallegas 6-8 piezas lata 69 g neto escurrido","brand":"NOLY ","img":"https://sgfm.elcorteingles.es/SGFM/dctm/MEDIA03/201707/17/00200115101172____1__600x600.jpg","price":"4,39 €","price_unit":"(63,62 € / Kilo)","categories":["Supermercado","Alimentación General","Conservas de pescado","Mejillones en escabeche","NOLY selección mejillones en escabeche de las rías gallegas 6-8 piezas lata 69 g neto escurrido"],"general_information":[],"ingredients":[],"ean":"8413548030248"},{"full_name":"FRISCOS mejillones en salsa de escabeche de las rías gallegas 6-8 piezas lata 69 g neto escurrido","name":"mejillones en salsa de escabeche de las rías gallegas 6-8 piezas lata 69 g neto escurrido","brand":"FRISCOS ","img":"https://sgfm.elcorteingles.es/SGFM/00/29/2/0118015100292/0118015100292000g01011.jpg","price":"4,21 €","price_unit":"(61,01 € / Kilo)","categories":["Supermercado","Alimentación General","Conservas de pescado","Mejillones en escabeche","FRISCOS mejillones en salsa de escabeche de las rías gallegas 6-8 piezas lata 69 g neto escurrido"],"general_information":["Denominación del alimento: Mejillones de las Rías Gallegas en escabeche  aceite oliva","País de origen: España","Nombre del operador: Conservas Friscos, s.a.","Dirección del operador: Rúa do Concello, 56 - 36612, Catoira (Pontevedra) - España","Cantidad Neta: 111 g","Peso neto escurrido: 69 g"],"ingredients":[" mejillones, vinagre de vino, aceite de oliva (16%), especias y sal."],"conservation":" Consumir el día de apertura de la lata","ean":"8410315193052"},{"full_name":"FRISCOS mejillones en salsa de escabeche de las rías gallegas 8-12 piezas lata 69 g neto escurrido","name":"mejillones en salsa de escabeche de las rías gallegas 8-12 piezas lata 69 g neto escurrido","brand":"FRISCOS ","img":"https://sgfm.elcorteingles.es/SGFM/00/19/3/0118015100193/0118015100193000g01011.jpg","price":"2,04 €","price_unit":"(29,57 € / Kilo)","categories":["Supermercado","Alimentación General","Conservas de pescado","Mejillones en escabeche","FRISCOS mejillones en salsa de escabeche de las rías gallegas 8-12 piezas lata 69 g neto escurrido"],"general_information":["Denominación del alimento: Mejillones de las Rías Gallegas en Escabeche","País de origen: España","Nombre del operador: Conservas Friscos, s.a.","Dirección del operador: Rúa do Concello, 56 - 36612, Catoira (Pontevedra) - España","Cantidad Neta: 111 g","Peso neto escurrido: 69 g"],"ingredients":[" mejillones, vinagre de vino, aceite de girasol, especias y sal."],"conservation":" Consumir el día de apertura de la lata","ean":"8410315193007"},{"full_name":"CONSERVAS DE CAMBADOS mejillones en escabeche 8-12 piezas lata 70 g neto escurrido","name":"mejillones en escabeche 8-12 piezas lata 70 g neto escurrido","brand":"CONSERVAS DE CAMBADOS ","img":"https://sgfm.elcorteingles.es/SGFM/00/22/7/0118015100227/0118015100227000g01011.jpg","price":"2,75 €","price_unit":"(39,29 € / Kilo)","categories":["Supermercado","Alimentación General","Conservas de pescado","Mejillones en escabeche","CONSERVAS DE CAMBADOS mejillones en escabeche 8-12 piezas lata 70 g neto escurrido"],"general_information":["Denominación del alimento: Mejillones de las Rías Gallegas en escabeche","Nombre del operador: Conservas de Cambados, S.L.","Dirección del operador: Lg de Porto, 36636 Barrantes - Ribadumia, Pontevedra.","Cantidad Neta: 111 g","Peso neto escurrido: 69 g"],"ingredients":[" Mejillones de las Rías Gallegas (62.16%), aceite de oliva (23.58%), vinagre (7.86%), agua (3.93%), vino (1.97%), sal (0.39%), aroma natural (0.06%), laurel (0.04%)."],"conservation":" Conservar a temperatura ambiente. Una vez abierto conservar en frigorífico y consumir antes de 2 días.","ean":"8436015202115"},{"full_name":"PORTOMAR SERIE NAUTICA mejillones en escabeche de las rías gallegas grandes fritos en aceite de oliva 8-10 piezas lata 69 g neto escurrido","name":"mejillones en escabeche de las rías gallegas grandes fritos en aceite de oliva 8-10 piezas lata 69 g neto escurrido","brand":"PORTOMAR SERIE NAUTICA ","img":"https://sgfm.elcorteingles.es/SGFM/dctm/MEDIA03/201710/31/00118015101316____1__600x600.jpg","price":"5,25 €","price_unit":"(76,09 € / Kilo)","categories":["Supermercado","Alimentación General","Conservas de pescado","Mejillones en escabeche","PORTOMAR SERIE NAUTICA mejillones en escabeche de las rías gallegas grandes fritos en aceite de oliva 8-10 piezas lata 69 g neto escurrido"],"general_information":[],"ingredients":[],"ean":"8436035153749"},{"full_name":"PORTOMAR SERIE NAUTICA mejillones en escabeche de las rías gallegas 6-8 piezas lata 68 g","name":"mejillones en escabeche de las rías gallegas 6-8 piezas lata 68 g","brand":"PORTOMAR SERIE NAUTICA ","img":"https://sgfm.elcorteingles.es/SGFM/00/55/7/0118015100557/0118015100557000g01011.jpg","price":"5,99 €","price_unit":"(86,81 € / Kilo)","categories":["Supermercado","Alimentación General","Conservas de pescado","Mejillones en escabeche","PORTOMAR SERIE NAUTICA mejillones en escabeche de las rías gallegas 6-8 piezas lata 68 g"],"general_information":["Denominación del alimento: Mejillones en escabeche gigantes","Nombre del operador: Conservas Portomar, S.L.","Dirección del operador: Pol. Ind. del Pousadoiro parcela 2-3, 36617 Vilagarcía de Arousa, Pontevedra.","Lugar de procedencia del alimento: Rías Gallegas","Cantidad Neta: 111 g","Peso neto escurrido: 69 g"],"ingredients":[" Mejillones, aceite de oliva, vinagre, especias y sal."],"conservation":" Conservar en lugar seco y fresco. Una vez abierto conservar refrigerado. Se recomienda consumir en el día de su apertura.","ean":"8436035152681"},{"full_name":"PORTOMAR SERIE NAUTICA mejillones en escabeche de las rías gallegas 8-12 pieza lata 69 g neto escurrido","name":"mejillones en escabeche de las rías gallegas 8-12 pieza lata 69 g neto escurrido","brand":"PORTOMAR SERIE NAUTICA ","img":"https://sgfm.elcorteingles.es/SGFM/00/71/4/0118015100714/0118015100714000g01011.jpg","price":"3,95 €","price_unit":"(57,25 € / Kilo)","categories":["Supermercado","Alimentación General","Conservas de pescado","Mejillones en escabeche","PORTOMAR SERIE NAUTICA mejillones en escabeche de las rías gallegas 8-12 pieza lata 69 g neto escurrido"],"general_information":["Denominación del alimento: Mejillones en escabeche gigantes","Nombre del operador: Conservas Portomar, S.L.","Dirección del operador: Pol. Ind. del Pousadoiro parcela 2-3, 36617 Vilagarcía de Arousa, Pontevedra.","Lugar de procedencia del alimento: Rías Gallegas","Cantidad Neta: 111 g","Peso neto escurrido: 69 g"],"ingredients":[" Mejillones, aceite de oliva, vinagre, especias y sal."],"conservation":" Conservar en lugar seco y fresco. Una vez abierto conservar refrigerado. Se recomienda consumir en el día de su apertura.","ean":"8436035152933"},{"full_name":"PORTOMAR mejillones fritos en escabeche gigantes de las rias gallegas 4-6 piezas lata 69 g neto escurrido","name":"mejillones fritos en escabeche gigantes de las rias gallegas 4-6 piezas lata 69 g neto escurrido","brand":"PORTOMAR ","img":"https://sgfm.elcorteingles.es/SGFM/dctm/MEDIA03/201712/11/00118015101340____1__600x600.jpg","price":"8,90 €","price_unit":"(128,99 € / Kilo)","categories":["Supermercado","Alimentación General","Conservas de pescado","Mejillones en escabeche","PORTOMAR mejillones fritos en escabeche gigantes de las rias gallegas 4-6 piezas lata 69 g neto escurrido"],"general_information":[],"ingredients":[],"ean":"8436035153565"},{"full_name":"ESPINALER mejillones en escabeche de las rías gallegas 10-12 piezas lata 69 g neto escurrido","name":"mejillones en escabeche de las rías gallegas 10-12 piezas lata 69 g neto escurrido","brand":"ESPINALER ","img":"https://sgfm.elcorteingles.es/SGFM/dctm/MEDIA03/201702/23/00118015100607____1__600x600.jpg","price":"3,07 €","price_unit":"(44,49 € / Kilo)","categories":["Supermercado","Alimentación General","Conservas de pescado","Mejillones en escabeche","ESPINALER mejillones en escabeche de las rías gallegas 10-12 piezas lata 69 g neto escurrido"],"general_information":["Denominación del alimento: Mejillones en escabeche","Nombre del operador: Espinaler, S.L.","Dirección del operador: Pol. Ind. Els Garrofers -Av. Progrés, 47 - 08340 Vilassar de Mar (Barcelona)","Cantidad Neta: 115 g","Peso neto escurrido: 70 g"],"ingredients":[" Mejillones, aceite vegetal, vinagre especias y sal."],"conservation":" Conservar en lugar fresco y seco. Una vez abierto conservar refrigerado un máximo de 24 horas.","ean":"8427230240150"},{"full_name":"ALMADRABA SUR mejillones en escabeche 4-6 piezas lata 72 g neto escurrido","name":"mejillones en escabeche 4-6 piezas lata 72 g neto escurrido","brand":"ALMADRABA SUR ","img":"https://sgfm.elcorteingles.es/SGFM/dctm/MEDIA02/CONTENIDOS/201412/10/00118015100920____2__600x600.jpg","price":"2,46 €","price_unit":"(34,17 € / Kilo)","categories":["Supermercado","Alimentación General","Conservas de pescado","Mejillones en escabeche","ALMADRABA SUR mejillones en escabeche 4-6 piezas lata 72 g neto escurrido"],"general_information":[],"ingredients":[],"ean":"8421993905004"},{"full_name":"CABO DE PEÑAS mejillones en escabeche de la rías gallegas 13-18 piezas lata 69 g neto escurrido","name":"mejillones en escabeche de la rías gallegas 13-18 piezas lata 69 g neto escurrido","brand":"CABO DE PEÑAS ","img":"https://sgfm.elcorteingles.es/SGFM/dctm/MEDIA03/201606/23/00200115101115____1__600x600.jpg","price":"1,78 €","price_unit":"(25,80 € / Kilo)","categories":["Supermercado","Alimentación General","Conservas de pescado","Mejillones en escabeche","CABO DE PEÑAS mejillones en escabeche de la rías gallegas 13-18 piezas lata 69 g neto escurrido"],"general_information":["Denominación del alimento: Mejillones En Escabeche","Nombre del operador: Conservas Del Noroeste, S.A.","Dirección del operador: Acuña, S/N - 36141 Vilaboa (Pontevedra)","Cantidad Neta: 111 g","Peso neto escurrido: 69 g"],"ingredients":[" Mejillones, aceite de girasol, vinagre de vino, especias y sal"],"conservation":" Conservar en lugar fresco y seco","ean":"8411555100039"},{"full_name":"LO BUENO mejillones fritos en escabeche de las rías gallegas con aceite de oliva 9-12 piezas lata 72 g neto escurrido","name":"mejillones fritos en escabeche de las rías gallegas con aceite de oliva 9-12 piezas lata 72 g neto escurrido","brand":"LO BUENO ","img":"https://sgfm.elcorteingles.es/SGFM/00/76/3/0118015100763/0118015100763000g01011.jpg","price":"3,99 €","price_unit":"(55,42 € / Kilo)","categories":["Supermercado","Alimentación General","Conservas de pescado","Mejillones en escabeche","LO BUENO mejillones fritos en escabeche de las rías gallegas con aceite de oliva 9-12 piezas lata 72 g neto escurrido"],"general_information":["Denominación del alimento: Mejillones 'Fritos' en escabeche","Nombre del operador: Luis Escuris Batalla S.L.","Dirección del operador: Polígono de la Tomada, parcela 37. 15940 - Pobra do Caramiñal (A Coruña) ? España","Cantidad Neta: 120 g","Peso neto escurrido: 72 g"],"ingredients":[" Mejillones (Mytillus galloprovincialis, M. edulis), aceite de oliva, vinagre de vino, especias y sal."],"conservation":" Se recomienda almacenar en lugar fresco y seco (no frigorífico).","ean":"8428607441064"},{"full_name":"LO BUENO mejillones fritos en escabeche de las rías gallegas 13-18 piezas lata 72 g neto escurrido","name":"mejillones fritos en escabeche de las rías gallegas 13-18 piezas lata 72 g neto escurrido","brand":"LO BUENO ","img":"https://sgfm.elcorteingles.es/SGFM/00/77/1/0118015100771/0118015100771000g01011.jpg","price":"3,10 €","price_unit":"(43,06 € / Kilo)","categories":["Supermercado","Alimentación General","Conservas de pescado","Mejillones en escabeche","LO BUENO mejillones fritos en escabeche de las rías gallegas 13-18 piezas lata 72 g neto escurrido"],"general_information":["Denominación del alimento: Mejillones 'Fritos' en escabeche","Nombre del operador: Luis Escuris Batalla S.L.","Dirección del operador: Polígono de la Tomada, parcela 37. 15940 - Pobra do Caramiñal (A Coruña) ? España","Cantidad Neta: 120 g","Peso neto escurrido: 72 g"],"ingredients":[" Mejillones (Mytillus galloprovincialis, M. edulis), aceite de oliva, vinagre de vino, especias y sal."],"conservation":" Se recomienda almacenar en lugar fresco y seco (no frigorífico).","ean":"8428607441071"},{"full_name":"LO BUENO mejillones en escabeche fritos de las rías gallegas 6-8 piezas lata 72 g neto escurrido","name":"mejillones en escabeche fritos de las rías gallegas 6-8 piezas lata 72 g neto escurrido","brand":"LO BUENO ","img":"https://sgfm.elcorteingles.es/SGFM/dctm/MEDIA02/CONTENIDOS/201412/10/00118015100797____1__600x600.jpg","price":"6,04 €","price_unit":"(83,89 € / Kilo)","categories":["Supermercado","Alimentación General","Conservas de pescado","Mejillones en escabeche","LO BUENO mejillones en escabeche fritos de las rías gallegas 6-8 piezas lata 72 g neto escurrido"],"general_information":["Denominación del alimento: Mejillones 'Fritos' en escabeche","Nombre del operador: Luis Escuris Batalla S.L.","Dirección del operador: Polígono de la Tomada, parcela 37. 15940 - Pobra do Caramiñal (A Coruña) ? España","Cantidad Neta: 120 g","Peso neto escurrido: 72 g"],"ingredients":[" Mejillones (Mytillus galloprovincialis, M. edulis), aceite de oliva, vinagre de vino, especias y sal."],"conservation":" Se recomienda almacenar en lugar fresco y seco (no frigorífico).","ean":"8428607441057"},{"full_name":"LA ALMADRABA mejillones en escabeche gigantes de las rías gallegas lata 330 g neto escurrido","name":"mejillones en escabeche gigantes de las rías gallegas lata 330 g neto escurrido","brand":"LA ALMADRABA ","img":"https://sgfm.elcorteingles.es/SGFM/dctm/MEDIA02/CONTENIDOS/201410/02/00118015100722____1__600x600.jpg","price":"11,33 €","price_unit":"(34,33 € / Kilo)","categories":["Supermercado","Alimentación General","Conservas de pescado","Mejillones en escabeche","LA ALMADRABA mejillones en escabeche gigantes de las rías gallegas lata 330 g neto escurrido"],"general_information":[],"ingredients":[],"ean":"8429193012270"},{"full_name":"DANI mejillones en escabeche 8-12 piezas lata 69 g neto escurrido","name":"mejillones en escabeche 8-12 piezas lata 69 g neto escurrido","brand":"DANI ","img":"https://sgfm.elcorteingles.es/SGFM/00/75/5/0118015100755/0118015100755000g01011.jpg","price":"2,21 €","price_unit":"(32,03 € / Kilo)","categories":["Supermercado","Alimentación General","Conservas de pescado","Mejillones en escabeche","DANI mejillones en escabeche 8-12 piezas lata 69 g neto escurrido"],"general_information":["Denominación del alimento: Mejillones en escabeche","Nombre del operador: Conservas Dani S.A.U.","Dirección del operador: Pol. Ind. \"Els Garrofers\" · Parc 32-35-37, Vilassar de Mar (Barcelona)","Cantidad Neta: 111 g"],"ingredients":[" Mejillones, aceite de girasol, vinagre de vino, especias y sal."],"conservation":" Una vez abierto mantener en refrigeración y consumir inmediatamente","ean":"8410721097791"},{"full_name":"REMO mejillones en escabeche picantes 12-14 piezas lata 115 g","name":"mejillones en escabeche picantes 12-14 piezas lata 115 g","brand":"REMO ","img":"https://sgfm.elcorteingles.es/SGFM/00/22/7/0118003300227/0118003300227000g01011.jpg","price":"3,29 €","price_unit":"(28,61 € / Kilo)","categories":["Supermercado","Alimentación General","Conservas de pescado","Mejillones en escabeche","REMO mejillones en escabeche picantes 12-14 piezas lata 115 g"],"general_information":["Denominación del alimento: Mejjillones en Escabeche Picantes 12-14 piezas","Nombre del operador: Conservas Remo, S.L.","Dirección del operador: Polígono de la Peñona, Calle de la Mecánica, 302 - 33691 Veriña (Gijón)","Lugar de procedencia del alimento: Denominacion de origen del Principado de Asturias","Cantidad Neta: 115 g","Peso neto escurrido: 70 g","Otras menciones obligatorias en la etiqueta: Ingredientes sin aditivos."],"ingredients":[" Mejillones, Aceite de Oliva, Vinagre, Pimentón, Especias y Sal"],"ean":"8410847013309"},{"full_name":"PACO LAFUENTE mejillones en escabeche fritos de las rías gallegas 9-12 piezas lata 78 g neto escurrido","name":"mejillones en escabeche fritos de las rías gallegas 9-12 piezas lata 78 g neto escurrido","brand":"PACO LAFUENTE ","img":"https://sgfm.elcorteingles.es/SGFM/dctm/MEDIA03/201609/19/00118015101126____1__600x600.jpg","price":"3,80 €","price_unit":"(48,72 € / Kilo)","categories":["Supermercado","Alimentación General","Conservas de pescado","Mejillones en escabeche","PACO LAFUENTE mejillones en escabeche fritos de las rías gallegas 9-12 piezas lata 78 g neto escurrido"],"general_information":["Denominación del alimento: Mejillones fritos en escabeche","Nombre del operador: CONSERVERA GALLEGA, S.A.","Dirección del operador: C/ El Castro s/n - 36620 Vilanova de Arousa - Pontevedra","Cantidad Neta: 120 Mililitros","Peso neto escurrido: 78 g"],"ingredients":[" Mejillones (mytilus galloprovincialis), aceite de oliva, vinagre, especias y sal"],"ean":"8414279300099"},{"full_name":"NOLY mejillones en escabeche lata 69 g neto escurrido","name":"mejillones en escabeche lata 69 g neto escurrido","brand":"NOLY ","img":"https://sgfm.elcorteingles.es/SGFM/dctm/MEDIA02/CONTENIDOS/201412/10/00200115100190____2__600x600.jpg","price":"1,06 €","price_unit":"(15,36 € / Kilo)","categories":["Supermercado","Alimentación General","Conservas de pescado","Mejillones en escabeche","NOLY mejillones en escabeche lata 69 g neto escurrido"],"general_information":["Denominación del alimento: Mejillones en escabeche","País de origen: Chile","Nombre del operador: Conservas Noly, S.A.","Dirección del operador: Pol. Ind. La Estrella  C/ Júpiter s/n  30500 Molina de Segura - Murcia","Cantidad Neta: 111 g","Peso neto escurrido: 69 g","Otras menciones obligatorias en la etiqueta: Tamaño pequeño."],"ingredients":[" Mejillones, aceite girasol, vinagre, sal y especias."],"conservation":" Consérvese en lugar fresco y seco. Una vez abierto se recomienda mantener refrigerado consumir antes de 2 días.","ean":"8413548030156"},{"full_name":"LOREA gourmet mejillones de las rías gallegas en escabeche 8-12 piezas lata 69 g neto escurrido","name":"gourmet mejillones de las rías gallegas en escabeche 8-12 piezas lata 69 g neto escurrido","brand":"LOREA ","img":"https://sgfm.elcorteingles.es/SGFM/dctm/MEDIA03/201706/09/00118015101159____1__600x600.jpg","price":"3,50 €","price_unit":"(39,77 € / Kilo)","categories":["Supermercado","Alimentación General","Conservas de pescado","Mejillones en escabeche","LOREA gourmet mejillones de las rías gallegas en escabeche 8-12 piezas lata 69 g neto escurrido"],"general_information":[],"ingredients":[],"ean":"8410333002589"},{"full_name":"REMO mejillones en escabeche fritos 12-14 piezas lata 70 g neto escurrido","name":"mejillones en escabeche fritos 12-14 piezas lata 70 g neto escurrido","brand":"REMO ","img":"https://sgfm.elcorteingles.es/SGFM/00/34/9/0200115100349/0200115100349000g01011.jpg","price":"2,69 €","price_unit":"(38,43 € / Kilo)","categories":["Supermercado","Alimentación General","Conservas de pescado","Mejillones en escabeche","REMO mejillones en escabeche fritos 12-14 piezas lata 70 g neto escurrido"],"general_information":["Denominación del alimento: Mejillones Fritos en Escabeche 12-14 piezas","Nombre del operador: Conservas Remo, S.L.","Dirección del operador: Polígono de la Peñona, Calle de la Mecánica, 302 - 33691 Veriña (Gijón)","Lugar de procedencia del alimento: Denominacion de origen del Principado de Asturias","Cantidad Neta: 115 g","Peso neto escurrido: 70 g","Otras menciones obligatorias en la etiqueta: Ingredientes sin aditivos."],"ingredients":[" Mejillones, Aceite de Oliva, Vinagre, Pimentón y Sal"],"ean":"8410847013224"},{"full_name":"VIAMARIS SELECCION mejillones de las rías gallegas fritos en escabeche 6-8 piezas lata 70 g neto escurrido","name":"mejillones de las rías gallegas fritos en escabeche 6-8 piezas lata 70 g neto escurrido","brand":"VIAMARIS SELECCION ","img":"https://sgfm.elcorteingles.es/SGFM/dctm/MEDIA03/201607/27/00200115101149____1__600x600.jpg","price":"5,95 €","price_unit":"(85 € / Kilo)","categories":["Supermercado","Alimentación General","Conservas de pescado","Mejillones en escabeche","VIAMARIS SELECCION mejillones de las rías gallegas fritos en escabeche 6-8 piezas lata 70 g neto escurrido"],"general_information":[],"ingredients":[],"ean":"8436541130456"},{"full_name":"EL CORTE INGLES mejillones al natural de las rías gallegas 8-12 piezas lata 69 g neto escurrido","name":"mejillones al natural de las rías gallegas 8-12 piezas lata 69 g neto escurrido","brand":"EL CORTE INGLES ","img":"https://sgfm.elcorteingles.es/SGFM/dctm/MEDIA03/201707/13/00118003300367____1__600x600.jpg","price":"2,18 €","price_unit":"(31,59 € / Kilo)","categories":["Supermercado","Alimentación General","Conservas de pescado","Mejillones diversos","EL CORTE INGLES mejillones al natural de las rías gallegas 8-12 piezas lata 69 g neto escurrido"],"general_information":["Denominación del alimento: Mejillones al natural. Tamaño mediano.","País de origen: España","Nombre del operador: Elaborado para El Corte Inglés por Conservas Portomar, S.L.U. Polígono Industrial do Pousadoiro parcelas 2 y 3. 36617 Vilagarcia de Arousa. Pontevedra - España","Lugar de procedencia del alimento: Rías Gallegas","Cantidad Neta: 111 g","Peso neto escurrido: 69 g"],"ingredients":[" Ingredientes: Mejillones (Mytilus galloprovincialis), agua y sal."],"conservation":" Conservar en lugar fresco y seco. Una vez abierto mantener en refrigeración máximo 24  horas.","ean":"8433329080866"},{"full_name":"EL CORTE INGLES mejillones en salsa vieira 8-12 piezas lata 69 g neto escurrido","name":"mejillones en salsa vieira 8-12 piezas lata 69 g neto escurrido","brand":"EL CORTE INGLES ","img":"https://sgfm.elcorteingles.es/SGFM/dctm/MEDIA03/201709/01/00118003300383____6__600x600.jpg","price":"2,18 €","price_unit":"(31,59 € / Kilo)","categories":["Supermercado","Alimentación General","Conservas de pescado","Mejillones diversos","EL CORTE INGLES mejillones en salsa vieira 8-12 piezas lata 69 g neto escurrido"],"general_information":["Denominación del alimento: Mejillones en salsa de vieira. Tamaño mediano","País de origen: España","Nombre del operador: Elaborado para El Corte Inglés por Conservas Portomar, S.L.U. Polígono Industrial do Pousadoiro parcelas 2 y 3. 36617 Vilagarcia de Arousa. Pontevedra - España","Lugar de procedencia del alimento: Rías Gallegas","Cantidad Neta: 111 g","Peso neto escurrido: 65 g"],"ingredients":[" Ingredientes: Mejillones (Mytilus galloprovincialis),  aceite de oliva, tomate concentrado, cebolla y especias."],"conservation":" Conservar en lugar fresco y seco. Una vez abierto mantener en refrigeración máximo 24  horas.","ean":"8433329080903"},{"full_name":"ALIADA mejillones al natural de las rías gallegas 13-18 piezas lata 69 g neto escurrido","name":"mejillones al natural de las rías gallegas 13-18 piezas lata 69 g neto escurrido","brand":"ALIADA ","img":"https://sgfm.elcorteingles.es/SGFM/dctm/MEDIA03/201707/13/00118003300359____1__600x600.jpg","price":"1,05 €","price_unit":"(15,22 € / Kilo)","categories":["Supermercado","Alimentación General","Conservas de pescado","Mejillones diversos","ALIADA mejillones al natural de las rías gallegas 13-18 piezas lata 69 g neto escurrido"],"general_information":["Denominación del alimento: Mejillones al natural. Tamaño pequeño.","País de origen: España","Nombre del operador: Elaborado para el Grupo El Corte Inglés\nHermosilla, 112 - 28009 Madrid ? España por B36421139","Lugar de procedencia del alimento: Rías Gallegas","Cantidad Neta: 111 g","Peso neto escurrido: 69 g"],"ingredients":[" Ingredientes: Mejillones (Mytilus galloprovincialis), agua y sal."],"conservation":" Conservar en lugar fresco y seco. Una vez abierto mantener en refrigeración máximo 24  horas.","ean":"8433329080811"},{"full_name":"ALIADA mejillones en salsa vieira de las rías gallegas lata 69 g neto escurrido","name":"mejillones en salsa vieira de las rías gallegas lata 69 g neto escurrido","brand":"ALIADA ","img":"https://sgfm.elcorteingles.es/SGFM/dctm/MEDIA03/201707/17/00118003300334____1__600x600.jpg","price":"1,15 €","price_unit":"(16,67 € / Kilo)","categories":["Supermercado","Alimentación General","Conservas de pescado","Mejillones diversos","ALIADA mejillones en salsa vieira de las rías gallegas lata 69 g neto escurrido"],"general_information":["Denominación del alimento: Mejillones en salsa vieira. Tamaño pequeño","País de origen: España","Nombre del operador: Elaborado para el Grupo El Corte Inglés\nHermosilla, 112 - 28009 Madrid ? España por B36421139","Lugar de procedencia del alimento: Rías Gallegas","Cantidad Neta: 111 g","Peso neto escurrido: 65 g"],"ingredients":[" Ingredientes: Mejillones (Mytilus galloprovincialis),  aceite de oliva, tomate concentrado, cebolla y especias."],"conservation":" Conservar en lugar fresco y seco. Una vez abierto mantener en refrigeración máximo 24  horas.","ean":"8433329080859"},{"full_name":"ISABEL mejillones de las rías gallegas al natural 13-18 piezas lata 69 g neto escurrido","name":"mejillones de las rías gallegas al natural 13-18 piezas lata 69 g neto escurrido","brand":"ISABEL ","img":"https://sgfm.elcorteingles.es/SGFM/dctm/MEDIA03/201610/04/00118003300193____1__600x600.jpg","price":"1,45 €","price_unit":"(21,01 € / Kilo)","categories":["Supermercado","Alimentación General","Conservas de pescado","Mejillones diversos","ISABEL mejillones de las rías gallegas al natural 13-18 piezas lata 69 g neto escurrido"],"general_information":["Denominación del alimento: MEJILLONES AL NATURAL PEQUEÑOS","Nombre del operador: CONSERVAS SELECTAS DE GALICIA SL","Dirección del operador: Virxe das Mareas s/n 36980 O Grove","Cantidad Neta: 115 g","Peso neto escurrido: 69 g"],"ingredients":[" Mejillones, agua y sal."],"ean":"8410111004576"},{"full_name":"ISABEL mejillones de las rías gallegas en salsa vieira 13-18 piezas lata 69 g neto escurrido","name":"mejillones de las rías gallegas en salsa vieira 13-18 piezas lata 69 g neto escurrido","brand":"ISABEL ","img":"https://sgfm.elcorteingles.es/SGFM/dctm/MEDIA03/201610/04/00118003300185____1__600x600.jpg","price":"1,45 €","price_unit":"(21,01 € / Kilo)","categories":["Supermercado","Alimentación General","Conservas de pescado","Mejillones diversos","ISABEL mejillones de las rías gallegas en salsa vieira 13-18 piezas lata 69 g neto escurrido"],"general_information":["Denominación del alimento: MEJILLONES EN SALSA VIEIRA","Nombre del operador: CONSERVAS SELECTAS DE GALICIA SL","Dirección del operador: Virxe das Mareas s/n 36980 O Grove","Cantidad Neta: 115 g","Peso neto escurrido: 69 g"],"ingredients":[" Mejillones, tomate, aceite de girasol, sal, azúcar y aroma natural."],"ean":"8410111004101"},{"full_name":"ISABEL mejillones de las rías gallegas picantes 13-18 piezas lata 69 g neto escurrido","name":"mejillones de las rías gallegas picantes 13-18 piezas lata 69 g neto escurrido","brand":"ISABEL ","img":"https://sgfm.elcorteingles.es/SGFM/dctm/MEDIA02/CONTENIDOS/201410/02/00118003300201____1__600x600.jpg","price":"1,45 €","price_unit":"(21,01 € / Kilo)","categories":["Supermercado","Alimentación General","Conservas de pescado","Mejillones diversos","ISABEL mejillones de las rías gallegas picantes 13-18 piezas lata 69 g neto escurrido"],"general_information":["Denominación del alimento: MEJILLONES PEQUEÑOS EN ESCABECHE PICANTE","Nombre del operador: CONSERVAS SELECTAS DE GALICIA SL","Dirección del operador: Virxe das Mareas s/n 36980 O Grove","Cantidad Neta: 115 g","Peso neto escurrido: 69 g"],"ingredients":[" Mejillones, aceite de girasol, vinagre, aroma natural, guindilla (0.1%) y sal."],"ean":"8410111782207"},{"full_name":"CUCA mejillones en salsa a la gallega 12-16 piezas lata 65 g neto escurrido","name":"mejillones en salsa a la gallega 12-16 piezas lata 65 g neto escurrido","brand":"CUCA ","img":"https://sgfm.elcorteingles.es/SGFM/dctm/MEDIA03/201610/25/00118003300011____1__600x600.jpg","price":"3,29 €","price_unit":"(50,62 € / Kilo)","categories":["Supermercado","Alimentación General","Conservas de pescado","Mejillones diversos","CUCA mejillones en salsa a la gallega 12-16 piezas lata 65 g neto escurrido"],"general_information":[],"ingredients":[],"ean":"8410698090221"},{"full_name":"ALBO mejillones en salsa gallega lata 70 g neto escurrido (12-16 piezas)","name":"mejillones en salsa gallega lata 70 g neto escurrido","brand":"ALBO ","img":"https://sgfm.elcorteingles.es/SGFM/00/02/9/0118003300029/0118003300029000g01011.jpg","price":"4,46 €","price_unit":"(61,94 € / Kilo)","categories":["Supermercado","Alimentación General","Conservas de pescado","Mejillones diversos","ALBO mejillones en salsa gallega lata 70 g neto escurrido (12-16 piezas)"],"general_information":["Denominación del alimento: Mejillones en salsa gallega","Nombre del operador: HIJOS DE CARLOS ALBO S.L.","Dirección del operador: Rúa Jacinto Benavente, 41, 36208 Vigo, Pontevedra ESPAÑA","Cantidad Neta: 115 g","Peso neto escurrido: 0.07 Kilogramos"],"ingredients":[" Mejillones, aceite de girasol, tomate, cebolla, vino blanco, especias y sal."],"ean":"8410032004631"},{"full_name":"REMO mejillones al natural 12-14 piezas lata 115 g","name":"mejillones al natural 12-14 piezas lata 115 g","brand":"REMO ","img":"https://sgfm.elcorteingles.es/SGFM/00/05/9/0200103300059/0200103300059000g01011.jpg","price":"3,29 €","price_unit":"(28,61 € / Kilo)","categories":["Supermercado","Alimentación General","Conservas de pescado","Mejillones diversos","REMO mejillones al natural 12-14 piezas lata 115 g"],"general_information":["Denominación del alimento: Mejillones al Natural 12-14 piezas","Nombre del operador: Conservas Remo, S.L.","Dirección del operador: Polígono de la Peñona, Calle de la Mecánica, 302 - 33691 Veriña (Gijón)","Lugar de procedencia del alimento: Denominacion de origen del Principado de Asturias","Cantidad Neta: 115 g","Peso neto escurrido: 70 g","Otras menciones obligatorias en la etiqueta: Ingredientes sin aditivos."],"ingredients":[" Mejillones, Agua y Sal"],"ean":"8410847013361"},{"full_name":"CALVO mejillones de las rías gallegas al natural 14-19 piezas lata 69 g neto escurrido","name":"mejillones de las rías gallegas al natural 14-19 piezas lata 69 g neto escurrido","brand":"CALVO ","img":"https://sgfm.elcorteingles.es/SGFM/00/21/6/0200103300216/0200103300216000g01011.jpg","price":"1,50 €","price_unit":"(21,74 € / Kilo)","categories":["Supermercado","Alimentación General","Conservas de pescado","Mejillones diversos","CALVO mejillones de las rías gallegas al natural 14-19 piezas lata 69 g neto escurrido"],"general_information":["Denominación del alimento: Mejillones en escabeche de las Rías Gallegas. Tamaño pequeño","País de origen: España","Nombre del operador: Calvo Distribución Alimentaria SLU","Dirección del operador: Ctra. Coruña-Finisterre. 15106 Carballo. La Coruña","Cantidad Neta: 115 g","Peso neto escurrido: 69 g"],"ingredients":[" mejillones, aceite de girasol, vinagre de vino, sal y aroma natural"],"conservation":" Una vez abierto conservar en el frigorífico y consumir en 24 horas.","ean":"8410090832658"},{"full_name":"EL CORTE INGLES filetes de anchoa en aceite de oliva pesca del Cantábrico lata 90 g neto escurrido","name":"filetes de anchoa en aceite de oliva pesca del Cantábrico lata 90 g neto escurrido","brand":"EL CORTE INGLES ","img":"https://sgfm.elcorteingles.es/SGFM/dctm/MEDIA03/201610/17/00118010801365____2__600x600.jpg","price":"6,02 €","price_unit":"(66,89 € / Kilo)","categories":["Supermercado","Alimentación General","Conservas de pescado","Anchoas","EL CORTE INGLES filetes de anchoa en aceite de oliva pesca del Cantábrico lata 90 g neto escurrido"],"general_information":["Denominación del alimento: Filetes de Anchoa en aceite de Oliva","Nombre del operador: Elaborado para El Corte Ingles\npor YURRITA E HIJOS, S.A.\nCarretera a Ondarroa, s/n 20830 - Mutriku (Gipuzkoa) - España","Cantidad Neta: 114 g","Peso neto escurrido: 90 g"],"ingredients":[" Ingredientes: Anchoa (Engraulis encrasicolus), aceite de Oliva y sal."],"conservation":" Mantener entre 5 ºC y 12 ºC. Una vez abierto mantener en refrigeración,  cubierto por su líquido de cobertura y consumir en 48 - 72 horas.","ean":"8433329059480"},{"full_name":"EL CORTE INGLES filetes de anchoa en aceite de oliva pesca del Cantábrico lata 53 g neto escurrido","name":"filetes de anchoa en aceite de oliva pesca del Cantábrico lata 53 g neto escurrido","brand":"EL CORTE INGLES ","img":"https://sgfm.elcorteingles.es/SGFM/dctm/MEDIA03/201610/17/00118010801357____2__600x600.jpg","price":"4,31 €","price_unit":"(81,32 € / Kilo)","categories":["Supermercado","Alimentación General","Conservas de pescado","Anchoas","EL CORTE INGLES filetes de anchoa en aceite de oliva pesca del Cantábrico lata 53 g neto escurrido"],"general_information":["Denominación del alimento: Filetes de Anchoa en aceite de Oliva","Nombre del operador: Elaborado para El Corte Ingles\npor YURRITA E HIJOS, S.A.\nCarretera a Ondarroa, s/n 20830 - Mutriku (Gipuzkoa) - España","Cantidad Neta: 85 g","Peso neto escurrido: 53 g"],"ingredients":[" Ingredientes: Anchoa (Engraulis encrasicolus), aceite de Oliva y sal."],"conservation":" Mantener entre 5 ºC y 12 ºC. Una vez abierto mantener en refrigeración,  cubierto por su líquido de cobertura y consumir en 48 - 72 horas.","ean":"8433329059466"},{"full_name":"EL CORTE INGLES filetes de anchoa en aceite de oliva pesca del Cantábrico lata 29 g neto escurrido","name":"filetes de anchoa en aceite de oliva pesca del Cantábrico lata 29 g neto escurrido","brand":"EL CORTE INGLES ","img":"https://sgfm.elcorteingles.es/SGFM/dctm/MEDIA03/201610/17/00118010801340____2__600x600.jpg","price":"2,58 €","price_unit":"(86 € / Kilo)","categories":["Supermercado","Alimentación General","Conservas de pescado","Anchoas","EL CORTE INGLES filetes de anchoa en aceite de oliva pesca del Cantábrico lata 29 g neto escurrido"],"general_information":["Denominación del alimento: Filetes de Anchoa en aceite de Oliva","Nombre del operador: Elaborado para El Corte Ingles\npor YURRITA E HIJOS, S.A.\nCarretera a Ondarroa, s/n 20830 - Mutriku (Gipuzkoa) - España","Cantidad Neta: 50 g","Peso neto escurrido: 29 g"],"ingredients":[" Ingredientes: Anchoa (Engraulis encrasicolus), aceite de Oliva y sal."],"conservation":" Mantener entre 5 ºC y 12 ºC. Una vez abierto mantener en refrigeración,  cubierto por su líquido de cobertura y consumir en 48 - 72 horas.","ean":"8433329059442"},{"full_name":"EL CORTE INGLES filetes de anchoa en aceite de oliva pesca del Cantábrico frasco 55 g neto escurrido","name":"filetes de anchoa en aceite de oliva pesca del Cantábrico frasco 55 g neto escurrido","brand":"EL CORTE INGLES ","img":"https://sgfm.elcorteingles.es/SGFM/dctm/MEDIA03/201610/17/00118010801332____2__600x600.jpg","price":"6,00 €","price_unit":"(109,09 € / Kilo)","categories":["Supermercado","Alimentación General","Conservas de pescado","Anchoas","EL CORTE INGLES filetes de anchoa en aceite de oliva pesca del Cantábrico frasco 55 g neto escurrido"],"general_information":["Denominación del alimento: Filetes de Anchoa en aceite de Oliva","Nombre del operador: Elaborado para El Corte Ingles\npor YURRITA E HIJOS, S.A.\nCarretera a Ondarroa, s/n 20830 - Mutriku (Gipuzkoa) - España","Cantidad Neta: 100 g","Peso neto escurrido: 55 g"],"ingredients":[" Ingredientes: Anchoa (Engraulis encrasicolus), aceite de Oliva y sal."],"conservation":" Mantener entre 5 ºC y 12 ºC. Una vez abierto mantener en refrigeración,  cubierto por su líquido de cobertura y consumir en 48 - 72 horas.","ean":"8433329059428"},{"full_name":"ALIADA filetes de anchoa en aceite de oliva lata 29 g neto escurrido","name":"filetes de anchoa en aceite de oliva lata 29 g neto escurrido","brand":"ALIADA ","img":"https://sgfm.elcorteingles.es/SGFM/dctm/MEDIA02/CONTENIDOS/201508/18/00118010801308____2__600x600.jpg","price":"1,00 €","price_unit":"(34,48 € / Kilo)","categories":["Supermercado","Alimentación General","Conservas de pescado","Anchoas","ALIADA filetes de anchoa en aceite de oliva lata 29 g neto escurrido"],"general_information":["Denominación del alimento: Filetes de Anchoa en aceite de Oliva","Nombre del operador: Elaborado para el Grupo El Corte Inglés Hermosilla 112 - 28009 - Madrid - España por CIF: A20026415","Cantidad Neta: 50 g","Peso neto escurrido: 29 g"],"ingredients":[" Ingredientes: Anchoa (Engraulis anchoíta), aceite de Oliva y sal."],"conservation":" Mantener entre 5 ºC y 12 ºC. Una vez abierto mantener en refrigeración,  cubierto por su líquido de cobertura y consumir en 48 - 72 horas.","ean":"8433329059404"},{"full_name":"ALIADA filetes de anchoa en aceite de girasol lata 29 g neto escurrido","name":"filetes de anchoa en aceite de girasol lata 29 g neto escurrido","brand":"ALIADA ","img":"https://sgfm.elcorteingles.es/SGFM/dctm/MEDIA02/CONTENIDOS/201508/18/00118010801316____2__600x600.jpg","price":"0,85 €","price_unit":"(29,31 € / Kilo)","categories":["Supermercado","Alimentación General","Conservas de pescado","Anchoas","ALIADA filetes de anchoa en aceite de girasol lata 29 g neto escurrido"],"general_information":["Denominación del alimento: Filetes de Anchoa en aceite de Girasol","Nombre del operador: Elaborado para el Grupo El Corte Inglés Hermosilla 112 - 28009 - Madrid - España por CIF: A20026415","Cantidad Neta: 50 g","Peso neto escurrido: 29 g"],"ingredients":[" Ingredientes: Anchoa (Engraulis anchoíta), aceite de Girasol y sal."],"conservation":" Mantener entre 5 ºC y 12 ºC. Una vez abierto mantener en refrigeración,  cubierto por su líquido de cobertura y consumir en 48 - 72 horas.","ean":"8433329059411"},{"full_name":"ALBO filetes de anchoa en aceite de oliva lata 29 g neto escurrido","name":"filetes de anchoa en aceite de oliva lata 29 g neto escurrido","brand":"ALBO ","img":"https://sgfm.elcorteingles.es/SGFM/00/55/7/0118010800557/0118010800557000g01011.jpg","price":"3,50 €","price_unit":"(120,69 € / Kilo)","categories":["Supermercado","Alimentación General","Conservas de pescado","Anchoas","ALBO filetes de anchoa en aceite de oliva lata 29 g neto escurrido"],"general_information":["Denominación del alimento: Filetes de anchoa en oliva","Nombre del operador: HIJOS DE CARLOS ALBO S.L.","Dirección del operador: Rúa Jacinto Benavente, 41, 36208 Vigo, Pontevedra ESPAÑA","Cantidad Neta: 48 g","Peso neto escurrido: 0.029 Kilogramos"],"ingredients":[" Anchoas, aceite de oliva y sal."],"ean":"8410032002088"},{"full_name":"ALBO filetes de anchoa en aceite de oliva virgen lata 30 g neto escurrido","name":"filetes de anchoa en aceite de oliva virgen lata 30 g neto escurrido","brand":"ALBO ","img":"https://sgfm.elcorteingles.es/SGFM/00/89/6/0118010800896/0118010800896000g01011.jpg","price":"4,35 €            ","price_unit":"(116,67 € / Kilo)","categories":["Supermercado","Alimentación General","Conservas de pescado","Anchoas","ALBO filetes de anchoa en aceite de oliva virgen lata 30 g neto escurrido"],"general_information":["Denominación del alimento: Filetes de anchoa en oliva virgen","Nombre del operador: HIJOS DE CARLOS ALBO S.L.","Dirección del operador: Rúa Jacinto Benavente, 41, 36208 Vigo, Pontevedra ESPAÑA","Cantidad Neta: 48 g","Peso neto escurrido: 0.029 Kilogramos"],"ingredients":[" Anchoas, aceite de oliva virgen extra y sal."],"ean":"8410032002095"},{"full_name":"CASA BORDAS filetes de anchoa en aceite de oliva frasco 55 g neto escurrido","name":"filetes de anchoa en aceite de oliva frasco 55 g neto escurrido","brand":"CASA BORDAS ","img":"https://sgfm.elcorteingles.es/SGFM/00/05/9/0200110800059/0200110800059000g01011.jpg","price":"6,41 €","price_unit":"(106,83 € / Kilo)","categories":["Supermercado","Alimentación General","Conservas de pescado","Anchoas","CASA BORDAS filetes de anchoa en aceite de oliva frasco 55 g neto escurrido"],"general_information":["Denominación del alimento: Filetes de anchoa en aceite de oliva","País de origen: España","Nombre del operador: ANXOVES DE L' ESCALA","Dirección del operador: P.I. Els Recs C/Boter,2 17130 L' Escala-España","Cantidad Neta: 100 g","Peso neto escurrido: 55 g"],"ingredients":[" Anchoa (Engraulis encrasicholus), aceite de oliva, y sal"],"conservation":" Conservar entre 5°C y12°C","ean":"8421308000905"},{"full_name":"PATRON filetes de anchoas del Cantábrico en aceite vegetal bandeja 75 g neto escurrido","name":"filetes de anchoas del Cantábrico en aceite vegetal bandeja 75 g neto escurrido","brand":"PATRON ","img":"https://sgfm.elcorteingles.es/SGFM/dctm/MEDIA03/201611/17/00118010801019____2__600x600.jpg","price":"8,25 €","price_unit":"(110 € / Kilo)","categories":["Supermercado","Alimentación General","Conservas de pescado","Anchoas","PATRON filetes de anchoas del Cantábrico en aceite vegetal bandeja 75 g neto escurrido"],"general_information":["Denominación del alimento: Filetes de anchoa","País de origen: España","Nombre del operador: Patrón Conservas, S.L.","Dirección del operador: Celeste, 22 28043 Madrid","Cantidad Neta: 110 Kilogramos","Peso neto escurrido: 75 g","Número de raciones por envase: 5","Otras menciones obligatorias en la etiqueta: Orígen: Mar Cantábrico Zona Fao: 27"],"ingredients":[" Filetes de anchoa (68%) (Engraulis Encrasicholus),  aceite de girasol (32%) y sal."],"conservation":" Mantener entre 5 y 12 ºC. Una vez abierto, guardar cubierto de aceite y consumirantes de 2 días","ean":"8414971105015"},{"full_name":"PATRON filetes de anchoa del Cantábrico en aceite de oliva bandeja 60 g neto escurrido","name":"filetes de anchoa del Cantábrico en aceite de oliva bandeja 60 g neto escurrido","brand":"PATRON ","img":"https://sgfm.elcorteingles.es/SGFM/dctm/MEDIA03/201712/12/00118010802108____6__600x600.jpg","price":"7,95 €","price_unit":"(132,50 € / Kilo)","categories":["Supermercado","Alimentación General","Conservas de pescado","Anchoas","PATRON filetes de anchoa del Cantábrico en aceite de oliva bandeja 60 g neto escurrido"],"general_information":["Denominación del alimento: Filetes de Anchoa","País de origen: España","Nombre del operador: Patrón Conservas, S.L.U.","Dirección del operador: C/ Celeste, 22 Madrid","Cantidad Neta: 110 g","Peso neto escurrido: 60 g","Porcentaje de alcohol: 0%","Número de raciones por envase: 4"],"ingredients":[" Anchoa (Engraulis encrasicolus), aceite de oliva y sal marina"],"conservation":" Conservar en frío ente 5 y 12ºC.  Una vez abierto, guardar cubierto de aceite y consumir antes de 7 días.","ean":"8414971104742"},{"full_name":"CONSORCIO filetes de anchoa en aceite de oliva frasco 50 g neto escurrido","name":"filetes de anchoa en aceite de oliva frasco 50 g neto escurrido","brand":"CONSORCIO ","img":"https://sgfm.elcorteingles.es/SGFM/00/25/0/0118010800250/0118010800250000g01011.jpg","price":"5,81 €","price_unit":"(116,20 € / Kilo)","categories":["Supermercado","Alimentación General","Conservas de pescado","Anchoas","CONSORCIO filetes de anchoa en aceite de oliva frasco 50 g neto escurrido"],"general_information":["Denominación del alimento: Anchoa en aceite de oliva","País de origen: España","Nombre del operador: CONSORCIO ESPAÑOL CONSERVERO S.A","Dirección del operador: C/Eguilior, 1- 39740 Santoña","Cantidad Neta: 100 g","Peso neto escurrido: 55 g"],"ingredients":[" anchoa, aceite de oliva y sal"],"conservation":" Semiconserva. Manténgase entre +5°C y +12°C","ean":"8410628010220"},{"full_name":"CONSORCIO Serie Oro filetes de anchoa del Cantábrico en aceite de oliva lata 53 g neto escurrido","name":"Serie Oro filetes de anchoa del Cantábrico en aceite de oliva lata 53 g neto escurrido","brand":"CONSORCIO ","img":"https://sgfm.elcorteingles.es/SGFM/dctm/MEDIA03/201706/05/00118010801530____1__600x600.jpg","price":"8,42 €","price_unit":"(158,87 € / Kilo)","categories":["Supermercado","Alimentación General","Conservas de pescado","Anchoas","CONSORCIO Serie Oro filetes de anchoa del Cantábrico en aceite de oliva lata 53 g neto escurrido"],"general_information":["Denominación del alimento: Anchoa en aceite de oliva","País de origen: España","Nombre del operador: CONSORCIO ESPAÑOL CONSERVERO S.A","Dirección del operador: C/Eguilior, 1- 39740 Santoña","Cantidad Neta: 90 g","Peso neto escurrido: 53 g"],"ingredients":[" anchoa aceite de oliva y sal"],"conservation":" Semiconserva. Manténgase entre +5°C y +12°C","ean":"8410628070323"},{"full_name":"CONSORCIO Serie Oro filetes de anchoa del Cantábrico en aceite de oliva lata 29 g neto escurrido","name":"Serie Oro filetes de anchoa del Cantábrico en aceite de oliva lata 29 g neto escurrido","brand":"CONSORCIO ","img":"https://sgfm.elcorteingles.es/SGFM/dctm/MEDIA03/201706/05/00118010801522____1__600x600.jpg","price":"2,80 €","price_unit":"(96,55 € / Kilo)","categories":["Supermercado","Alimentación General","Conservas de pescado","Anchoas","CONSORCIO Serie Oro filetes de anchoa del Cantábrico en aceite de oliva lata 29 g neto escurrido"],"general_information":["Denominación del alimento: Anchoa en aceite de oliva","País de origen: España","Nombre del operador: CONSORCIO ESPAÑOL CONSERVERO S.A","Dirección del operador: C/Eguilior, 1- 39740 Santoña","Cantidad Neta: 50 g","Peso neto escurrido: 29 g"],"ingredients":[" anchoa aceite de oliva y sal"],"conservation":" Semiconserva. Manténgase entre +5°C y +12°C","ean":"8410628080100"},{"full_name":"CONSORCIO filetes de anchoa en aceite de oliva lata 29 g neto escurrido","name":"filetes de anchoa en aceite de oliva lata 29 g neto escurrido","brand":"CONSORCIO ","img":"https://sgfm.elcorteingles.es/SGFM/00/27/6/0118010800276/0118010800276000g01011.jpg","price":"2,40 €            ","price_unit":"(79,31 € / Kilo)","categories":["Supermercado","Alimentación General","Conservas de pescado","Anchoas","CONSORCIO filetes de anchoa en aceite de oliva lata 29 g neto escurrido"],"general_information":["Denominación del alimento: Anchoa en aceite de oliva","País de origen: España","Nombre del operador: CONSORCIO ESPAÑOL CONSERVERO S.A","Dirección del operador: C/Eguilior, 1- 39740 Santoña","Cantidad Neta: 50 g","Peso neto escurrido: 29 g"],"ingredients":[" anchoa, aceite de oliva y sal"],"conservation":" Semiconserva. Manténgase entre +5°C y +12°C","ean":"8410628000122"},{"full_name":"CONSORCIO anchoas ligeras en sal con aceite de oliva lata 29 g","name":"anchoas ligeras en sal con aceite de oliva lata 29 g","brand":"CONSORCIO ","img":"https://sgfm.elcorteingles.es/SGFM/00/59/9/0118010800599/0118010800599000g01011.jpg","price":"2,91 €","price_unit":"(100,34 € / Kilo)","categories":["Supermercado","Alimentación General","Conservas de pescado","Anchoas","CONSORCIO anchoas ligeras en sal con aceite de oliva lata 29 g"],"general_information":["Denominación del alimento: Anchoa en aceite de oliva","País de origen: España","Nombre del operador: CONSORCIO ESPAÑOL CONSERVERO S.A","Dirección del operador: C/Eguilior, 1- 39740 Santoña","Cantidad Neta: 45 g","Peso neto escurrido: 26 g"],"ingredients":[" anchoa, aceite de oliva, sal, sorbato potásico y ácido cítrico"],"conservation":" Semiconserva. Manténgase entre +5°C y +12°C","ean":"8410628008128"},{"full_name":"LOLIN filetes de anchoa en aceite de oliva virgen alta selección del Cantábrico lata 58 g neto escurrido","name":"filetes de anchoa en aceite de oliva virgen alta selección del Cantábrico lata 58 g neto escurrido","brand":"LOLIN ","img":"https://sgfm.elcorteingles.es/SGFM/dctm/MEDIA03/201710/25/00200110801917____1__600x600.jpg","price":"11,40 €            ","price_unit":"(171,55 € / Kilo)","categories":["Supermercado","Alimentación General","Conservas de pescado","Anchoas","LOLIN filetes de anchoa en aceite de oliva virgen alta selección del Cantábrico lata 58 g neto escurrido"],"general_information":[],"ingredients":[],"ean":"8421357000536"},{"full_name":"ORTIZ filetes de anchoa en aceite de oliva 3 latas 29 g neto escurrido","name":"filetes de anchoa en aceite de oliva 3 latas 29 g neto escurrido","brand":"ORTIZ ","img":"https://sgfm.elcorteingles.es/SGFM/dctm/MEDIA03/201712/11/00118048000337____1__600x600.jpg","price":"9,90 €","price_unit":"(113,79 € / Kilo)","categories":["Supermercado","Alimentación General","Conservas de pescado","Anchoas","ORTIZ filetes de anchoa en aceite de oliva 3 latas 29 g neto escurrido"],"general_information":[],"ingredients":[],"ean":"8411320691618"},{"full_name":"ORTIZ filetes de anchoa en aceite de oliva ecológico lata 29 g neto escurrido","name":"filetes de anchoa en aceite de oliva ecológico lata 29 g neto escurrido","brand":"ORTIZ ","img":"https://sgfm.elcorteingles.es/SGFM/01/05/0/0118010801050/0118010801050000g01011.jpg","price":"5,86 €","price_unit":"(202,07 € / Kilo)","categories":["Supermercado","Alimentación General","Conservas de pescado","Anchoas","ORTIZ filetes de anchoa en aceite de oliva ecológico lata 29 g neto escurrido"],"general_information":["Denominación del alimento: ANCHOAS EN ACEITE DE OLIVA VIRGEN EXTRA ECOLOGICO","Nombre del operador: CONSERVAS ORTIZ S.A.","Dirección del operador: BASUSTA BIDEA 15 - 20750 ZUMAIA - GUIPÚZCOA - ESPAÑA","Cantidad Neta: 47.5 g","Peso neto escurrido: 29 g"],"ingredients":[" *Anchoa, aceite de oliva virgen extra ecológico, sal, especias"],"ean":"8411320105313"},{"full_name":"ORTIZ anchoas en salazón sobre 80 g neto escurrido","name":"anchoas en salazón sobre 80 g neto escurrido","brand":"ORTIZ ","img":"https://sgfm.elcorteingles.es/SGFM/dctm/MEDIA02/CONTENIDOS/201412/10/00118010801142____1__600x600.jpg","price":"6,44 €","price_unit":"(80,50 € / Kilo)","categories":["Supermercado","Alimentación General","Conservas de pescado","Anchoas","ORTIZ anchoas en salazón sobre 80 g neto escurrido"],"general_information":["Denominación del alimento: ANCHOAS EN SALAZÓN","Nombre del operador: CONSERVAS ORTIZ S.A.","Dirección del operador: BASUSTA BIDEA 15 - 20750 ZUMAIA - GUIPÚZCOA - ESPAÑA","Cantidad Neta: 80 g","Peso neto escurrido: 80 g"],"ingredients":[" *Anchoa, agua, sal"],"ean":"8411320114636"},{"full_name":"ORTIZ filetes de anchoa del Cantábrico en aceite de oliva frasco 55 g neto escurrido","name":"filetes de anchoa del Cantábrico en aceite de oliva frasco 55 g neto escurrido","brand":"ORTIZ ","img":"https://sgfm.elcorteingles.es/SGFM/00/44/1/0118010800441/0118010800441000g01011.jpg","price":"7,61 €","price_unit":"(138,36 € / Kilo)","categories":["Supermercado","Alimentación General","Conservas de pescado","Anchoas","ORTIZ filetes de anchoa del Cantábrico en aceite de oliva frasco 55 g neto escurrido"],"general_information":["Denominación del alimento: ANCHOAS EN ACEITE DE OLIVA","Nombre del operador: CONSERVAS ORTIZ S.A.","Dirección del operador: BASUSTA BIDEA 15 - 20750 ZUMAIA - GUIPÚZCOA - ESPAÑA","Cantidad Neta: 95 g","Peso neto escurrido: 55 g"],"ingredients":[" *Anchoa  (Engraulis encrasicholus), aceite de oliva y sal"],"ean":"8411320105108"},{"full_name":"ORTIZ Caja Roja anchoas del Cantábrico en aceite de oliva estuche 55 g neto escurrido","name":"Caja Roja anchoas del Cantábrico en aceite de oliva estuche 55 g neto escurrido","brand":"ORTIZ ","img":"https://sgfm.elcorteingles.es/SGFM/dctm/MEDIA03/201612/12/00118010800458____1__600x600.jpg","price":"11,66 €","price_unit":"(212 € / Kilo)","categories":["Supermercado","Alimentación General","Conservas de pescado","Anchoas","ORTIZ Caja Roja anchoas del Cantábrico en aceite de oliva estuche 55 g neto escurrido"],"general_information":["Denominación del alimento: ANCHOAS EN ACEITE DE OLIVA","Nombre del operador: CONSERVAS ORTIZ S.A.","Dirección del operador: BASUSTA BIDEA 15 - 20750 ZUMAIA - GUIPÚZCOA - ESPAÑA","Cantidad Neta: 67 g","Peso neto escurrido: 55 g"],"ingredients":[" *Anchoa, aceite de oliva virgen extra, sal"],"ean":"8411320103029"},{"full_name":"ORTIZ filetes de anchoa en aceite de oliva lata 29 g neto escurrido","name":"filetes de anchoa en aceite de oliva lata 29 g neto escurrido","brand":"ORTIZ ","img":"https://sgfm.elcorteingles.es/SGFM/dctm/MEDIA02/CONTENIDOS/201507/20/00118010800078____1__600x600.jpg","price":"3,30 €","price_unit":"(113,79 € / Kilo)","categories":["Supermercado","Alimentación General","Conservas de pescado","Anchoas","ORTIZ filetes de anchoa en aceite de oliva lata 29 g neto escurrido"],"general_information":["Denominación del alimento: ANCHOAS EN ACEITE DE OLIVA","Nombre del operador: CONSERVAS ORTIZ S.A.","Dirección del operador: BASUSTA BIDEA 15 - 20750 ZUMAIA - GUIPÚZCOA - ESPAÑA","Cantidad Neta: 48 g","Peso neto escurrido: 29 g"],"ingredients":[" *Anchoa, aceite de oliva y sal"],"ean":"8411320105276"},{"full_name":"ORTIZ filetes de anchoa a la antigua en aceite de oliva virgen extra lata 29 g neto escurrido","name":"filetes de anchoa a la antigua en aceite de oliva virgen extra lata 29 g neto escurrido","brand":"ORTIZ ","img":"https://sgfm.elcorteingles.es/SGFM/01/06/8/0118010801068/0118010801068000g01011.jpg","price":"3,30 €","price_unit":"(113,79 € / Kilo)","categories":["Supermercado","Alimentación General","Conservas de pescado","Anchoas","ORTIZ filetes de anchoa a la antigua en aceite de oliva virgen extra lata 29 g neto escurrido"],"general_information":["Denominación del alimento: ANCHOAS EN ACEITE DE OLIVA A LA ANTIGUA","Nombre del operador: CONSERVAS ORTIZ S.A.","Dirección del operador: BASUSTA BIDEA 15 - 20750 ZUMAIA - GUIPÚZCOA - ESPAÑA","Cantidad Neta: 47.5 g","Peso neto escurrido: 29 g"],"ingredients":[" *Anchoa, aceite de oliva virgen extra, sal, especias"],"ean":"8411320105306"},{"full_name":"AGROMAR filetes de anchoa en aceite de oliva frasco 60 g neto escurrido","name":"filetes de anchoa en aceite de oliva frasco 60 g neto escurrido","brand":"AGROMAR ","img":"https://sgfm.elcorteingles.es/SGFM/00/45/5/0200110800455/0200110800455000g01011.jpg","price":"6,00 €","price_unit":"(100 € / Kilo)","categories":["Supermercado","Alimentación General","Conservas de pescado","Anchoas","AGROMAR filetes de anchoa en aceite de oliva frasco 60 g neto escurrido"],"general_information":["Denominación del alimento: Anchoa en aceite de oliva","Nombre del operador: Conservas Agromar S.A.","Dirección del operador: Muelle de Rendiello s/n. Puerto de El Musel 33290 Gijón, Asturias, España.","Cantidad Neta: 100 g","Peso neto escurrido: 55 g"],"ingredients":[" Anchoas, aceite de oliva y sal."],"conservation":" Manténgase entre 5 y 12°C","ean":"8414947000085"},{"full_name":"LOLIN filetes de anchoa en aceite de oliva frasco 100 g neto escurrido","name":"filetes de anchoa en aceite de oliva frasco 100 g neto escurrido","brand":"LOLIN ","img":"https://sgfm.elcorteingles.es/SGFM/00/24/3/0118010800243/0118010800243000g01011.jpg","price":"13,90 €","price_unit":"(139 € / Kilo)","categories":["Supermercado","Alimentación General","Conservas de pescado","Anchoas","LOLIN filetes de anchoa en aceite de oliva frasco 100 g neto escurrido"],"general_information":["Denominación del alimento: Filetes de anchoa en aceite de oliva.","Nombre del operador: Conservas Lolín","Dirección del operador: Paseo Menéndez Pelayo, 55, 39700 Castro Urdiales","Cantidad Neta: 180,0 g","Peso neto escurrido: 100,0 g"],"ingredients":[" Anchoa en salazón, aceite de oliva y sal."],"conservation":" Conservar entre 5-10°C.","ean":"8421357000321"},{"full_name":"LOLIN filetes de anchoa en aceite de oliva frasco 55 g neto escurrido","name":"filetes de anchoa en aceite de oliva frasco 55 g neto escurrido","brand":"LOLIN ","img":"https://sgfm.elcorteingles.es/SGFM/00/11/0/0118010800110/0118010800110000g01011.jpg","price":"12,62 €","price_unit":"(229,45 € / Kilo)","categories":["Supermercado","Alimentación General","Conservas de pescado","Anchoas","LOLIN filetes de anchoa en aceite de oliva frasco 55 g neto escurrido"],"general_information":["Denominación del alimento: Filete de anchoa en aceite de oliva.","Nombre del operador: Conservas Lolín","Dirección del operador: Paseo Menéndez Pelayo, 55, 39700 Castro Urdiales","Cantidad Neta: 100 g","Peso neto escurrido: 55 g"],"ingredients":[" Anchoa en salazón, aceite de oliva y sal."],"conservation":" Conservar entre 5-10°C.","ean":"8421357000314"},{"full_name":"LOLIN filetes de anchoas en aceite de oliva lata 50 g neto escurrido","name":"filetes de anchoas en aceite de oliva lata 50 g neto escurrido","brand":"LOLIN ","img":"https://sgfm.elcorteingles.es/SGFM/00/10/2/0118010800102/0118010800102000g01011.jpg","price":"9,78 €","price_unit":"(195,60 € / Kilo)","categories":["Supermercado","Alimentación General","Conservas de pescado","Anchoas","LOLIN filetes de anchoas en aceite de oliva lata 50 g neto escurrido"],"general_information":["Denominación del alimento: Filetes de anchoa en aceite de oliva.","Nombre del operador: Conservas Lolín","Dirección del operador: Paseo Menéndez Pelayo, 55, 39700 Castro Urdiales","Cantidad Neta: 80,0 g","Peso neto escurrido: 50,0 g"],"ingredients":[" Anchoa en salazón, aceite de oliva y sal."],"conservation":" Conservar entre 5-10°C.","ean":"8421357000222"},{"full_name":"LOLIN filetes de anchoa en aceite de oliva lata 29 g neto escurrido","name":"filetes de anchoa en aceite de oliva lata 29 g neto escurrido","brand":"LOLIN ","img":"https://sgfm.elcorteingles.es/SGFM/00/12/8/0118010800128/0118010800128000g01011.jpg","price":"3,85 €","price_unit":"(132,76 € / Kilo)","categories":["Supermercado","Alimentación General","Conservas de pescado","Anchoas","LOLIN filetes de anchoa en aceite de oliva lata 29 g neto escurrido"],"general_information":["Denominación del alimento: Filetes de anchoa en aceite de oliva.","Nombre del operador: Conservas Lolín","Dirección del operador: Paseo Menéndez Pelayo, 55, 39700 Castro Urdiales","Cantidad Neta: 50,0 g","Peso neto escurrido: 29,0 g"],"ingredients":[" Anchoa en salazón, aceite de oliva y sal."],"conservation":" Conservar entre 5-10°C.","ean":"8421357000017"},{"full_name":"ISABEL filetes de anchoa en aceite de oliva lata 30 g neto escurrido","name":"filetes de anchoa en aceite de oliva lata 30 g neto escurrido","brand":"ISABEL ","img":"https://sgfm.elcorteingles.es/SGFM/dctm/MEDIA03/201610/04/00118010800086____1__600x600.jpg","price":"2,20 €","price_unit":"(73,33 € / Kilo)","categories":["Supermercado","Alimentación General","Conservas de pescado","Anchoas","ISABEL filetes de anchoa en aceite de oliva lata 30 g neto escurrido"],"general_information":["Denominación del alimento: FILETES DE anchoa EN ACEITE DE OLIVA","Nombre del operador: CONSERVAS SELECTAS DE GALICIA SL","Dirección del operador: Virxe das Mareas s/n 36980 O Grove","Cantidad Neta: 50 g","Peso neto escurrido: 30 g"],"ingredients":[" Filetes de anchoa (60%), aceite de oliva (40%) y sal."],"ean":"8410111500306"},{"full_name":"ANXOVES DE L'ESCALA filetes de anchoa en salazón frasco 515 g neto escurrido","name":"filetes de anchoa en salazón frasco 515 g neto escurrido","brand":"ANXOVES DE L'ESCALA ","img":"https://sgfm.elcorteingles.es/SGFM/dctm/MEDIA02/CONTENIDOS/201408/22/00118010800185____1__600x600.jpg","price":"12,65 €","price_unit":"(24,56 € / Kilo)","categories":["Supermercado","Alimentación General","Conservas de pescado","Anchoas","ANXOVES DE L'ESCALA filetes de anchoa en salazón frasco 515 g neto escurrido"],"general_information":["Denominación del alimento: Anchoa en salazón","País de origen: España","Nombre del operador: ANXOVES DE L' ESCALA","Dirección del operador: P.I. Els Recs C/Boter,2 17130 L' Escala-España","Cantidad Neta: 870 g","Peso neto escurrido: 515 g"],"ingredients":[" Anchoa (Engraulis encrasicholus) y sal"],"conservation":" Conservar entre 5°C y12°C","ean":"8411909022352"},{"full_name":"ANXOVES DE L'ESCALA filetes de anchoa en salazón frasco 365 g neto escurrido","name":"filetes de anchoa en salazón frasco 365 g neto escurrido","brand":"ANXOVES DE L'ESCALA ","img":"https://sgfm.elcorteingles.es/SGFM/dctm/MEDIA02/CONTENIDOS/201408/22/00118010800193____1__600x600.jpg","price":"9,75 €","price_unit":"(26,71 € / Kilo)","categories":["Supermercado","Alimentación General","Conservas de pescado","Anchoas","ANXOVES DE L'ESCALA filetes de anchoa en salazón frasco 365 g neto escurrido"],"general_information":["Denominación del alimento: Anchoa en salazón","País de origen: España","Nombre del operador: ANXOVES DE L' ESCALA","Dirección del operador: P.I. Els Recs C/Boter,2 17130 L' Escala-España","Cantidad Neta: 600 g","Peso neto escurrido: 365 g"],"ingredients":[" Anchoa (Engraulis encrasicholus) y sal"],"conservation":" Conservar entre 5°C y12°C","ean":"8411909022253"},{"full_name":"ANXOVES DE L'ESCALA filetes de anchoa en aceite de oliva frasco 90 g neto escurrido","name":"filetes de anchoa en aceite de oliva frasco 90 g neto escurrido","brand":"ANXOVES DE L'ESCALA ","img":"https://sgfm.elcorteingles.es/SGFM/dctm/MEDIA02/CONTENIDOS/201408/22/00118010800219____1__600x600.jpg","price":"7,95 €","price_unit":"(88,33 € / Kilo)","categories":["Supermercado","Alimentación General","Conservas de pescado","Anchoas","ANXOVES DE L'ESCALA filetes de anchoa en aceite de oliva frasco 90 g neto escurrido"],"general_information":["Denominación del alimento: Filetes de anchoa en aceite de oliva","País de origen: España","Nombre del operador: ANXOVES DE L' ESCALA","Dirección del operador: P.I. Els Recs C/Boter,2 17130 L' Escala-España","Cantidad Neta: 160 g","Peso neto escurrido: 90 g"],"ingredients":[" Anchoa (Engraulis encrasicholus), aceite de oliva, y sal"],"conservation":" Conservar entre 5°C y12°C","ean":"8411909011103"},{"full_name":"ANXOVES DE L'ESCALA filetes de anchoa en aceite de oliva pack 2 frasco 55 g neto escurrido","name":"filetes de anchoa en aceite de oliva pack 2 frasco 55 g neto escurrido","brand":"ANXOVES DE L'ESCALA ","img":"https://sgfm.elcorteingles.es/SGFM/dctm/MEDIA02/CONTENIDOS/201512/14/00118010801431____1__600x600.jpg","price":"9,95 €","price_unit":"(90,45 € / Kilo)","categories":["Supermercado","Alimentación General","Conservas de pescado","Anchoas","ANXOVES DE L'ESCALA filetes de anchoa en aceite de oliva pack 2 frasco 55 g neto escurrido"],"general_information":[],"ingredients":[],"ean":"8411909011080"},{"full_name":"ANXOVES DE L'ESCALA filetes de anchoa en aceite de oliva frasco 55 g neto escurrido","name":"filetes de anchoa en aceite de oliva frasco 55 g neto escurrido","brand":"ANXOVES DE L'ESCALA ","img":"https://sgfm.elcorteingles.es/SGFM/dctm/MEDIA02/CONTENIDOS/201408/22/00118010800201____1__600x600.jpg","price":"5,20 €","price_unit":"(94,55 € / Kilo)","categories":["Supermercado","Alimentación General","Conservas de pescado","Anchoas","ANXOVES DE L'ESCALA filetes de anchoa en aceite de oliva frasco 55 g neto escurrido"],"general_information":["Denominación del alimento: Filetes de anchoa en aceite de oliva","País de origen: España","Nombre del operador: ANXOVES DE L' ESCALA","Dirección del operador: P.I. Els Recs C/Boter,2 17130 L' Escala-España","Cantidad Neta: 100 g","Peso neto escurrido: 55 g"],"ingredients":[" Anchoa (Engraulis encrasicholus), aceite de oliva, y sal"],"conservation":" Conservar entre 5°C y12°C","ean":"8411909011059"},{"full_name":"ANXOVES DE L'ESCALA filetes de anchoas en aceite de oliva virgen extra ecológico frasco 55 g neto escurrido","name":"filetes de anchoas en aceite de oliva virgen extra ecológico frasco 55 g neto escurrido","brand":"ANXOVES DE L'ESCALA ","img":"https://sgfm.elcorteingles.es/SGFM/dctm/MEDIA02/CONTENIDOS/201408/22/00118010800805____1__600x600.jpg","price":"6,80 €","price_unit":"(123,64 € / Kilo)","categories":["Supermercado","Alimentación General","Conservas de pescado","Anchoas","ANXOVES DE L'ESCALA filetes de anchoas en aceite de oliva virgen extra ecológico frasco 55 g neto escurrido"],"general_information":["Denominación del alimento: Filetes de anchoa en aceite de oliva ecológico","País de origen: España","Nombre del operador: ANXOVES DE L' ESCALA","Dirección del operador: P.I. Els Recs C/Boter,2 17130 L' Escala-España","Cantidad Neta: 100 g","Peso neto escurrido: 55 g"],"ingredients":[" Anchoa (Engraulis encrasicholus), aceite de oliva extra virgen ecológico (45%), y sal"],"conservation":" Conservar entre 5°C y12°C","ean":"8411909011004"},{"full_name":"ANXOVES DE L'ESCALA filetes de anchoa en aceite de oliva lata 30 g neto escurrido","name":"filetes de anchoa en aceite de oliva lata 30 g neto escurrido","brand":"ANXOVES DE L'ESCALA ","img":"https://sgfm.elcorteingles.es/SGFM/01/12/6/0118010801126/0118010801126000g01011.jpg","price":"3,20 €","price_unit":"(106,67 € / Kilo)","categories":["Supermercado","Alimentación General","Conservas de pescado","Anchoas","ANXOVES DE L'ESCALA filetes de anchoa en aceite de oliva lata 30 g neto escurrido"],"general_information":["Denominación del alimento: Filetes de anchoa en aceite de oliva","País de origen: España","Nombre del operador: ANXOVES DE L' ESCALA","Dirección del operador: P.I. Els Recs C/Boter,2 17130 L' Escala-España","Cantidad Neta: 50 g","Peso neto escurrido: 30 g"],"ingredients":[" Anchoa (Engraulis encrasicholus), aceite de oliva, y sal"],"conservation":" Conservar entre 5°C y12°C","ean":"8411909800004"},{"full_name":"CANTABRICO filetes de anchoa en aceite de oliva tarro 55 g neto escurrido","name":"filetes de anchoa en aceite de oliva tarro 55 g neto escurrido","brand":"CANTABRICO ","img":"https://sgfm.elcorteingles.es/SGFM/dctm/MEDIA03/201712/12/00118010802090____1__600x600.jpg","price":"4,95 €            ","price_unit":"(54,36 € / Kilo)","categories":["Supermercado","Alimentación General","Conservas de pescado","Anchoas","CANTABRICO filetes de anchoa en aceite de oliva tarro 55 g neto escurrido"],"general_information":[],"ingredients":[],"ean":"8436030472005"},{"full_name":"DIEZ filetes de anchoa del Cantábrico en aceite de oliva lata 50 g neto escurrido","name":"filetes de anchoa del Cantábrico en aceite de oliva lata 50 g neto escurrido","brand":"DIEZ ","img":"https://sgfm.elcorteingles.es/SGFM/00/56/5/0118010800565/0118010800565000g01011.jpg","price":"5,71 €","price_unit":"(114,20 € / Kilo)","categories":["Supermercado","Alimentación General","Conservas de pescado","Anchoas","DIEZ filetes de anchoa del Cantábrico en aceite de oliva lata 50 g neto escurrido"],"general_information":["Denominación del alimento: Filete de anchoas en aceite de oliva virgen extra","Nombre del operador: Conservas Selección Santoñesa, S.L.","Dirección del operador: C/ Baldomero Villegas, s/n, Apdo. 170, 39740 Santoña","Cantidad Neta: 85 g","Peso neto escurrido: 50 g","Otras menciones obligatorias en la etiqueta: Producto no modificado genéticamente. Sin gluten."],"ingredients":[" Anchoas, aceite de oliva y sal."],"conservation":" Conservar a < 5°C","ean":"8437000227564"},{"full_name":"DIEZ filetes de anchoa del Cantábrico en aceite de oliva virgen lata 58 g","name":"filetes de anchoa del Cantábrico en aceite de oliva virgen lata 58 g","brand":"DIEZ ","img":"https://sgfm.elcorteingles.es/SGFM/00/90/4/0118010800904/0118010800904000g01011.jpg","price":"12,45 €","price_unit":"(214,66 € / Kilo)","categories":["Supermercado","Alimentación General","Conservas de pescado","Anchoas","DIEZ filetes de anchoa del Cantábrico en aceite de oliva virgen lata 58 g"],"general_information":["Denominación del alimento: Filete de anchoas en aceite de oliva","Nombre del operador: Conservas Selección Santoñesa, S.L.","Dirección del operador: C/ Baldomero Villegas, s/n, Apdo. 170, 39740 Santoña","Cantidad Neta: 115 g","Peso neto escurrido: 53 g","Otras menciones obligatorias en la etiqueta: Producto no modificado genéticamente. Sin gluten."],"ingredients":[" Anchoas, aceite de oliva y sal."],"conservation":" Conservar a < 5°C","ean":"8436534810174"},{"full_name":"DIEZ filetes de anchoa del Cantábrico en aceite de oliva lata 28 g neto escurrido","name":"filetes de anchoa del Cantábrico en aceite de oliva lata 28 g neto escurrido","brand":"DIEZ ","img":"https://sgfm.elcorteingles.es/SGFM/00/57/3/0118010800573/0118010800573000g01011.jpg","price":"4,59 €","price_unit":"(163,93 € / Kilo)","categories":["Supermercado","Alimentación General","Conservas de pescado","Anchoas","DIEZ filetes de anchoa del Cantábrico en aceite de oliva lata 28 g neto escurrido"],"general_information":["Denominación del alimento: Filete de anchoas en aceite de oliva","Nombre del operador: Conservas Selección Santoñesa, S.L.","Dirección del operador: C/ Baldomero Villegas, s/n, Apdo. 170, 39740 Santoña","Cantidad Neta: 48 g","Peso neto escurrido: 28 g","Otras menciones obligatorias en la etiqueta: Producto no modificado genéticamente. Sin gluten."],"ingredients":[" Anchoas, aceite de oliva y sal."],"conservation":" Conservar a < 5°C","ean":"8437000227540"},{"full_name":"DON BOCARTE filetes de anchoa del Cantábrico en aceite de oliva bajos en sal lata 28 g","name":"filetes de anchoa del Cantábrico en aceite de oliva bajos en sal lata 28 g","brand":"DON BOCARTE ","img":"https://sgfm.elcorteingles.es/SGFM/00/67/2/0118010800672/0118010800672000g01011.jpg","price":"5,85 €","price_unit":"(208,93 € / Kilo)","categories":["Supermercado","Alimentación General","Conservas de pescado","Anchoas","DON BOCARTE filetes de anchoa del Cantábrico en aceite de oliva bajos en sal lata 28 g"],"general_information":["Denominación del alimento: Filete de anchoas en aceite de oliva","Nombre del operador: Conservas Selección Santoñesa, S.L.","Dirección del operador: C/ Baldomero Villegas, s/n, Apdo. 170, 39740 Santoña","Cantidad Neta: 48 g","Peso neto escurrido: 28 g","Otras menciones obligatorias en la etiqueta: Producto no modificado genéticamente. Sin gluten."],"ingredients":[" Anchoas, aceite de oliva y sal."],"conservation":" Conservar a < 5°C","ean":"8437000227458"},{"full_name":"DON BOCARTE filetes de anchoa del Cantábrico bajas en sal en aceite de oliva virgen extra lata 28 g","name":"filetes de anchoa del Cantábrico bajas en sal en aceite de oliva virgen extra lata 28 g","brand":"DON BOCARTE ","img":"https://sgfm.elcorteingles.es/SGFM/dctm/MEDIA03/201705/23/00118010800680____1__600x600.jpg","price":"5,12 €","price_unit":"(182,86 € / Kilo)","categories":["Supermercado","Alimentación General","Conservas de pescado","Anchoas","DON BOCARTE filetes de anchoa del Cantábrico bajas en sal en aceite de oliva virgen extra lata 28 g"],"general_information":["Denominación del alimento: Filete de anchoas en aceite de oliva","Nombre del operador: Conservas Selección Santoñesa, S.L.","Dirección del operador: C/ Baldomero Villegas, s/n, Apdo. 170, 39740 Santoña","Cantidad Neta: 48 g","Peso neto escurrido: 28 g","Otras menciones obligatorias en la etiqueta: Producto no modificado genéticamente. Sin gluten."],"ingredients":[" Anchoas, aceite de oliva y sal."],"conservation":" Conservar a < 5°C","ean":"8437000227465"},{"full_name":"DON BOCARTE filetes de anchoa de pesca selecta del Cantábrico en aceite de oliva virgen bajos en sal lata 58 g neto escurrido","name":"filetes de anchoa de pesca selecta del Cantábrico en aceite de oliva virgen bajos en sal lata 58 g neto escurrido","brand":"DON BOCARTE ","img":"https://sgfm.elcorteingles.es/SGFM/00/75/5/0118010800755/0118010800755000g01011.jpg","price":"11,87 €            ","price_unit":"(198,28 € / Kilo)","categories":["Supermercado","Alimentación General","Conservas de pescado","Anchoas","DON BOCARTE filetes de anchoa de pesca selecta del Cantábrico en aceite de oliva virgen bajos en sal lata 58 g neto escurrido"],"general_information":["Denominación del alimento: Filete de anchoas en aceite de oliva","Nombre del operador: Conservas Selección Santoñesa, S.L.","Dirección del operador: C/ Baldomero Villegas, s/n, Apdo. 170, 39740 Santoña","Cantidad Neta: 100 g","Peso neto escurrido: 58 g","Otras menciones obligatorias en la etiqueta: Producto no modificado genéticamente. Sin gluten."],"ingredients":[" Anchoas en salazón 50.8 % (anchoa 47.4% y sal 3.4%), aceite de oliva virgen extra 49.2%."],"conservation":" Conservar a < 5°C","ean":"8436534810068"},{"full_name":"LOREA Gourmet filetes de anchoa del Cantábrico bajo en sal en aceite de oliva lata 30 g neto escurrido","name":"Gourmet filetes de anchoa del Cantábrico bajo en sal en aceite de oliva lata 30 g neto escurrido","brand":"LOREA ","img":"https://sgfm.elcorteingles.es/SGFM/dctm/MEDIA03/201611/30/00118010801613____1__600x600.jpg","price":"2,12 €","price_unit":"(70,67 € / Kilo)","categories":["Supermercado","Alimentación General","Conservas de pescado","Anchoas","LOREA Gourmet filetes de anchoa del Cantábrico bajo en sal en aceite de oliva lata 30 g neto escurrido"],"general_information":["Denominación del alimento: Semiconserva de anchoa","Nombre del operador: Yurrita e Hijos, S.A.","Dirección del operador: Ctr.a Ondarroa, s/n - 20830 Mutriku (Guipuzcoa)","Cantidad Neta: 50 g","Otras menciones obligatorias en la etiqueta: Contenido reducido de sal."],"ingredients":[" Anchoa"],"ean":"8410333001292"},{"full_name":"LOREA Gourmet filetes de anchoa del Cantábrico en aceite de oliva lata 30 g neto escurrido","name":"Gourmet filetes de anchoa del Cantábrico en aceite de oliva lata 30 g neto escurrido","brand":"LOREA ","img":"https://sgfm.elcorteingles.es/SGFM/dctm/MEDIA03/201611/30/00118010801605____1__600x600.jpg","price":"2,51 €","price_unit":"(83,67 € / Kilo)","categories":["Supermercado","Alimentación General","Conservas de pescado","Anchoas","LOREA Gourmet filetes de anchoa del Cantábrico en aceite de oliva lata 30 g neto escurrido"],"general_information":["Denominación del alimento: Semiconserva de anchoa","Nombre del operador: Yurrita e Hijos, S.A.","Dirección del operador: Ctr.a Ondarroa, s/n - 20830 Mutriku","Cantidad Neta: 50 g"],"ingredients":[" Anchoa"],"ean":"8410333000165"},{"full_name":"LOREA filetes de anchoa en aceite de oliva virgen extra arbequina pesca del Cantábrico lata 55 g neto escurrido","name":"filetes de anchoa en aceite de oliva virgen extra arbequina pesca del Cantábrico lata 55 g neto escurrido","brand":"LOREA ","img":"https://sgfm.elcorteingles.es/SGFM/dctm/MEDIA03/201712/07/00118010802116____1__600x600.jpg","price":"6,90 €","price_unit":"(125,45 € / Kilo)","categories":["Supermercado","Alimentación General","Conservas de pescado","Anchoas","LOREA filetes de anchoa en aceite de oliva virgen extra arbequina pesca del Cantábrico lata 55 g neto escurrido"],"general_information":[],"ingredients":[],"ean":"8410333002473"},{"full_name":"LOREA filetes de anchoa del Cantábrico en aceite de oliva pack 2 lata 53 g neto escurrido","name":"filetes de anchoa del Cantábrico en aceite de oliva pack 2 lata 53 g neto escurrido","brand":"LOREA ","img":"https://sgfm.elcorteingles.es/SGFM/dctm/MEDIA02/CONTENIDOS/201512/01/00118010801407____1__600x600.jpg","price":"8,50 €","price_unit":"(80,19 € / Kilo)","categories":["Supermercado","Alimentación General","Conservas de pescado","Anchoas","LOREA filetes de anchoa del Cantábrico en aceite de oliva pack 2 lata 53 g neto escurrido"],"general_information":["Denominación del alimento: Anchoa del Cantabrico","Nombre del operador: Yurrita e Hijos, S.A.","Dirección del operador: Ctra. A Ondarroa, s/n, 20830 Mutriku (Gipuzkoa) España.","Cantidad Neta: 160 g","Número de raciones por envase: 6"],"ingredients":[" Anchoa del Cantabrico (E.encrasicolus), aceite de Oliva, sal."],"conservation":" Mantener entre 5°C y 12°C.","ean":"8410333002565"},{"full_name":"LOREA filetes de anchoa en aceite de oliva virgen extra ecológico lata 60 g neto escurrido","name":"filetes de anchoa en aceite de oliva virgen extra ecológico lata 60 g neto escurrido","brand":"LOREA ","img":"https://sgfm.elcorteingles.es/SGFM/dctm/MEDIA03/201704/20/00118010800870____1__600x600.jpg","price":"5,49 €","price_unit":"(91,50 € / Kilo)","categories":["Supermercado","Alimentación General","Conservas de pescado","Anchoas","LOREA filetes de anchoa en aceite de oliva virgen extra ecológico lata 60 g neto escurrido"],"general_information":["Denominación del alimento: Anchoa en aceite de Oliva Virgen Extra Ecologico","Nombre del operador: Yurrita e Hijos, S.A.","Dirección del operador: Ctra. a Ondarroa, s/n - 20830 Mutriku (Gipuzkoa)","Cantidad Neta: 100 g","Peso neto escurrido: 60 g","Otras menciones obligatorias en la etiqueta: Logos de: MSC: Anchoas procedentes de una pesquería certificada según el estándar MSC para la pesca sostenible (www.msc.org/es). ENEEK: por el uso de aceite Ecológico."],"ingredients":[" Anchoas  (Engraulis anchoita), aceite de Oliva Virgen Extra Ecológico y sal."],"conservation":" Semiconserva. Mantener entre 5° y 12°C.","ean":"8410333000943"},{"full_name":"PATRON filetes de anchoa en aceite de oliva pesca del Cantábrico lata 58 g neto escurrido","name":"filetes de anchoa en aceite de oliva pesca del Cantábrico lata 58 g neto escurrido","brand":"PATRON ","img":"https://sgfm.elcorteingles.es/SGFM/dctm/MEDIA02/CONTENIDOS/201410/15/00118010801175____1__600x600.jpg","price":"5,18 €","price_unit":"(89,31 € / Kilo)","categories":["Supermercado","Alimentación General","Conservas de pescado","Anchoas","PATRON filetes de anchoa en aceite de oliva pesca del Cantábrico lata 58 g neto escurrido"],"general_information":["Denominación del alimento: Filetes de anchoa en aceite de oliva y filetes de boquerón  en aceite de oliva","País de origen: España","Nombre del operador: Patrón Conservas, S.L.","Dirección del operador: C/ Celeste 22 - 28043 Madrid - España","Cantidad Neta: 100 g","Peso neto escurrido: 58 g","Otras menciones obligatorias en la etiqueta: Pesca del cantábrico: Zona FAO 27. Sin: aromatizantes, colorantes, conservantes, aditivos. Sin OMG Organismos Modificados Genéticamente). Fileteado a mano. Semiconserva."],"ingredients":[" Filetes de anchoa en aceite de oliva: Filetes de anchoas (58%) (Engraulis Encrasicholus), aceite de oliva (42%) y sal. Filetes de boquerón en aceite de oliva: Boquerón (58%) (Engraulis Encrasicholus) (marinado en vinagre de vino), aceite de oliva (42%) y sal."],"conservation":" Conservar en frío entre 3°C y 6°C servir a temperatura ambiente. Una vez abierto, guardar cubierto de aceite y consumir antes de 2 días.","ean":"8414971104728"},{"full_name":"CODESA SERIE ORO filetes de anchoa del Cantábrico en aceite de oliva lata 32 g neto escurrido","name":"filetes de anchoa del Cantábrico en aceite de oliva lata 32 g neto escurrido","brand":"CODESA SERIE ORO ","img":"https://sgfm.elcorteingles.es/SGFM/01/07/6/0118010801076/0118010801076000g01011.jpg","price":"6,14 €            ","price_unit":"(146,88 € / Kilo)","categories":["Supermercado","Alimentación General","Conservas de pescado","Anchoas","CODESA SERIE ORO filetes de anchoa del Cantábrico en aceite de oliva lata 32 g neto escurrido"],"general_information":["Denominación del alimento: Filetes de anchoa en aceite de oliva","Nombre del operador: Conservas Codesa S.L.","Dirección del operador: Pol. Ind. La Pesquera, P-4 39770 Laredo (Cantabria)","Cantidad Neta: 55 g","Peso neto escurrido: 32 g"],"ingredients":[" Anchoas (pescado), aceite de oliva y sal."],"conservation":" Manténgase entre 5° y 10° C. Una vez abierto mantener en frío, cubiertas de aceite y consumirlantes de 3 días.","ean":"8413411200082"},{"full_name":"CODESA SERIE ORO filetes de anchoa del Cantábrico en aceite de oliva lata 62 g neto escurrido","name":"filetes de anchoa del Cantábrico en aceite de oliva lata 62 g neto escurrido","brand":"CODESA SERIE ORO ","img":"https://sgfm.elcorteingles.es/SGFM/dctm/MEDIA03/201611/17/00118010801084____7__600x600.jpg","price":"10,29 €            ","price_unit":"(150 € / Kilo)","categories":["Supermercado","Alimentación General","Conservas de pescado","Anchoas","CODESA SERIE ORO filetes de anchoa del Cantábrico en aceite de oliva lata 62 g neto escurrido"],"general_information":["Denominación del alimento: Filetes de anchoa en aceite de oliva","Nombre del operador: Conservas Codesa S.L.","Dirección del operador: Pol. Ind. La Pesquera, P-4 39770 Laredo (Cantabria)","Cantidad Neta: 120 g","Peso neto escurrido: 62 g"],"ingredients":[" Anchoas (pescado), aceite de oliva y sal."],"conservation":" Manténgase entre +5  y +10° C. Una vez abierto, consumir en el día, entre 16-18 C°.","ean":"8413411900012"},{"full_name":"ESCURIS filetes de anchoa en aceite de oliva del Cantábrico elaborados a mano en Santoña lata 30 g neto escurrido","name":"filetes de anchoa en aceite de oliva del Cantábrico elaborados a mano en Santoña lata 30 g neto escurrido","brand":"ESCURIS ","img":"https://sgfm.elcorteingles.es/SGFM/00/99/5/0118010800995/0118010800995000g01011.jpg","price":"4,02 €","price_unit":"(134 € / Kilo)","categories":["Supermercado","Alimentación General","Conservas de pescado","Anchoas","ESCURIS filetes de anchoa en aceite de oliva del Cantábrico elaborados a mano en Santoña lata 30 g neto escurrido"],"general_information":["Denominación del alimento: FILETES DE ANCHOA EN ACEITE DE OLIVA","Nombre del operador: ESCURIS, S.L.","Dirección del operador: C/ Bayuca, s/n 15940 Puebla del Caramiñal ( A Coruña) España","Cantidad Neta: 50 g","Peso neto escurrido: 30 g"],"ingredients":[" Anchoa, Aceite de oliva (40%), Sal"],"ean":"8410124039510"},{"full_name":"ESCURIS filetes de anchoa en aceite de oliva del Cantábrico tarro 55 g neto escurrido","name":"filetes de anchoa en aceite de oliva del Cantábrico tarro 55 g neto escurrido","brand":"ESCURIS ","img":"https://sgfm.elcorteingles.es/SGFM/01/00/1/0118010801001/0118010801001000g01011.jpg","price":"9,89 €","price_unit":"(179,82 € / Kilo)","categories":["Supermercado","Alimentación General","Conservas de pescado","Anchoas","ESCURIS filetes de anchoa en aceite de oliva del Cantábrico tarro 55 g neto escurrido"],"general_information":["Denominación del alimento: FILETES DE ANCHOA EN ACEITE DE OLIVA","Nombre del operador: ESCURIS, S.L.","Dirección del operador: C/ Bayuca, s/n 15940 Puebla del Caramiñal ( A Coruña) España","Cantidad Neta: 100 g","Peso neto escurrido: 60 g"],"ingredients":[" Anchoa, aceite de oliva (40%) y sal."],"ean":"8410124039527"},{"full_name":"ZUBIETA lomos de anchoa de Santoña artesanas en aceite de oliva lata 120 g neto escurrido","name":"lomos de anchoa de Santoña artesanas en aceite de oliva lata 120 g neto escurrido","brand":"ZUBIETA ","img":"https://sgfm.elcorteingles.es/SGFM/dctm/MEDIA02/CONTENIDOS/201412/10/00200110801289____1__600x600.jpg","price":"13,32 €","price_unit":"(111 € / Kilo)","categories":["Supermercado","Alimentación General","Conservas de pescado","Anchoas","ZUBIETA lomos de anchoa de Santoña artesanas en aceite de oliva lata 120 g neto escurrido"],"general_information":["Denominación del alimento: Filetes de anchoa en aceite de oliva","Nombre del operador: Pescados y Salazones Juanchi, S.L.","Dirección del operador: Polígono Industrial, fase 3 10, 39740 Santoña (Cantabria)","Cantidad Neta: 120 g","Peso neto escurrido: 58 g","Otras menciones obligatorias en la etiqueta: Semiconserva."],"ingredients":[" Anchoas del Cantábrico, aceite de oliva y sal."],"conservation":" Mantener entre 5° y 12°C.","ean":"8426469311525"},{"full_name":"ZUBIETA filetes de anchoa artesanas de Santoña lata 30 g neto escurrido","name":"filetes de anchoa artesanas de Santoña lata 30 g neto escurrido","brand":"ZUBIETA ","img":"https://sgfm.elcorteingles.es/SGFM/dctm/MEDIA02/CONTENIDOS/201503/13/00118010801266000_1__600x600.jpg","price":"3,19 €","price_unit":"(106,33 € / Kilo)","categories":["Supermercado","Alimentación General","Conservas de pescado","Anchoas","ZUBIETA filetes de anchoa artesanas de Santoña lata 30 g neto escurrido"],"general_information":["Denominación del alimento: Filetes de anchoas en aceite de oliva","Nombre del operador: Conservas Zubieta, S.L.","Dirección del operador: Polígono Industrial, Módulo 48 - 39740 Santoña (Cantabria)","Cantidad Neta: 50 g","Peso neto escurrido: 30 g","Otras menciones obligatorias en la etiqueta: Semiconserva."],"ingredients":[" Anchoas del Cantábrico, aceite de oliva y sal."],"conservation":" Manténgase entre 5° y 12°C.","ean":"8426469110500"},{"full_name":"MASSO filetes de anchoa en aceite de oliva lata 29 g neto escurrido","name":"filetes de anchoa en aceite de oliva lata 29 g neto escurrido","brand":"MASSO ","img":"https://sgfm.elcorteingles.es/SGFM/dctm/MEDIA02/CONTENIDOS/201412/10/00118010800011____1__600x600.jpg","price":"2,78 €","categories":["Supermercado","Alimentación General","Conservas de pescado","Anchoas","MASSO filetes de anchoa en aceite de oliva lata 29 g neto escurrido"],"general_information":["Denominación del alimento: FILETES DE ANCHOA EN ACEITE DE OLIVA","Nombre del operador: CONSERVAS SELECTAS DE GALICIA SL","Dirección del operador: Virxe das Mareas s/n 36980 O Grove","Cantidad Neta: 48 g","Peso neto escurrido: 29 g"],"ingredients":[" Anchoas, aceite de oliva y sal."],"ean":"8410698041391"},{"full_name":"CASA BORDAS filetes de anchoa en salmuera frasco 645 g neto escurrido","name":"filetes de anchoa en salmuera frasco 645 g neto escurrido","brand":"CASA BORDAS ","img":"https://sgfm.elcorteingles.es/SGFM/dctm/MEDIA02/CONTENIDOS/201408/25/00118010800060____1__600x600.jpg","price":"12,77 €","price_unit":"(19,80 € / Kilo)","categories":["Supermercado","Alimentación General","Conservas de pescado","Anchoas","CASA BORDAS filetes de anchoa en salmuera frasco 645 g neto escurrido"],"general_information":["Denominación del alimento: Anchoa en salazón","País de origen: España","Nombre del operador: ANXOVES DE L' ESCALA","Dirección del operador: P.I. Els Recs C/Boter,2 17130 L' Escala-España","Cantidad Neta: 1050 g","Peso neto escurrido: 645 g"],"ingredients":[" Anchoa (Engraulis encrasicholus) y sal"],"conservation":" Conservar entre 5°C y12°C","ean":"8421308008000"},{"full_name":"CASA BORDAS filetes de anchoa en salmuera frasco 265 g neto escurrido","name":"filetes de anchoa en salmuera frasco 265 g neto escurrido","brand":"CASA BORDAS ","img":"https://sgfm.elcorteingles.es/SGFM/dctm/MEDIA02/CONTENIDOS/201408/25/00118010800052____1__600x600.jpg","price":"10,38 €","price_unit":"(39,17 € / Kilo)","categories":["Supermercado","Alimentación General","Conservas de pescado","Anchoas","CASA BORDAS filetes de anchoa en salmuera frasco 265 g neto escurrido"],"general_information":["Denominación del alimento: Anchoa en salazón","País de origen: España","Nombre del operador: ANXOVES DE L' ESCALA","Dirección del operador: P.I. Els Recs C/Boter,2 17130 L' Escala-España","Cantidad Neta: 600 g","Peso neto escurrido: 365 g"],"ingredients":[" Anchoa (Engraulis encrasicholus) y sal"],"conservation":" Conservar entre 5°C y12°C","ean":"8421308004002"},{"full_name":"CASA BORDAS filetes de anchoa en aceite de oliva frasco 90 g neto escurrido","name":"filetes de anchoa en aceite de oliva frasco 90 g neto escurrido","brand":"CASA BORDAS ","img":"https://sgfm.elcorteingles.es/SGFM/dctm/MEDIA02/CONTENIDOS/201408/25/00118010800045____1__600x600.jpg","price":"9,56 €","price_unit":"(119,50 € / Kilo)","categories":["Supermercado","Alimentación General","Conservas de pescado","Anchoas","CASA BORDAS filetes de anchoa en aceite de oliva frasco 90 g neto escurrido"],"general_information":["Denominación del alimento: Filetes de anchoa en aceite de oliva","País de origen: España","Nombre del operador: ANXOVES DE L' ESCALA","Dirección del operador: P.I. Els Recs C/Boter,2 17130 L' Escala-España","Cantidad Neta: 160 g","Peso neto escurrido: 90 g"],"ingredients":[" Anchoa (Engraulis encrasicholus), aceite de oliva, y sal"],"conservation":" Conservar entre 5°C y12°C","ean":"8421308001452"},{"full_name":"CASA BORDAS filetes de anchoa de l'Escala lata 30 g neto escurrido","name":"filetes de anchoa de l'Escala lata 30 g neto escurrido","brand":"CASA BORDAS ","img":"https://sgfm.elcorteingles.es/SGFM/00/02/9/0118010800029/0118010800029000g01011.jpg","price":"3,36 €","price_unit":"(112 € / Kilo)","categories":["Supermercado","Alimentación General","Conservas de pescado","Anchoas","CASA BORDAS filetes de anchoa de l'Escala lata 30 g neto escurrido"],"general_information":["Denominación del alimento: Filetes de anchoa en aceite de oliva","País de origen: España","Nombre del operador: ANXOVES DE L' ESCALA","Dirección del operador: P.I. Els Recs C/Boter,2 17130 L' Escala-España","Cantidad Neta: 50 g","Peso neto escurrido: 30 g"],"ingredients":[" Anchoa (Engraulis encrasicholus), aceite de oliva, y sal"],"conservation":" Conservar entre 5°C y12°C","ean":"8421308000486"},{"full_name":"REVILLA anchoa del Cantábrico en aceite de oliva Santoña lata 55 g neto escurrido","name":"anchoa del Cantábrico en aceite de oliva Santoña lata 55 g neto escurrido","brand":"REVILLA ","img":"https://sgfm.elcorteingles.es/SGFM/dctm/MEDIA02/CONTENIDOS/201509/26/00118010801381____1__600x600.jpg","price":"16,01 €            ","price_unit":"(227,27 € / Kilo)","categories":["Supermercado","Alimentación General","Conservas de pescado","Anchoas","REVILLA anchoa del Cantábrico en aceite de oliva Santoña lata 55 g neto escurrido"],"general_information":["Denominación del alimento: Anchoas","Nombre del operador: Conservas y Salazones Chabuca S.L","Dirección del operador: Paseo de la quintana, 24 - 28861 Madrid","Cantidad Neta: 120 g","Peso neto escurrido: 58 g"],"ingredients":[" Anchoas del Cantábrico, aceite de oliva, sal."],"conservation":" Conservar refrigeradas entre 5 y 12°C.","ean":"8437015361024"},{"full_name":"REVILLA filetes de anchoa del Cantábrico en aceite de oliva Santoña tarro 105 g neto escurrido","name":"filetes de anchoa del Cantábrico en aceite de oliva Santoña tarro 105 g neto escurrido","brand":"REVILLA ","img":"https://sgfm.elcorteingles.es/SGFM/dctm/MEDIA02/CONTENIDOS/201509/29/00118010801399____1__600x600.jpg","price":"16,50 €","price_unit":"(157,14 € / Kilo)","categories":["Supermercado","Alimentación General","Conservas de pescado","Anchoas","REVILLA filetes de anchoa del Cantábrico en aceite de oliva Santoña tarro 105 g neto escurrido"],"general_information":["Denominación del alimento: Anchoas","Nombre del operador: Conservas y Salazones Chabuca S.L","Dirección del operador: Paseo de la quintana, 24 - 28861 Madrid","Cantidad Neta: 160 g","Peso neto escurrido: 105 g"],"ingredients":[" Anchoas del Cantábrico, aceite de oliva, sal."],"conservation":" Conservar refrigeradas entre 5 y 12°C.","ean":"8437015361048"},{"full_name":"LOTAMAR filetes de anchoa en aceite de oliva lata 110 g neto escurrido","name":"filetes de anchoa en aceite de oliva lata 110 g neto escurrido","brand":"LOTAMAR ","img":"https://sgfm.elcorteingles.es/SGFM/dctm/MEDIA03/201704/10/00118010801589____6__600x600.jpg","price":"9,90 €","price_unit":"(82,50 € / Kilo)","categories":["Supermercado","Alimentación General","Conservas de pescado","Anchoas","LOTAMAR filetes de anchoa en aceite de oliva lata 110 g neto escurrido"],"general_information":[],"ingredients":[],"ean":"8411168000061"},{"full_name":"ELS PESCADORS DE L'ESCALA filetes de anchoa en aceite de oliva frasco 55 g neto escurrido","name":"filetes de anchoa en aceite de oliva frasco 55 g neto escurrido","brand":"ELS PESCADORS DE L'ESCALA ","img":"https://sgfm.elcorteingles.es/SGFM/00/09/4/0118010800094/0118010800094000g01011.jpg","price":"5,49 €","price_unit":"(99,82 € / Kilo)","categories":["Supermercado","Alimentación General","Conservas de pescado","Anchoas","ELS PESCADORS DE L'ESCALA filetes de anchoa en aceite de oliva frasco 55 g neto escurrido"],"general_information":["Denominación del alimento: ANCHOAS EN ACEITE DE OLIVA","Nombre del operador: CONSERVAS ORTIZ S.A.","Dirección del operador: BASUSTA BIDEA 15 - 20750 ZUMAIA - GUIPÚZCOA - ESPAÑA","Cantidad Neta: 95 g","Peso neto escurrido: 55 g"],"ingredients":[" *Anchoa, aceite de oliva virgen extra, sal"],"ean":"8421449105118"},{"full_name":"CABO QUEJO filetes de anchoa en aceite de oliva frasco 210 g neto escurrido","name":"filetes de anchoa en aceite de oliva frasco 210 g neto escurrido","brand":"CABO QUEJO ","img":"https://sgfm.elcorteingles.es/SGFM/dctm/MEDIA02/CONTENIDOS/201410/30/00118010800136____1__600x600.jpg","price":"19,85 €","price_unit":"(94,52 € / Kilo)","categories":["Supermercado","Alimentación General","Conservas de pescado","Anchoas","CABO QUEJO filetes de anchoa en aceite de oliva frasco 210 g neto escurrido"],"general_information":["Denominación del alimento: Filetes de anchoas del cantábrico en aceite de oliva","Nombre del operador: Conservas Zubieta, S.L.","Dirección del operador: Polígono Industrial, Módulo 48 - 39740 Santoña (Cantabria)","Cantidad Neta: 380 g","Peso neto escurrido: 210 g","Otras menciones obligatorias en la etiqueta: Semiconserva."],"ingredients":[" Anchoas, aceite de oliva y sal."],"conservation":" Manténgase entre 4° y 12°C.","ean":"8426469000030"},{"full_name":"CABO QUEJO filetes de anchoa en aceite de oliva frasco 110 g neto escurrido","name":"filetes de anchoa en aceite de oliva frasco 110 g neto escurrido","brand":"CABO QUEJO ","img":"https://sgfm.elcorteingles.es/SGFM/dctm/MEDIA02/CONTENIDOS/201410/30/00118010800144____1__600x600.jpg","price":"14,27 €","price_unit":"(129,73 € / Kilo)","categories":["Supermercado","Alimentación General","Conservas de pescado","Anchoas","CABO QUEJO filetes de anchoa en aceite de oliva frasco 110 g neto escurrido"],"general_information":["Denominación del alimento: Filetes de anchoas del cantábrico en aceite de oliva","Nombre del operador: Conservas Zubieta, S.L.","Dirección del operador: Polígono Industrial, Módulo 48 - 39740 Santoña (Cantabria)","Cantidad Neta: 220 g","Peso neto escurrido: 110 g","Otras menciones obligatorias en la etiqueta: Semiconserva."],"ingredients":[" Anchoas, aceite de oliva y sal."],"conservation":" Manténgase entre 4° y 12°C.","ean":"8426469000016"},{"full_name":"CANTABRICO Selección filetes de anchoa artesanas en aceite de oliva bandeja 110 g","name":"Selección filetes de anchoa artesanas en aceite de oliva bandeja 110 g","brand":"CANTABRICO ","img":"https://sgfm.elcorteingles.es/SGFM/dctm/MEDIA02/CONTENIDOS/201410/02/00200110800687____1__600x600.jpg","price":"8,18 €","price_unit":"(74,36 € / Kilo)","categories":["Supermercado","Alimentación General","Conservas de pescado","Anchoas","CANTABRICO Selección filetes de anchoa artesanas en aceite de oliva bandeja 110 g"],"general_information":["Denominación del alimento: anchoas en aceite","Nombre del operador: Salazones Gourmet S.L.","Dirección del operador: C/ Santa Barbara 8, Sevilla la Nueva 28609 (Madrid) España","Cantidad Neta: 170 g","Peso neto escurrido: 110 g"],"ingredients":[" Anchoas (Engraulis Spp. y sal) aceite de girasol y aceite de oliva."],"conservation":" Mantener en refirgeración: entre 0° y 5° C.","ean":"8436030479042"},{"full_name":"EL XILLU filetes de anchoa en aceite de oliva tamaño extra 7-8 piezas bandeja 37 g neto escurrido","name":"filetes de anchoa en aceite de oliva tamaño extra 7-8 piezas bandeja 37 g neto escurrido","brand":"EL XILLU ","img":"https://sgfm.elcorteingles.es/SGFM/00/82/1/0118010800821/0118010800821000g01011.jpg","price":"4,86 €","price_unit":"(131,35 € / Kilo)","categories":["Supermercado","Alimentación General","Conservas de pescado","Anchoas","EL XILLU filetes de anchoa en aceite de oliva tamaño extra 7-8 piezas bandeja 37 g neto escurrido"],"general_information":["Denominación del alimento: Semiconserva de pescado: anchoa","País de origen: España","Nombre del operador: Anxoves el Xillu, S.L.","Dirección del operador: C/ Closa de'n Llop, 18 - 17130 l'Escala (Gerona)","Cantidad Neta: 46 g","Peso neto escurrido: 37 g"],"ingredients":[" Anchoas (Engraulis spp FAO 27 Sub-zona: Golfo de Vizcaya Sud.) y sal."],"conservation":" Conservar en frío entre 5°-12° C.","ean":"8413478002179"},{"full_name":"EMILIA filetes de anchoa del Cantábrico en aceite de oliva lata 50 g neto escurrido","name":"filetes de anchoa del Cantábrico en aceite de oliva lata 50 g neto escurrido","brand":"EMILIA ","img":"https://sgfm.elcorteingles.es/SGFM/dctm/MEDIA02/CONTENIDOS/201503/16/00200110801487____1__600x600.jpg","price":"7,65 €","price_unit":"(153 € / Kilo)","categories":["Supermercado","Alimentación General","Conservas de pescado","Anchoas","EMILIA filetes de anchoa del Cantábrico en aceite de oliva lata 50 g neto escurrido"],"general_information":[],"ingredients":[],"ean":"8436008860544"},{"full_name":"EMILIA filetes de anchoa del Cantábrico en aceite de oliva frasco 90 g neto escurrido","name":"filetes de anchoa del Cantábrico en aceite de oliva frasco 90 g neto escurrido","brand":"EMILIA ","img":"https://sgfm.elcorteingles.es/SGFM/dctm/MEDIA02/CONTENIDOS/201503/16/00200110801495____1__600x600.jpg","price":"13,82 €","price_unit":"(153,56 € / Kilo)","categories":["Supermercado","Alimentación General","Conservas de pescado","Anchoas","EMILIA filetes de anchoa del Cantábrico en aceite de oliva frasco 90 g neto escurrido"],"general_information":[],"ingredients":[],"ean":"8437000946021"},{"full_name":"HOYA SERIE ORO filetes de anchoa del Cantábrico en aceite de oliva elaboración artesana lata 50 g neto escurrido","name":"filetes de anchoa del Cantábrico en aceite de oliva elaboración artesana lata 50 g neto escurrido","brand":"HOYA SERIE ORO ","img":"https://sgfm.elcorteingles.es/SGFM/dctm/MEDIA02/CONTENIDOS/201412/10/00200135300481____1__600x600.jpg","price":"8,90 €","price_unit":"(178 € / Kilo)","categories":["Supermercado","Alimentación General","Conservas de pescado","Anchoas","HOYA SERIE ORO filetes de anchoa del Cantábrico en aceite de oliva elaboración artesana lata 50 g neto escurrido"],"general_information":["Denominación del alimento: Filetes de anchoas en aceite de oliva","Nombre del operador: Conservas Hoya, S.A.","Dirección del operador: Calle Cabildo, s/n. 39740 Santoña - Cantabria","Cantidad Neta: 80 g","Peso neto escurrido: 78 g"],"ingredients":[" Anchoas, aceite de oliva y sal"],"conservation":" Manténgase entre +5°C y + 12°C","ean":"8410102201885"},{"full_name":"HOYA SERIE ORO filetes de anchoa del Cantábrico en aceite de oliva lata 29 g neto escurrido","name":"filetes de anchoa del Cantábrico en aceite de oliva lata 29 g neto escurrido","brand":"HOYA SERIE ORO ","img":"https://sgfm.elcorteingles.es/SGFM/00/49/9/0200135300499/0200135300499000g01011.jpg","price":"5,30 €","price_unit":"(182,76 € / Kilo)","categories":["Supermercado","Alimentación General","Conservas de pescado","Anchoas","HOYA SERIE ORO filetes de anchoa del Cantábrico en aceite de oliva lata 29 g neto escurrido"],"general_information":["Denominación del alimento: Filetes de anchoas en aceite de oliva","Nombre del operador: Conservas Hoya, S.A.","Dirección del operador: Calle Cabildo, s/n. 39740 Santoña - Cantabria","Cantidad Neta: 50 g","Peso neto escurrido: 49 g"],"ingredients":[" Anchoas, aceite de oliva y sal"],"conservation":" Manténgase entre +5°C y + 12°C","ean":"8410102201830"},{"full_name":"CODESA SERIE ORO filetes de anchoa en aceite de oliva virgen ecológico lata 35 g neto escurrido","name":"filetes de anchoa en aceite de oliva virgen ecológico lata 35 g neto escurrido","brand":"CODESA SERIE ORO ","img":"https://sgfm.elcorteingles.es/SGFM/dctm/MEDIA03/201609/02/00200110801776____1__600x600.jpg","price":"6,52 €            ","price_unit":"(141,43 € / Kilo)","categories":["Supermercado","Alimentación General","Conservas de pescado","Anchoas","CODESA SERIE ORO filetes de anchoa en aceite de oliva virgen ecológico lata 35 g neto escurrido"],"general_information":["Denominación del alimento: Filetes de anchoa en aceite de oliva","Nombre del operador: Conservas Codesa S.L.","Dirección del operador: Pol. Ind. La Pesquera, P-4 39770 Laredo (Cantabria)","Cantidad Neta: 55 g","Peso neto escurrido: 55 g"],"ingredients":[" Anchoas (pescado), aceite de oliva virgen extra ecológico y sal rosa del Himalaya."],"conservation":" Manténgase entre +5  y +10° C. Una vez abierto consumir en el día, entre 16-18ºC.","ean":"8413411609021"},{"full_name":"PATRON filetes de anchoa del Cantábrico en aceite de oliva lata 55 g","name":"filetes de anchoa del Cantábrico en aceite de oliva lata 55 g","brand":"PATRON ","img":"https://sgfm.elcorteingles.es/SGFM/dctm/MEDIA03/201611/24/00118010801597____1__600x600.jpg","price":"10,25 €","price_unit":"(186,36 € / Kilo)","categories":["Supermercado","Alimentación General","Conservas de pescado","Anchoas","PATRON filetes de anchoa del Cantábrico en aceite de oliva lata 55 g"],"general_information":["Denominación del alimento: Filetes de Anchoa en aceite de Oliva","País de origen: España","Nombre del operador: Patrón Conservas, S.L.U.","Dirección del operador: C/ Celeste, 22 - 28043 Madrid","Cantidad Neta: 120 g","Peso neto escurrido: 55 g","Porcentaje de alcohol: 0.00%"],"ingredients":[" Aceite de oliva (55%) filetes de anchoa (Engraulis Encrasicolus) (45%) y sal"],"conservation":" Conservar en frío entre 3ºC y 5ºC. Una vez abierto, guardar cubierto de aceite y consumir antes de 2 días.","ean":"8414971104681"},{"full_name":"EL CORTE INGLES sardinillas en aceite de oliva 10-14 piezas lata 85 g neto escurrido","name":"sardinillas en aceite de oliva 10-14 piezas lata 85 g neto escurrido","brand":"EL CORTE INGLES ","img":"https://sgfm.elcorteingles.es/SGFM/dctm/MEDIA02/CONTENIDOS/201504/07/00118004700532____1__600x600.jpg","price":"2,26 €","price_unit":"(26,59 € / Kilo)","categories":["Supermercado","Alimentación General","Conservas de pescado","Sardinillas","EL CORTE INGLES sardinillas en aceite de oliva 10-14 piezas lata 85 g neto escurrido"],"general_information":["Denominación del alimento: Sardinas (sardinillas) en aceite de oliva","Nombre del operador: Elaborado para El Corte Inglés\npor\nConservas Lago Paganini, S.L.\nAlto da portela, 104\n36940 Cangas de morrazo (Pontevedra)\nEspaña","Lugar de procedencia del alimento: Producto de España","Cantidad Neta: 115 g","Peso neto escurrido: 81 g"],"ingredients":[" Ingredientes: Sardinas (Sardina pilchardus), aceite de oliva y sal."],"conservation":" Conservar en lugar fresco y seco. Una vez abierto mantener refrigerado y consumir en un máximo de 1 día.","ean":"8433329050784"},{"full_name":"EL CORTE INGLES sardinillas en aceite de oliva 16-18 piezas lata 81 g neto escurrido","name":"sardinillas en aceite de oliva 16-18 piezas lata 81 g neto escurrido","brand":"EL CORTE INGLES ","img":"https://sgfm.elcorteingles.es/SGFM/dctm/MEDIA02/CONTENIDOS/201504/07/00118004700540____1__600x600.jpg","price":"2,47 €","price_unit":"(30,49 € / Kilo)","categories":["Supermercado","Alimentación General","Conservas de pescado","Sardinillas","EL CORTE INGLES sardinillas en aceite de oliva 16-18 piezas lata 81 g neto escurrido"],"general_information":["Denominación del alimento: Sardinas (sardinillas) en aceite de oliva","Nombre del operador: Elaborado para El Corte Inglés\npor\nConservas Lago Paganini, S.L.\nAlto da portela, 104\n36940 Cangas de morrazo (Pontevedra)\nEspaña","Lugar de procedencia del alimento: Producto de España","Cantidad Neta: 115 g","Peso neto escurrido: 81 g"],"ingredients":[" Ingredientes: Sardinas (Sardina pilchardus), aceite de oliva y sal."],"conservation":" Conservar en lugar fresco y seco. Una vez abierto mantener refrigerado y consumir en un máximo de 1 día.","ean":"8433329050791"},{"full_name":"CUCA sardinillas en aceite de oliva lata 63 g neto escurrido","name":"sardinillas en aceite de oliva lata 63 g neto escurrido","brand":"CUCA ","img":"https://sgfm.elcorteingles.es/SGFM/00/37/5/0118004700375/0118004700375000g01011.jpg","price":"2,58 €","price_unit":"(40,95 € / Kilo)","categories":["Supermercado","Alimentación General","Conservas de pescado","Sardinillas","CUCA sardinillas en aceite de oliva lata 63 g neto escurrido"],"general_information":["Denominación del alimento: SARDINAS EN ACEITE DE OLIVA","Nombre del operador: CONSERVAS SELECTAS DE GALICIA SL","Dirección del operador: Virxe das Mareas s/n 36980 O Grove","Cantidad Neta: 90 g","Peso neto escurrido: 63 g"],"ingredients":[" Sardinas, aceite de oliva y sal"],"ean":"8410698073439"},{"full_name":"CUCA sardinillas en tomate lata 63 g neto escurrido","name":"sardinillas en tomate lata 63 g neto escurrido","brand":"CUCA ","img":"https://sgfm.elcorteingles.es/SGFM/00/34/2/0118004700342/0118004700342000g01011.jpg","price":"2,58 €","price_unit":"(40,95 € / Kilo)","categories":["Supermercado","Alimentación General","Conservas de pescado","Sardinillas","CUCA sardinillas en tomate lata 63 g neto escurrido"],"general_information":["Denominación del alimento: SARDINAS EN TOMATE","Nombre del operador: CONSERVAS SELECTAS DE GALICIA SL","Dirección del operador: Virxe das Mareas s/n 36980 O Grove","Cantidad Neta: 90 g","Peso neto escurrido: 60 g"],"ingredients":[" Sardinillas, aceite vegetal, tomate, cebolla, vinagre, especias y sal"],"ean":"8410698077291"},{"full_name":"CALVO sardinillas en aceite de oliva bajas en sal lata 60 g neto escurrido","name":"sardinillas en aceite de oliva bajas en sal lata 60 g neto escurrido","brand":"CALVO ","img":"https://sgfm.elcorteingles.es/SGFM/dctm/MEDIA02/CONTENIDOS/201407/03/00200104700505____1__600x600.jpg","price":"1,17 €","price_unit":"(19,50 € / Kilo)","categories":["Supermercado","Alimentación General","Conservas de pescado","Sardinillas","CALVO sardinillas en aceite de oliva bajas en sal lata 60 g neto escurrido"],"general_information":["Denominación del alimento: Sardinilla en aceite de oliva baja en sal","País de origen: Marruecos","Nombre del operador: Calvo Distribución Alimentaria SLU","Dirección del operador: Ctra. Coruña-Finisterre. 15106 Carballo. La Coruña","Cantidad Neta: 90 g","Peso neto escurrido: 60 g"],"ingredients":[" sardinas y aceite de oliva."],"conservation":" Una vez abierto conservar en el frigorífico y consumir en 24 horas.","ean":"8410090454560"},{"full_name":"CUCA sardinillas frescas de campaña en aceite de oliva lata 81 g neto escurrido","name":"sardinillas frescas de campaña en aceite de oliva lata 81 g neto escurrido","brand":"CUCA ","img":"https://sgfm.elcorteingles.es/SGFM/dctm/MEDIA03/201607/04/00118004700490____1__600x600.jpg","price":"3,50 €","price_unit":"(43,21 € / Kilo)","categories":["Supermercado","Alimentación General","Conservas de pescado","Sardinillas","CUCA sardinillas frescas de campaña en aceite de oliva lata 81 g neto escurrido"],"general_information":["Denominación del alimento: SARDINAS EN ACEITE DE OLIVA","Nombre del operador: CONSERVAS SELECTAS DE GALICIA SL","Dirección del operador: Virxe das Mareas s/n 36980 O Grove","Cantidad Neta: 115 g","Peso neto escurrido: 81 g"],"ingredients":[" Sardinillas, aceite de oliva y sal."],"ean":"8410111001063"},{"full_name":"ISABEL sardinillas en aceite de oliva lata 57 g neto escurrido","name":"sardinillas en aceite de oliva lata 57 g neto escurrido","brand":"ISABEL ","img":"https://sgfm.elcorteingles.es/SGFM/dctm/MEDIA03/201610/04/00118004700193____1__600x600.jpg","price":"1,54 €","price_unit":"(27,02 € / Kilo)","categories":["Supermercado","Alimentación General","Conservas de pescado","Sardinillas","ISABEL sardinillas en aceite de oliva lata 57 g neto escurrido"],"general_information":["Denominación del alimento: SARDINAS EN ACEITE DE OLIVA","Nombre del operador: CONSERVAS SELECTAS DE GALICIA SL - CABO DE CR","Dirección del operador: Pesqueira, 171 - Cabo de Cruz 15939 Boiro","Cantidad Neta: 81 g","Peso neto escurrido: 57 g"],"ingredients":[" Sardinas, aceite de oliva 29% y sal."],"ean":"8410111672904"},{"full_name":"CABO DE PEÑAS sardinillas en aceite de oliva virgen extra ecológico 7- piezas lata 60 g neto escurrido","name":"sardinillas en aceite de oliva virgen extra ecológico 7- piezas lata 60 g neto escurrido","brand":"CABO DE PEÑAS ","img":"https://sgfm.elcorteingles.es/SGFM/00/44/1/0118004700441/0118004700441000g01011.jpg","price":"2,23 €","price_unit":"(37,17 € / Kilo)","categories":["Supermercado","Alimentación General","Conservas de pescado","Sardinillas","CABO DE PEÑAS sardinillas en aceite de oliva virgen extra ecológico 7- piezas lata 60 g neto escurrido"],"general_information":["Denominación del alimento: Sardinas (Sardinillas) Aceite De Oliva Virgen Extra Ecológico","Nombre del operador: Conservas Del Noroeste, S.A.","Dirección del operador: Acuña, S/N - 36141 Vilaboa (Pontevedra)","Cantidad Neta: 85 g","Peso neto escurrido: 60 g"],"ingredients":[" Sardinas, aceite de oliva virgen extra ecológico y sal"],"ean":"8411555060678"},{"full_name":"CABO DE PEÑAS sardinillas en aceite de oliva 6-10 piezas lata 85 g neto escurrido","name":"sardinillas en aceite de oliva 6-10 piezas lata 85 g neto escurrido","brand":"CABO DE PEÑAS ","img":"https://sgfm.elcorteingles.es/SGFM/00/18/5/0118004700185/0118004700185000g01011.jpg","price":"2,17 €","price_unit":"(25,53 € / Kilo)","categories":["Supermercado","Alimentación General","Conservas de pescado","Sardinillas","CABO DE PEÑAS sardinillas en aceite de oliva 6-10 piezas lata 85 g neto escurrido"],"general_information":["Denominación del alimento: Sardinillas En Aceite De Oliva","Nombre del operador: Conservas Del Noroeste, S.A.","Dirección del operador: Acuña, S/N - 36141 Vilaboa (Pontevedra)","Cantidad Neta: 85 g","Peso neto escurrido: 60 g","Otras menciones obligatorias en la etiqueta: Ácidos grasos Omega-3 (EPA+DHA): 1480 mg por 100 g)"],"ingredients":[" Sardinas, aceite de oliva y sal"],"conservation":" Conservar en lugar fresco y seco","ean":"8411555060524"},{"full_name":"CABO DE PEÑAS sardinillas en aceite oliva con pimiento de padrón lata 60 g neto escurrido","name":"sardinillas en aceite oliva con pimiento de padrón lata 60 g neto escurrido","brand":"CABO DE PEÑAS ","img":"https://sgfm.elcorteingles.es/SGFM/00/23/5/0118004700235/0118004700235000g01011.jpg","price":"2,20 €","price_unit":"(36,67 € / Kilo)","categories":["Supermercado","Alimentación General","Conservas de pescado","Sardinillas","CABO DE PEÑAS sardinillas en aceite oliva con pimiento de padrón lata 60 g neto escurrido"],"general_information":["Denominación del alimento: Sardinillas En Aceite De Oliva Con Pimiento De Padron","Nombre del operador: Conservas Del Noroeste, S.A.","Dirección del operador: Acuña, S/N - 36141 Vilaboa (Pontevedra)","Cantidad Neta: 85 g","Peso neto escurrido: 60 g","Otras menciones obligatorias en la etiqueta: Ácidos grasos Omega-3 (EPA+DHA): 1480 mg por 100 g)"],"ingredients":[" Sardinas, aceite de oliva pimiento de padron y sal"],"conservation":" Conservar en lugar fresco y seco","ean":"8411555060609"},{"full_name":"ESCURIS sardinillas en aceite de oliva 35-40 lata 180 g","name":"sardinillas en aceite de oliva 35-40 lata 180 g","brand":"ESCURIS ","img":"https://sgfm.elcorteingles.es/SGFM/dctm/MEDIA02/CONTENIDOS/201411/19/00118004700359____1__600x600.jpg","price":"7,40 €","price_unit":"(41,11 € / Kilo)","categories":["Supermercado","Alimentación General","Conservas de pescado","Sardinillas","ESCURIS sardinillas en aceite de oliva 35-40 lata 180 g"],"general_information":["Denominación del alimento: SARDINILLAS EN ACEITE DE OLIVA","Nombre del operador: ESCURIS, S.L.","Dirección del operador: C/ Bayuca, s/n 15940 Puebla del Caramiñal ( A Coruña) España","Cantidad Neta: 270 g","Peso neto escurrido: 190 g"],"ingredients":[" Sardinas (Sardina pilchardus), Aceite de oliva, Sal"],"ean":"8410124030869"},{"full_name":"ESCURIS sardinillas en aceite de oliva 8-10 piezas lata 57 g neto escurrido","name":"sardinillas en aceite de oliva 8-10 piezas lata 57 g neto escurrido","brand":"ESCURIS ","img":"https://sgfm.elcorteingles.es/SGFM/00/28/4/0118004700284/0118004700284000g01011.jpg","price":"2,96 €","price_unit":"(51,93 € / Kilo)","categories":["Supermercado","Alimentación General","Conservas de pescado","Sardinillas","ESCURIS sardinillas en aceite de oliva 8-10 piezas lata 57 g neto escurrido"],"general_information":["Denominación del alimento: SARDINILLAS EN ACEITE DE OLIVA","Nombre del operador: ESCURIS, S.L.","Dirección del operador: C/ Bayuca, s/n 15940 Puebla del Caramiñal ( A Coruña) España","Cantidad Neta: 81 g","Peso neto escurrido: 57 g"],"ingredients":[" Sardinas (Sardina pilchardus), Aceite de oliva, Sal"],"ean":"8410124027821"},{"full_name":"USISA sardinillas de la costa en aceite de oliva lata 84 g neto escurrido","name":"sardinillas de la costa en aceite de oliva lata 84 g neto escurrido","brand":"USISA ","img":"https://sgfm.elcorteingles.es/SGFM/00/11/0/0118004700110/0118004700110000g01011.jpg","price":"2,01 €","price_unit":"(23,93 € / Kilo)","categories":["Supermercado","Alimentación General","Conservas de pescado","Sardinillas","USISA sardinillas de la costa en aceite de oliva lata 84 g neto escurrido"],"general_information":["Denominación del alimento: Sardinillas en Aceite de Oliva","País de origen: España","Nombre del operador: Unión Salazonera Isleña S.A","Dirección del operador: Polígono Industrial La Dehesa s/n. Isla Cristina (Huelva)","Cantidad Neta: 120 g","Peso neto escurrido: 84 g"],"ingredients":[" Sardinas, Aceite de Oliva, Sal"],"conservation":" Conservar en lugar fresco y seco. Una vez abierto mantener en refrigeración.","ean":"8411735801091"},{"full_name":"PACO LAFUENTE sardinillas en aceite de oliva 16-18 piezas lata 85 g neto escurrido","name":"sardinillas en aceite de oliva 16-18 piezas lata 85 g neto escurrido","brand":"PACO LAFUENTE ","img":"https://sgfm.elcorteingles.es/SGFM/00/07/8/0118004700078/0118004700078000g01011.jpg","price":"3,35 €","price_unit":"(39,41 € / Kilo)","categories":["Supermercado","Alimentación General","Conservas de pescado","Sardinillas","PACO LAFUENTE sardinillas en aceite de oliva 16-18 piezas lata 85 g neto escurrido"],"general_information":["Denominación del alimento: Sardinas en aceite de oliva (Sardinillas)","País de origen: España","Nombre del operador: CONSERVERA GALLEGA S.A.","Dirección del operador: C/El Castro s/n 36620 - Villanueva de Arosa - Pontevedra","Lugar de procedencia del alimento: España","Cantidad Neta: 125,0 Mililitros","Peso neto escurrido: 88,0 g","Otras menciones obligatorias en la etiqueta: FÁCIL APERTURA"],"ingredients":[" Sardinas, aceite de oliva y sal."],"ean":"8414279650163"},{"full_name":"PACO LAFUENTE sardinillas en aceite de oliva 10-12 piezas lata 85 g neto escurrido","name":"sardinillas en aceite de oliva 10-12 piezas lata 85 g neto escurrido","brand":"PACO LAFUENTE ","img":"https://sgfm.elcorteingles.es/SGFM/dctm/MEDIA02/CONTENIDOS/201409/10/00118004700060____1__600x600.jpg","price":"2,35 €","price_unit":"(27,65 € / Kilo)","categories":["Supermercado","Alimentación General","Conservas de pescado","Sardinillas","PACO LAFUENTE sardinillas en aceite de oliva 10-12 piezas lata 85 g neto escurrido"],"general_information":["Denominación del alimento: Sardinas en aceite de oliva","País de origen: España","Nombre del operador: CONSERVERA GALLEGA S.A.","Dirección del operador: C/El Castro s/n 36620 - Villanueva de Arosa - Pontevedra","Lugar de procedencia del alimento: España","Cantidad Neta: 125,0 Mililitros","Peso neto escurrido: 88,0 g","Otras menciones obligatorias en la etiqueta: FÁCIL APERTURA"],"ingredients":[" Sardinas, aceite de oliva y sal."],"ean":"8414279650101"},{"full_name":"CONSERVAS DE CAMBADOS sardinillas en aceite de oliva 16-22 piezas lata 84 g neto escurrido","name":"sardinillas en aceite de oliva 16-22 piezas lata 84 g neto escurrido","brand":"CONSERVAS DE CAMBADOS ","img":"https://sgfm.elcorteingles.es/SGFM/00/15/1/0118004700151/0118004700151000g01011.jpg","price":"2,90 €","price_unit":"(34,52 € / Kilo)","categories":["Supermercado","Alimentación General","Conservas de pescado","Sardinillas","CONSERVAS DE CAMBADOS sardinillas en aceite de oliva 16-22 piezas lata 84 g neto escurrido"],"general_information":["Denominación del alimento: Sardinas en aceite de oliva","Nombre del operador: Conservas de Cambados, S.L.","Dirección del operador: Lg de Porto, 36636 Barrantes - Ribadumia, Pontevedra.","Cantidad Neta: 115 g","Peso neto escurrido: 80 g"],"ingredients":[" Sardinillas (69.57%), aceite de oliva (30.43%), sal ("],"conservation":" Conservar a temperatura ambiente. Una vez abierto conservar en frigorífico y consumir antes de 2 días.","ean":"8413610700512"},{"full_name":"ALBO sardinillas en aceite de oliva 8-12 piezas pack 3 lata 82 g neto escurrido","name":"sardinillas en aceite de oliva 8-12 piezas pack 3 lata 82 g neto escurrido","brand":"ALBO ","img":"https://sgfm.elcorteingles.es/SGFM/dctm/MEDIA03/201609/30/00118004700623____1__600x600.jpg","price":"9,79 €            ","price_unit":"(21,46 € / Kilo)","categories":["Supermercado","Alimentación General","Conservas de pescado","Sardinillas","ALBO sardinillas en aceite de oliva 8-12 piezas pack 3 lata 82 g neto escurrido"],"general_information":[],"ingredients":[],"ean":"8410032003702"},{"full_name":"ALBO sardinillas picantonas 8-12 piezas lata 82 g neto escurrido","name":"sardinillas picantonas 8-12 piezas lata 82 g neto escurrido","brand":"ALBO ","img":"https://sgfm.elcorteingles.es/SGFM/dctm/MEDIA03/201712/07/00118004700797____1__600x600.jpg","price":"2,99 €","price_unit":"(36,46 € / Kilo)","categories":["Supermercado","Alimentación General","Conservas de pescado","Sardinillas","ALBO sardinillas picantonas 8-12 piezas lata 82 g neto escurrido"],"general_information":[],"ingredients":[],"ean":"8410032004983"},{"full_name":"PORTOMAR SERIE NAUTICA sardinillas de las rías gallegas en aceite de oliva 10-14 piezas lata 81 g neto escurrido","name":"sardinillas de las rías gallegas en aceite de oliva 10-14 piezas lata 81 g neto escurrido","brand":"PORTOMAR SERIE NAUTICA ","img":"https://sgfm.elcorteingles.es/SGFM/00/43/0/0200104700430/0200104700430000g01011.jpg","price":"1,75 €","price_unit":"(21,60 € / Kilo)","categories":["Supermercado","Alimentación General","Conservas de pescado","Sardinillas","PORTOMAR SERIE NAUTICA sardinillas de las rías gallegas en aceite de oliva 10-14 piezas lata 81 g neto escurrido"],"general_information":["Denominación del alimento: Sardinillas en aceite de oliva","Nombre del operador: Conservas Portomar, S.L.","Dirección del operador: Pol. Ind. del Pousadoiro parcela 2-3, 36617 Vilagarcía de Arousa, Pontevedra.","Lugar de procedencia del alimento: Rías Gallegas","Cantidad Neta: 115 g","Peso neto escurrido: 81 g"],"ingredients":[" Sardinillas, aceite de oliva y sal."],"conservation":" Conservar en lugar seco y fresco. Una vez abierto conservar refrigerado. Se recomienda consumir en el día de su apertura.","ean":"8436035155774"},{"full_name":"PORTOMAR SERIE NAUTICA sardinillas de las rías gallegas en aceite de oliva 16-22 piezas lata 81 g neto escurrido","name":"sardinillas de las rías gallegas en aceite de oliva 16-22 piezas lata 81 g neto escurrido","brand":"PORTOMAR SERIE NAUTICA ","img":"https://sgfm.elcorteingles.es/SGFM/00/39/1/0118004700391/0118004700391000g01011.jpg","price":"2,65 €","price_unit":"(32,72 € / Kilo)","categories":["Supermercado","Alimentación General","Conservas de pescado","Sardinillas","PORTOMAR SERIE NAUTICA sardinillas de las rías gallegas en aceite de oliva 16-22 piezas lata 81 g neto escurrido"],"general_information":["Denominación del alimento: Sardinillas en aceite de oliva","Nombre del operador: Conservas Portomar, S.L.","Dirección del operador: Pol. Ind. del Pousadoiro parcela 2-3, 36617 Vilagarcía de Arousa, Pontevedra.","Lugar de procedencia del alimento: Rías Gallegas","Cantidad Neta: 115 g","Peso neto escurrido: 81 g"],"ingredients":[" Sardinillas, aceite de oliva y sal."],"conservation":" Conservar en lugar seco y fresco. Una vez abierto conservar refrigerado. Se recomienda consumir en el día de su apertura.","ean":"8436035155705"},{"full_name":"PORTOMAR SERIE NAUTICA sardinillas en aceite de oliva 20-25 piezas lata 81 g neto escurrido","name":"sardinillas en aceite de oliva 20-25 piezas lata 81 g neto escurrido","brand":"PORTOMAR SERIE NAUTICA ","img":"https://sgfm.elcorteingles.es/SGFM/00/40/9/0118004700409/0118004700409000g01011.jpg","price":"2,95 €","price_unit":"(36,42 € / Kilo)","categories":["Supermercado","Alimentación General","Conservas de pescado","Sardinillas","PORTOMAR SERIE NAUTICA sardinillas en aceite de oliva 20-25 piezas lata 81 g neto escurrido"],"general_information":["Denominación del alimento: Sardinillas en aceite de oliva","Nombre del operador: Conservas Portomar, S.L.","Dirección del operador: Pol. Ind. del Pousadoiro parcela 2-3, 36617 Vilagarcía de Arousa, Pontevedra.","Cantidad Neta: 115 g","Peso neto escurrido: 81 g"],"ingredients":[" Sardinillas, aceite de oliva y sal."],"conservation":" Conservar en lugar seco y fresco. Una vez abierto conservar refrigerado. Se recomienda consumir en el día de su apertura.","ean":"8436035155699"},{"full_name":"PORTOMAR SERIE NAUTICA sardinillas en aceite de oliva 30-40 piezas lata 82 g neto escurrido","name":"sardinillas en aceite de oliva 30-40 piezas lata 82 g neto escurrido","brand":"PORTOMAR SERIE NAUTICA ","img":"https://sgfm.elcorteingles.es/SGFM/dctm/MEDIA03/201704/10/00118004700664____1__600x600.jpg","price":"5,50 €","price_unit":"(67,90 € / Kilo)","categories":["Supermercado","Alimentación General","Conservas de pescado","Sardinillas","PORTOMAR SERIE NAUTICA sardinillas en aceite de oliva 30-40 piezas lata 82 g neto escurrido"],"general_information":[],"ingredients":[],"ean":"8436035155965"},{"full_name":"VIAMARIS SELECCION sardinillas en aceite de oliva de las Rías Gallegas 20-25 piezas lata 80 g neto escurrido","name":"sardinillas en aceite de oliva de las Rías Gallegas 20-25 piezas lata 80 g neto escurrido","brand":"VIAMARIS SELECCION ","img":"https://sgfm.elcorteingles.es/SGFM/00/43/3/0118004700433/0118004700433000g01011.jpg","price":"2,85 €","price_unit":"(35,62 € / Kilo)","categories":["Supermercado","Alimentación General","Conservas de pescado","Sardinillas","VIAMARIS SELECCION sardinillas en aceite de oliva de las Rías Gallegas 20-25 piezas lata 80 g neto escurrido"],"general_information":["Denominación del alimento: Sardinas (Sardinillas) en aceite de oliva","Nombre del operador: La Despensa Galaica S.L.","Dirección del operador: Rúa Xesta, Nave 72B, Parque empresarial Novo Milladoiro - 15895 Ames  (A Coruña)","Cantidad Neta: 115 g","Peso neto escurrido: 81 g","Otras menciones obligatorias en la etiqueta: Tamaño: Pequeño."],"ingredients":[" Sardinas, aceite de oliva y sal."],"ean":"8436541130142"},{"full_name":"A CHURRUSQUIÑA sardinillas en aceite de oliva lata 180 g neto escurrido","name":"sardinillas en aceite de oliva lata 180 g neto escurrido","brand":"A CHURRUSQUIÑA ","img":"https://sgfm.elcorteingles.es/SGFM/dctm/MEDIA02/CONTENIDOS/201410/02/00118004700177____1__600x600.jpg","price":"4,31 €","price_unit":"(23,94 € / Kilo)","categories":["Supermercado","Alimentación General","Conservas de pescado","Sardinillas","A CHURRUSQUIÑA sardinillas en aceite de oliva lata 180 g neto escurrido"],"general_information":["Denominación del alimento: Sardinas en aceite","Nombre del operador: Conservas Roma, S.L.","Dirección del operador: PO. 113 Caleiro - Vilanova de Arousa - Pontevedra","Cantidad Neta: 270 g","Peso neto escurrido: 189 g"],"ingredients":[" Sardinas, aceite de oliva y sal."],"ean":"8421846154528"},{"full_name":"A CHURRUSQUIÑA sardinillas en aceite de oliva 16 - 18 piezas lata 85 g neto escurrido","name":"sardinillas en aceite de oliva 16 - 18 piezas lata 85 g neto escurrido","brand":"A CHURRUSQUIÑA ","img":"https://sgfm.elcorteingles.es/SGFM/dctm/MEDIA02/CONTENIDOS/201410/02/00118004700169____1__600x600.jpg","price":"3,01 €","price_unit":"(35,41 € / Kilo)","categories":["Supermercado","Alimentación General","Conservas de pescado","Sardinillas","A CHURRUSQUIÑA sardinillas en aceite de oliva 16 - 18 piezas lata 85 g neto escurrido"],"general_information":["Denominación del alimento: Sardinas en aceite","Nombre del operador: Conservas Roma, S.L.","Dirección del operador: PO. 113 Caleiro - Vilanova de Arousa - Pontevedra","Cantidad Neta: 125 g","Peso neto escurrido: 85 g"],"ingredients":[" Sardinas, aceite de oliva y sal."],"ean":"8421846151237"},{"full_name":"PATRON sardinillas en aceite de oliva 10-12 piezas lata 90 g neto escurrido","name":"sardinillas en aceite de oliva 10-12 piezas lata 90 g neto escurrido","brand":"PATRON ","img":"https://sgfm.elcorteingles.es/SGFM/dctm/MEDIA02/CONTENIDOS/201601/29/00118004700573____2__600x600.jpg","price":"2,85 €","price_unit":"(31,67 € / Kilo)","categories":["Supermercado","Alimentación General","Conservas de pescado","Sardinillas","PATRON sardinillas en aceite de oliva 10-12 piezas lata 90 g neto escurrido"],"general_information":["Denominación del alimento: Sardinas - Sardinillas","Nombre del operador: Patrón Conservas, S.L.","Dirección del operador: C/ Celeste, 22 28043 Madrid - España","Cantidad Neta: 120 g","Peso neto escurrido: 90 mg"],"ingredients":[" Sardinas (Pichardus), aceite de oliva y sal"],"conservation":" Conservar en lugar fresco y seco. Una vez abierto, preferiblemente consumir en su totalidad.","ean":"8421642095506"},{"full_name":"TEJERO sardinillas de la costa en aceite de oliva lata 60 g neto escurrido","name":"sardinillas de la costa en aceite de oliva lata 60 g neto escurrido","brand":"TEJERO ","img":"https://sgfm.elcorteingles.es/SGFM/dctm/MEDIA02/CONTENIDOS/201406/30/00118004700508____1__600x600.jpg","price":"1,60 €","price_unit":"(26,67 € / Kilo)","categories":["Supermercado","Alimentación General","Conservas de pescado","Sardinillas","TEJERO sardinillas de la costa en aceite de oliva lata 60 g neto escurrido"],"general_information":["Denominación del alimento: Sardinillas en Aceite de Oliva","País de origen: España","Nombre del operador: Unión Salazonera Isleña S.A","Dirección del operador: Polígono Industrial La Dehesa s/n. Isla Cristina (Huelva)","Cantidad Neta: 85 g","Peso neto escurrido: 60 g"],"ingredients":[" Sardinas, Aceite de Oliva, Sal"],"conservation":" Conservar en lugar fresco y seco. Una vez abierto mantener en refrigeración.","ean":"8411735005055"},{"full_name":"LO BUENO sardinillas en aceite de oliva 12-15 piezas lata 81 g neto escurrido","name":"sardinillas en aceite de oliva 12-15 piezas lata 81 g neto escurrido","brand":"LO BUENO ","img":"https://sgfm.elcorteingles.es/SGFM/00/46/6/0118004700466/0118004700466000g01011.jpg","price":"2,19 €","price_unit":"(27,04 € / Kilo)","categories":["Supermercado","Alimentación General","Conservas de pescado","Sardinillas","LO BUENO sardinillas en aceite de oliva 12-15 piezas lata 81 g neto escurrido"],"general_information":["Denominación del alimento: Sardinillas en aceite de oliva","Nombre del operador: Luis Escuris Batalla S.L.","Dirección del operador: Polígono de la Tomada, parcela 37. 15940 - Pobra do Caramiñal (A Coruña) ? España","Cantidad Neta: 115 g","Peso neto escurrido: 81 g"],"ingredients":[" Sardinas (Sardina pilchardus), aceite de oliva, sal."],"conservation":" Se recomienda almacenar en lugar fresco y seco (no frigorífico).","ean":"8428607060678"},{"full_name":"PACO LAFUENTE sardinillas en aceite de oliva 20-22 piezas lata 85 g neto escurrido","name":"sardinillas en aceite de oliva 20-22 piezas lata 85 g neto escurrido","brand":"PACO LAFUENTE ","img":"https://sgfm.elcorteingles.es/SGFM/00/05/9/0200104700059/0200104700059000g01011.jpg","price":"3,85 €","price_unit":"(45,29 € / Kilo)","categories":["Supermercado","Alimentación General","Conservas de pescado","Sardinillas","PACO LAFUENTE sardinillas en aceite de oliva 20-22 piezas lata 85 g neto escurrido"],"general_information":["Denominación del alimento: Sardinillas en aceite de oliva","País de origen: España","Nombre del operador: CONSERVERA GALLEGA, S.A.","Dirección del operador: C/ El Castro s/n - 36620 Vilanova de Arousa - Pontevedra","Cantidad Neta: 125 Mililitros","Peso neto escurrido: 88 g"],"ingredients":[" Sardinas (sardinillas), aceite de oliva y sal"],"ean":"8414279650200"},{"full_name":"DANI sardinillas premium en aceite de oliva 6-10 piezas lata 111 g neto escurrido","name":"sardinillas premium en aceite de oliva 6-10 piezas lata 111 g neto escurrido","brand":"DANI ","img":"https://sgfm.elcorteingles.es/SGFM/dctm/MEDIA03/201612/13/00118004700631____1__600x600.jpg","price":"1,10 €","price_unit":"(17,46 € / Kilo)","categories":["Supermercado","Alimentación General","Conservas de pescado","Sardinillas","DANI sardinillas premium en aceite de oliva 6-10 piezas lata 111 g neto escurrido"],"general_information":["Denominación del alimento: Sardinas en aceite de oliva","Nombre del operador: Conservas Dani S.A.U.","Dirección del operador: Pol. Ind. \"Els Garrofers\" · Parc 32-35-37, Vilassar de Mar (Barcelona)","Cantidad Neta: 90 g"],"ingredients":[" Sardinas, aceite de oliva, aceite de oliva extra y sal"],"conservation":" Una vez abierto mantener en refrigeración y consumir inmediatamente","ean":"8410721112739"},{"full_name":"LOREA gourmet sardinillas en aceite de oliva 8-10 piezas lata 88 g neto escurrido","name":"gourmet sardinillas en aceite de oliva 8-10 piezas lata 88 g neto escurrido","brand":"LOREA ","img":"https://sgfm.elcorteingles.es/SGFM/dctm/MEDIA03/201706/09/00118004700672____1__600x600.jpg","price":"2,69 €","price_unit":"(30,57 € / Kilo)","categories":["Supermercado","Alimentación General","Conservas de pescado","Sardinillas","LOREA gourmet sardinillas en aceite de oliva 8-10 piezas lata 88 g neto escurrido"],"general_information":[],"ingredients":[],"ean":"8410333000868"},{"full_name":"RIANXEIRA sardinilla en aceite de oliva lata 57 g neto escurrido","name":"sardinilla en aceite de oliva lata 57 g neto escurrido","brand":"RIANXEIRA ","img":"https://sgfm.elcorteingles.es/SGFM/dctm/MEDIA03/201609/27/00200104700679____1__600x600.jpg","price":"1,64 €","price_unit":"(28,77 € / Kilo)","categories":["Supermercado","Alimentación General","Conservas de pescado","Sardinillas","RIANXEIRA sardinilla en aceite de oliva lata 57 g neto escurrido"],"general_information":[],"ingredients":[],"ean":"8410131002224"},{"full_name":"RIANXEIRA sardinilla en aceite de oliva picante lata 57 g neto escurrido","name":"sardinilla en aceite de oliva picante lata 57 g neto escurrido","brand":"RIANXEIRA ","img":"https://sgfm.elcorteingles.es/SGFM/dctm/MEDIA03/201609/27/00200104700695____1__600x600.jpg","price":"1,64 €","price_unit":"(28,77 € / Kilo)","categories":["Supermercado","Alimentación General","Conservas de pescado","Sardinillas","RIANXEIRA sardinilla en aceite de oliva picante lata 57 g neto escurrido"],"general_information":[],"ingredients":[],"ean":"8410131040301"},{"full_name":"RIANXEIRA sardinilla en aceite de oliva bajo en sal lata 57 g neto escurrido","name":"sardinilla en aceite de oliva bajo en sal lata 57 g neto escurrido","brand":"RIANXEIRA ","img":"https://sgfm.elcorteingles.es/SGFM/dctm/MEDIA03/201610/11/00200104700687____1__600x600.jpg","price":"1,64 €","price_unit":"(28,77 € / Kilo)","categories":["Supermercado","Alimentación General","Conservas de pescado","Sardinillas","RIANXEIRA sardinilla en aceite de oliva bajo en sal lata 57 g neto escurrido"],"general_information":[],"ingredients":[],"ean":"8410131015309"},{"full_name":"EL CORTE INGLES sardinas en aceite de oliva 3-5 piezas lata 87 g neto escurrido","name":"sardinas en aceite de oliva 3-5 piezas lata 87 g neto escurrido","brand":"EL CORTE INGLES ","img":"https://sgfm.elcorteingles.es/SGFM/dctm/MEDIA03/201609/23/00118016500359____2__600x600.jpg","price":"1,45 €","price_unit":"(16,67 € / Kilo)","categories":["Supermercado","Alimentación General","Conservas de pescado","Sardinas en aceite","EL CORTE INGLES sardinas en aceite de oliva 3-5 piezas lata 87 g neto escurrido"],"general_information":["Denominación del alimento: SARDINAS EN ACEITE DE OLIVA","Nombre del operador: Elaborado para El Corte Inglés por CONSERVAS DEL NOROESTE, S.A. (CONNORSA) Acuña,  s/n 36141 - Vilaboa Pontevedra - España","Cantidad Neta: 120 g","Peso neto escurrido: 87 g","Número de raciones por envase: 1.0"],"ingredients":[" Ingredientes: Sardinas (Sardina pilchardus) , aceite de oliva y sal"],"conservation":" Conservar en lugar fresco y seco. Después de abrir conservar en el frigorífico y consumir en 24 horas","ean":"8433329055536"},{"full_name":"ALIADA sardinas en aceite de oliva pack 2 lata 88 g neto escurrido","name":"sardinas en aceite de oliva pack 2 lata 88 g neto escurrido","brand":"ALIADA ","img":"https://sgfm.elcorteingles.es/SGFM/dctm/MEDIA03/201604/04/00200116500448____1__600x600.jpg","price":"1,40 €","price_unit":"(15,91 € / Kilo)","categories":["Supermercado","Alimentación General","Conservas de pescado","Sardinas en aceite","ALIADA sardinas en aceite de oliva pack 2 lata 88 g neto escurrido"],"general_information":["Denominación del alimento: Sardinas en aceite de oliva","Nombre del operador: Distribuído para el Grupo El Corte Inglés, Hermosilla, 112 - 28009 Madrid - España por CIF: B36344257","Lugar de procedencia del alimento: Origen Marruecos / España","Cantidad Neta: 240 g","Peso neto escurrido: 176 g"],"ingredients":[" Ingredientes: Sardina (Sardina pilchardus), aceite de oliva, sal."],"ean":"8433329058278"},{"full_name":"ALIADA sardinas en aceite de girasol pack 2 lata 88 g neto escurrido","name":"sardinas en aceite de girasol pack 2 lata 88 g neto escurrido","brand":"ALIADA ","img":"https://sgfm.elcorteingles.es/SGFM/dctm/MEDIA03/201604/04/00200116500463____1__600x600.jpg","price":"1,18 €","price_unit":"(13,41 € / Kilo)","categories":["Supermercado","Alimentación General","Conservas de pescado","Sardinas en aceite","ALIADA sardinas en aceite de girasol pack 2 lata 88 g neto escurrido"],"general_information":["Denominación del alimento: Sardinas en aceite de girasol","Nombre del operador: Distribuído para el Grupo El Corte Inglés, Hermosilla, 112 - 28009 Madrid - España por CIF: B36344257","Lugar de procedencia del alimento: Origen Marruecos / España","Cantidad Neta: 240 g","Peso neto escurrido: 176 g"],"ingredients":[" Ingredientes: Sardinas (Sardina pilchardus), aceite de girasol y sal."],"conservation":" Conservar en lugar fresco y seco. Después de abierto conservar en el frigorífico en un recipiente no metálico y consumir en un plazo de 24 horas.","ean":"8433329058292"},{"full_name":"CALVO sardinas en aceite de oliva lata 84 g neto escurrido","name":"sardinas en aceite de oliva lata 84 g neto escurrido","brand":"CALVO ","img":"https://sgfm.elcorteingles.es/SGFM/dctm/MEDIA02/CONTENIDOS/201412/10/00200116500208____1__600x600.jpg","price":"1,05 €","price_unit":"(12,50 € / Kilo)","categories":["Supermercado","Alimentación General","Conservas de pescado","Sardinas en aceite","CALVO sardinas en aceite de oliva lata 84 g neto escurrido"],"general_information":["Denominación del alimento: Sardinas en aceite de oliva","País de origen: Marruecos","Nombre del operador: Calvo Distribución Alimentaria SLU","Dirección del operador: Ctra. Coruña-Finisterre. 15106 Carballo. La Coruña","Cantidad Neta: 120 g","Peso neto escurrido: 84 g","Otras menciones obligatorias en la etiqueta: Establecimiento autorizado UE N° 3336/9421/1156/3498/1418/4012/4123/1638"],"ingredients":[" sardinas, aceite de oliva y sal."],"conservation":" Una vez abierto conservar en el frigorífico y consumir en 24 horas.","ean":"8410090441270"},{"full_name":"ALBO sardinas en aceite de oliva lata 85 g neto escurrido","name":"sardinas en aceite de oliva lata 85 g neto escurrido","brand":"ALBO ","img":"https://sgfm.elcorteingles.es/SGFM/dctm/MEDIA02/CONTENIDOS/201408/20/00118016500102____1__600x600.jpg","price":"1,99 €","price_unit":"(23,41 € / Kilo)","categories":["Supermercado","Alimentación General","Conservas de pescado","Sardinas en aceite","ALBO sardinas en aceite de oliva lata 85 g neto escurrido"],"general_information":["Denominación del alimento: Sardinas en aceite de oliva","Nombre del operador: HIJOS DE CARLOS ALBO S.L.","Dirección del operador: Rúa Jacinto Benavente, 41, 36208 Vigo, Pontevedra ESPAÑA","Cantidad Neta: 120 g","Peso neto escurrido: 0.085 Kilogramos"],"ingredients":[" Sardina, aceite de oliva y sal."],"ean":"8410032004907"},{"full_name":"ALBO Tres Escudos sardinas en aceite de oliva virgen extra lata 85 g neto escurrido","name":"Tres Escudos sardinas en aceite de oliva virgen extra lata 85 g neto escurrido","brand":"ALBO ","img":"https://sgfm.elcorteingles.es/SGFM/00/14/4/0118016500144/0118016500144000g01011.jpg","price":"2,37 €","price_unit":"(27,88 € / Kilo)","categories":["Supermercado","Alimentación General","Conservas de pescado","Sardinas en aceite","ALBO Tres Escudos sardinas en aceite de oliva virgen extra lata 85 g neto escurrido"],"general_information":["Denominación del alimento: Sardinas en aceite de oliva virgen","Nombre del operador: HIJOS DE CARLOS ALBO S.L.","Dirección del operador: Rúa Jacinto Benavente, 41, 36208 Vigo, Pontevedra ESPAÑA","Cantidad Neta: 120 g","Peso neto escurrido: 0.085 Kilogramos"],"ingredients":[" Sardinas, aceite de oliva virgen extra y sal."],"ean":"8410032006055"},{"full_name":"CUCA sardinas en aceite de oliva lata 85 g neto escurrido","name":"sardinas en aceite de oliva lata 85 g neto escurrido","brand":"CUCA ","img":"https://sgfm.elcorteingles.es/SGFM/dctm/MEDIA02/CONTENIDOS/201408/21/00118016500011____2__600x600.jpg","price":"1,69 €","price_unit":"(19,88 € / Kilo)","categories":["Supermercado","Alimentación General","Conservas de pescado","Sardinas en aceite","CUCA sardinas en aceite de oliva lata 85 g neto escurrido"],"general_information":["Denominación del alimento: SARDINAS EN ACEITE DE OLIVA","Nombre del operador: CONSERVAS SELECTAS DE GALICIA SL","Dirección del operador: Virxe das Mareas s/n 36980 O Grove","Cantidad Neta: 120 g","Peso neto escurrido: 85 g"],"ingredients":[" Sardinas, aceite de oliva y sal."],"ean":"8410698072722"},{"full_name":"ISABEL sardinas en aceite de oliva lata 81 g neto escurrido","name":"sardinas en aceite de oliva lata 81 g neto escurrido","brand":"ISABEL ","img":"https://sgfm.elcorteingles.es/SGFM/dctm/MEDIA03/201610/04/00118016500136____1__600x600.jpg","price":"0,95 €","price_unit":"(11,73 € / Kilo)","categories":["Supermercado","Alimentación General","Conservas de pescado","Sardinas en aceite","ISABEL sardinas en aceite de oliva lata 81 g neto escurrido"],"general_information":["Denominación del alimento: SARDINAS EN ACEITE DE OLIVA","País de origen: Marruecos","Nombre del operador: SOCIETE NOUVELLE COSARNO, S.A.","Dirección del operador: Rue Al Bahara - Quartier Industriel Anza B.P. 6196","Cantidad Neta: 115 g","Peso neto escurrido: 81 g"],"ingredients":[" Sardinas, aceite de oliva y sal."],"ean":"8410111603304"},{"full_name":"ORTIZ sardinas en aceite de oliva a la antigua lata 100 g neto escurrido","name":"sardinas en aceite de oliva a la antigua lata 100 g neto escurrido","brand":"ORTIZ ","img":"https://sgfm.elcorteingles.es/SGFM/00/32/6/0118016500326/0118016500326000g01011.jpg","price":"2,99 €","price_unit":"(29,90 € / Kilo)","categories":["Supermercado","Alimentación General","Conservas de pescado","Sardinas en aceite","ORTIZ sardinas en aceite de oliva a la antigua lata 100 g neto escurrido"],"general_information":["Denominación del alimento: SARDINAS EN ACEITE DE OLIVA","Nombre del operador: CONSERVAS ORTIZ S.A.","Dirección del operador: BASUSTA BIDEA 15 - 20750 ZUMAIA - GUIPÚZCOA - ESPAÑA","Cantidad Neta: 140 g","Peso neto escurrido: 100 g"],"ingredients":[" *Sardinas, aceite de oliva, sal"],"ean":"8411320801055"},{"full_name":"ORTIZ sardinas a la antigua en aceite de oliva tarro 140","name":"sardinas a la antigua en aceite de oliva tarro 140 ","brand":"ORTIZ ","img":"https://sgfm.elcorteingles.es/SGFM/00/24/3/0118016500243/0118016500243000g01011.jpg","price":"4,83 €","price_unit":"(34,50 € / Kilo)","categories":["Supermercado","Alimentación General","Conservas de pescado","Sardinas en aceite","ORTIZ sardinas a la antigua en aceite de oliva tarro 140"],"general_information":["Denominación del alimento: SARDINAS EN ACEITE DE OLIVA","Nombre del operador: CONSERVAS ORTIZ S.A.","Dirección del operador: BASUSTA BIDEA 15 - 20750 ZUMAIA - GUIPÚZCOA - ESPAÑA","Cantidad Neta: 190 g","Peso neto escurrido: 140 g"],"ingredients":[" *Sardinas, aceite de oliva, sal"],"ean":"8411320801000"},{"full_name":"CALVO sardinas en aceite de oliva bajas en sal lata 81 g neto escurrido","name":"sardinas en aceite de oliva bajas en sal lata 81 g neto escurrido","brand":"CALVO ","img":"https://sgfm.elcorteingles.es/SGFM/00/20/1/0118016500201/0118016500201000g01011.jpg","price":"1,21 €","price_unit":"(14,94 € / Kilo)","categories":["Supermercado","Alimentación General","Conservas de pescado","Sardinas en aceite","CALVO sardinas en aceite de oliva bajas en sal lata 81 g neto escurrido"],"general_information":["Denominación del alimento: Sardinas en aceite de oliva baja en sal","País de origen: Marruecos","Nombre del operador: Calvo Distribución Alimentaria SLU","Dirección del operador: Ctra. Coruña-Finisterre. 15106 Carballo. La Coruña","Cantidad Neta: 120 g","Peso neto escurrido: 84 g"],"ingredients":[" sardinas y aceite de oliva."],"conservation":" Una vez abierto conservar en el frigorífico y consumir en 24 horas.","ean":"8410090450128"},{"full_name":"PACO LAFUENTE sardinas en aceite de oliva 3-5 piezas lata 87 g neto escurrido","name":"sardinas en aceite de oliva 3-5 piezas lata 87 g neto escurrido","brand":"PACO LAFUENTE ","img":"https://sgfm.elcorteingles.es/SGFM/dctm/MEDIA03/201607/04/00200116500489____1__600x600.jpg","price":"2,40 €","price_unit":"(27,59 € / Kilo)","categories":["Supermercado","Alimentación General","Conservas de pescado","Sardinas en aceite","PACO LAFUENTE sardinas en aceite de oliva 3-5 piezas lata 87 g neto escurrido"],"general_information":["Denominación del alimento: Sardinas en aceite de oliva","País de origen: España","Nombre del operador: CONSERVERA GALLEGA S.A.","Dirección del operador: C/El Castro s/n 36620 - Villanueva de Arosa - Pontevedra","Lugar de procedencia del alimento: España","Cantidad Neta: 125,0 Mililitros","Peso neto escurrido: 88,0 g","Otras menciones obligatorias en la etiqueta: FÁCIL APERTURA"],"ingredients":[" Sardinas, aceite de oliva y sal."],"ean":"8414279600038"},{"full_name":"LA GONDOLA sardinas bio en aceite de oliva virgen extra caja 150 g","name":"sardinas bio en aceite de oliva virgen extra caja 150 g","brand":"LA GONDOLA ","img":"https://sgfm.elcorteingles.es/SGFM/dctm/MEDIA03/201702/16/00118016500433____1__600x600.jpg","price":"2,86 €","price_unit":"(19,07 € / Kilo)","categories":["Supermercado","Alimentación General","Conservas de pescado","Sardinas en aceite","LA GONDOLA sardinas bio en aceite de oliva virgen extra caja 150 g"],"general_information":[],"ingredients":[],"ean":"5602910000948"},{"full_name":"EL CORTE INGLES sardinas en tomate 3-5 piezas lata 87 g neto escurrido","name":"sardinas en tomate 3-5 piezas lata 87 g neto escurrido","brand":"EL CORTE INGLES ","img":"https://sgfm.elcorteingles.es/SGFM/dctm/MEDIA02/CONTENIDOS/201508/18/00118016500375____1__600x600.jpg","price":"1,45 €","price_unit":"(16,67 € / Kilo)","categories":["Supermercado","Alimentación General","Conservas de pescado","Sardinas en tomate","EL CORTE INGLES sardinas en tomate 3-5 piezas lata 87 g neto escurrido"],"general_information":["Denominación del alimento: SARDINAS CON TOMATE","Nombre del operador: Elaborado para El Corte Inglés por CONSERVAS DEL NOROESTE,  S.A. (CONNORSA) Acuña,  s/n 36141 - Vilaboa Pontevedra - España","Cantidad Neta: 120 g","Peso neto escurrido: 87 g","Número de raciones por envase: 1.0"],"ingredients":[" Ingredientes: Sardinas (Sardina pilchardus) , tomate (17%), aceite de girasol, cebolla y sal"],"conservation":" Conservar en lugar fresco y seco. Después de abrir conservar en el frigorífico y consumir en 24 horas","ean":"8433329055543"},{"full_name":"ALIADA sardinas con tomate pack 2 lata 88 g neto escurrido","name":"sardinas con tomate pack 2 lata 88 g neto escurrido","brand":"ALIADA ","img":"https://sgfm.elcorteingles.es/SGFM/dctm/MEDIA03/201604/04/00200116500455____1__600x600.jpg","price":"1,18 €","price_unit":"(13,41 € / Kilo)","categories":["Supermercado","Alimentación General","Conservas de pescado","Sardinas en tomate","ALIADA sardinas con tomate pack 2 lata 88 g neto escurrido"],"general_information":["Denominación del alimento: Sardinas con tomate","Nombre del operador: Distribuído para el Grupo El Corte Inglés, Hermosilla, 112 - 28009 Madrid - España por CIF: B36344257","Lugar de procedencia del alimento: Origen Marruecos / España","Cantidad Neta: 240 g","Peso neto escurrido: 176 g"],"ingredients":[" Ingredientes: Sardina (Sardina pilchardus), tomate, aceite de girasol, sal."],"conservation":" Conservar en lugar fresco y seco. Después de abierto conservar en el frigorífico en un recipiente no metálico y consumir en un plazo de 24 horas.","ean":"8433329058285"},{"full_name":"ISABEL sardinas en tomate lata 81 g neto escurrido","name":"sardinas en tomate lata 81 g neto escurrido","brand":"ISABEL ","img":"https://sgfm.elcorteingles.es/SGFM/dctm/MEDIA03/201610/04/00200116500141____3__600x600.jpg","price":"0,99 €","price_unit":"(12,22 € / Kilo)","categories":["Supermercado","Alimentación General","Conservas de pescado","Sardinas en tomate","ISABEL sardinas en tomate lata 81 g neto escurrido"],"general_information":["Denominación del alimento: SARDINAS EN SALSA DE TOMATE","País de origen: Marruecos","Nombre del operador: SOCIETE NOUVELLE COSARNO, S.A.","Dirección del operador: Rue Al Bahara - Quartier Industriel Anza B.P. 6196","Cantidad Neta: 115 g","Peso neto escurrido: 81 g"],"ingredients":[" Sardinas (70%), tomate (23%), aceitede girasol, azúcar, sal y aroma natural."],"ean":"8410111633301"},{"full_name":"ALBO sardinas en tomate lata 85 g neto escurrido","name":"sardinas en tomate lata 85 g neto escurrido","brand":"ALBO ","img":"https://sgfm.elcorteingles.es/SGFM/00/11/0/0118016500110/0118016500110000g01011.jpg","price":"1,99 €","price_unit":"(23,41 € / Kilo)","categories":["Supermercado","Alimentación General","Conservas de pescado","Sardinas en tomate","ALBO sardinas en tomate lata 85 g neto escurrido"],"general_information":["Denominación del alimento: Sardinas en tomate","Nombre del operador: HIJOS DE CARLOS ALBO S.L.","Dirección del operador: Rúa Jacinto Benavente, 41, 36208 Vigo, Pontevedra ESPAÑA","Cantidad Neta: 120 g","Peso neto escurrido: 0.085 Kilogramos"],"ingredients":[" Sardinas, tomate, aceite de girasol, jarabe de glucosa, cebolla, azúcar, almidón de patata, sal y potenciador del sabor: glutamato de sodio."],"ean":"8410032006000"},{"full_name":"CUCA sardinas en tomate lata 80 g neto escurrido","name":"sardinas en tomate lata 80 g neto escurrido","brand":"CUCA ","img":"https://sgfm.elcorteingles.es/SGFM/00/04/5/0118016500045/0118016500045000g01011.jpg","price":"1,74 €","price_unit":"(21,75 € / Kilo)","categories":["Supermercado","Alimentación General","Conservas de pescado","Sardinas en tomate","CUCA sardinas en tomate lata 80 g neto escurrido"],"general_information":["Denominación del alimento: SARDINAS EN TOMATE","Nombre del operador: CONSERVAS SELECTAS DE GALICIA SL","Dirección del operador: Virxe das Mareas s/n 36980 O Grove","Cantidad Neta: 120 g","Peso neto escurrido: 80 g"],"ingredients":[" Sardinas, aceite vegetal, tomate,cebolla, vinagre, especias y sal."],"ean":"8410698076584"},{"full_name":"EL CORTE INGLES sardinas en escabeche 3-5 piezas lata 87 g neto escurrido","name":"sardinas en escabeche 3-5 piezas lata 87 g neto escurrido","brand":"EL CORTE INGLES ","img":"https://sgfm.elcorteingles.es/SGFM/dctm/MEDIA02/CONTENIDOS/201508/18/00118016500367____1__600x600.jpg","price":"1,45 €","price_unit":"(16,67 € / Kilo)","categories":["Supermercado","Alimentación General","Conservas de pescado","Sardinas en escabeche","EL CORTE INGLES sardinas en escabeche 3-5 piezas lata 87 g neto escurrido"],"general_information":["Denominación del alimento: SARDINAS EN ESCABECHE","Nombre del operador: Elaborado para El Corte Inglés por CONSERVAS DEL NOROESTE,  S.A. (CONNORSA) Acuña,  s/n 36141 - Vilaboa Pontevedra - España","Cantidad Neta: 120 g","Peso neto escurrido: 87 g","Número de raciones por envase: 1.0"],"ingredients":[" Ingredientes: Sardinas (Sardina pilchardus), aceite de girasol, vinagre de vino, especias y sal"],"conservation":" Conservar en lugar fresco y seco. Después de abrir conservar en el frigorífico y consumir en 24 horas","ean":"8433329055550"},{"full_name":"ALIADA sardinas en escabeche pack 2 lata 88 g neto escurrido","name":"sardinas en escabeche pack 2 lata 88 g neto escurrido","brand":"ALIADA ","img":"https://sgfm.elcorteingles.es/SGFM/dctm/MEDIA03/201604/04/00200116500471____1__600x600.jpg","price":"1,29 €","price_unit":"(14,66 € / Kilo)","categories":["Supermercado","Alimentación General","Conservas de pescado","Sardinas en escabeche","ALIADA sardinas en escabeche pack 2 lata 88 g neto escurrido"],"general_information":["Denominación del alimento: Sardinas en escabeche","Nombre del operador: Distribuído para el Grupo El Corte Inglés, Hermosilla, 112 - 28009 Madrid - España por CIF: B36344257","Lugar de procedencia del alimento: Origen Marruecos / España","Cantidad Neta: 240 g","Peso neto escurrido: 176 g"],"ingredients":[" Ingredientes: Sardina (Sardina pilchardus), aceite de girasol, vinagre, sal y aroma natural de escabeche.."],"conservation":" Conservar en lugar fresco y seco. Después de abierto conservar en el frigorífico en un recipiente no metálico y consumir en un plazo de 24 horas.","ean":"8433329058308"},{"full_name":"CUCA sardinas en escabeche lata 85 g neto escurrido","name":"sardinas en escabeche lata 85 g neto escurrido","brand":"CUCA ","img":"https://sgfm.elcorteingles.es/SGFM/00/03/7/0118016500037/0118016500037000g01011.jpg","price":"1,69 €","price_unit":"(19,88 € / Kilo)","categories":["Supermercado","Alimentación General","Conservas de pescado","Sardinas en escabeche","CUCA sardinas en escabeche lata 85 g neto escurrido"],"general_information":["Denominación del alimento: SARDINAS EN ESCABECHE","Nombre del operador: CONSERVAS SELECTAS DE GALICIA SL","Dirección del operador: Virxe das Mareas s/n 36980 O Grove","Cantidad Neta: 120 g","Peso neto escurrido: 85 g"],"ingredients":[" Sardinas, aceite vegetal, vinagre,especias y sal."],"ean":"8410698074986"},{"full_name":"ALBO Tres Escudos sardinas en salsa picantona lata 85 g neto escurrido","name":"Tres Escudos sardinas en salsa picantona lata 85 g neto escurrido","brand":"ALBO ","img":"https://sgfm.elcorteingles.es/SGFM/00/12/8/0118016500128/0118016500128000g01011.jpg","price":"1,99 €","price_unit":"(23,41 € / Kilo)","categories":["Supermercado","Alimentación General","Conservas de pescado","Sardinas diversas","ALBO Tres Escudos sardinas en salsa picantona lata 85 g neto escurrido"],"general_information":["Denominación del alimento: Sardinas picantonas","Nombre del operador: HIJOS DE CARLOS ALBO S.L.","Dirección del operador: Rúa Jacinto Benavente, 41, 36208 Vigo, Pontevedra ESPAÑA","Cantidad Neta: 120 g","Peso neto escurrido: 0.085 Kilogramos"],"ingredients":[" Sardinas, aceite de girasol, tomate, pimiento rojo, zanahoria, pepinillo, cebolla, especias, aroma natural y sal."],"ean":"8410032006062"},{"full_name":"CUCA sardinas picantes en aceite lata 85 g neto escurrido","name":"sardinas picantes en aceite lata 85 g neto escurrido","brand":"CUCA ","img":"https://sgfm.elcorteingles.es/SGFM/00/02/9/0118016500029/0118016500029000g01011.jpg","price":"1,75 €","price_unit":"(20,59 € / Kilo)","categories":["Supermercado","Alimentación General","Conservas de pescado","Sardinas diversas","CUCA sardinas picantes en aceite lata 85 g neto escurrido"],"general_information":["Denominación del alimento: SARDINAS PICANTES","Nombre del operador: CONSERVAS SELECTAS DE GALICIA SL","Dirección del operador: Virxe das Mareas s/n 36980 O Grove","Cantidad Neta: 120 g","Peso neto escurrido: 85 g"],"ingredients":[" Sardinas, aceite vegetal, pepinillo, zanahoria, cebolla, especias y sal."],"ean":"8410698079547"},{"full_name":"CUCA sardinas en aceite al limón bajo en sal lata 85 g neto escurrido","name":"sardinas en aceite al limón bajo en sal lata 85 g neto escurrido","brand":"CUCA ","img":"https://sgfm.elcorteingles.es/SGFM/00/22/7/0118016500227/0118016500227000g01011.jpg","price":"1,67 €","price_unit":"(19,65 € / Kilo)","categories":["Supermercado","Alimentación General","Conservas de pescado","Sardinas diversas","CUCA sardinas en aceite al limón bajo en sal lata 85 g neto escurrido"],"general_information":["Denominación del alimento: SARDINAS AL LIMÓN BAJO EN SAL","Nombre del operador: CONSERVAS SELECTAS DE GALICIA SL","Dirección del operador: Virxe das Mareas s/n 36980 O Grove","Cantidad Neta: 120 g","Peso neto escurrido: 85 g"],"ingredients":[" Sardinas, aceite vegetal y limón."],"ean":"8410698081465"},{"full_name":"KIELE filete de sardina anchoada lata 100 g neto escurrido","name":"filete de sardina anchoada lata 100 g neto escurrido","brand":"KIELE ","img":"https://sgfm.elcorteingles.es/SGFM/dctm/MEDIA02/CONTENIDOS/201504/30/00118021200607____1__600x600.jpg","price":"5,74 €","price_unit":"(57,40 € / Kilo)","categories":["Supermercado","Alimentación General","Conservas de pescado","Sardinas diversas","KIELE filete de sardina anchoada lata 100 g neto escurrido"],"general_information":["Denominación del alimento: Filete de sardina anchoada en salazón","Nombre del operador: Inkiele, S.L.","Dirección del operador: Pol. Ind. El Llano, Parcela 39 Socuéllamos 13630 Castilla - La Mancha","Cantidad Neta: 180,0 g"],"ingredients":[" Filete de sardina, aceite de girasol, aceite de oliva, sal y E-621."],"conservation":" Mantener en refrigeración entre 0 y 8°C, en un sitio seco y resguardo.","ean":"8437009108581"},{"full_name":"KIELE gourmet anchodina filetes de sardina anchoada en salazon y aceite de oliva frasco 70 g neto escurrido","name":"gourmet anchodina filetes de sardina anchoada en salazon y aceite de oliva frasco 70 g neto escurrido","brand":"KIELE ","img":"https://sgfm.elcorteingles.es/SGFM/00/28/4/0118021200284/0118021200284000g01011.jpg","price":"3,54 €","price_unit":"(50,57 € / Kilo)","categories":["Supermercado","Alimentación General","Conservas de pescado","Sardinas diversas","KIELE gourmet anchodina filetes de sardina anchoada en salazon y aceite de oliva frasco 70 g neto escurrido"],"general_information":["Denominación del alimento: Filete de sardina anchoada en salazón","Nombre del operador: Inkiele, S.L.","Dirección del operador: Pol. Ind. El Llano, Parcela 39 Socuéllamos 13630 Castilla - La Mancha","Cantidad Neta: 70,0 g"],"ingredients":[" Filete de sardina, aceite de girasol, aceite de oliva, sal y E-621."],"conservation":" Mantener en refrigeración entre 0 y 8°C, en un sitio seco y resguardo.","ean":"8437009108925"},{"full_name":"KIELE sardinas en vinagre aliñadas estuche 100 g neto escurrido","name":"sardinas en vinagre aliñadas estuche 100 g neto escurrido","brand":"KIELE ","img":"https://sgfm.elcorteingles.es/SGFM/dctm/MEDIA02/CONTENIDOS/201505/08/00118021200623____1__600x600.jpg","price":"4,64 €","price_unit":"(46,40 € / Kilo)","categories":["Supermercado","Alimentación General","Conservas de pescado","Sardinas diversas","KIELE sardinas en vinagre aliñadas estuche 100 g neto escurrido"],"general_information":["Denominación del alimento: Sardinas en vinagre","Nombre del operador: Inkiele, S.L.","Dirección del operador: Pol. Ind. El Llano, Parcela 39 Socuéllamos 13630 Castilla - La Mancha","Cantidad Neta: 180,0 g"],"ingredients":[" Filetes de sardina, aceite de girasol, aceite de oliva, vinagre, sal, ajo y perejil."],"conservation":" Mantener en refrigeración entre 0 y 8°C, en un sitio seco y resguardo.","ean":"8437009108505"},{"full_name":"CALVO sardinas en aceite de oliva al limón bajas en sal lata 81 g neto escurrido","name":"sardinas en aceite de oliva al limón bajas en sal lata 81 g neto escurrido","brand":"CALVO ","img":"https://sgfm.elcorteingles.es/SGFM/00/21/9/0118016500219/0118016500219000g01011.jpg","price":"1,52 €","price_unit":"(18,77 € / Kilo)","categories":["Supermercado","Alimentación General","Conservas de pescado","Sardinas diversas","CALVO sardinas en aceite de oliva al limón bajas en sal lata 81 g neto escurrido"],"general_information":["Denominación del alimento: Sardinas en aceite de oliva baja en sal al limón","País de origen: Marruecos","Nombre del operador: Calvo Distribución Alimentaria SLU","Dirección del operador: Ctra. Coruña-Finisterre. 15106 Carballo. La Coruña","Cantidad Neta: 120 g","Peso neto escurrido: 84 g"],"ingredients":[" sardinas, aceite de oliva y limón (limón fresco y aroma natural de limón)."],"conservation":" Una vez abierto conservar en el frigorífico y consumir en 24 horas.","ean":"8410090451231"},{"full_name":"EL CORTE INGLES filetes de caballa del sur en aceite de oliva lata 200 g neto escurrido","name":"filetes de caballa del sur en aceite de oliva lata 200 g neto escurrido","brand":"EL CORTE INGLES ","img":"https://sgfm.elcorteingles.es/SGFM/dctm/MEDIA03/201604/06/00118017000052____1__600x600.jpg","price":"3,41 €","price_unit":"(17,05 € / Kilo)","categories":["Supermercado","Alimentación General","Conservas de pescado","Caballa","EL CORTE INGLES filetes de caballa del sur en aceite de oliva lata 200 g neto escurrido"],"general_information":["Denominación del alimento: Filetes de caballa del Sur en aceite de oliva.","Nombre del operador: Elaborado para El Corte Inglés por Unión Salazonera Isleña, S.A.\nPolígono Industrial ?La Dehesa? s/n\n21410 Isla Cristina (Huelva) - España","Cantidad Neta: 270 g","Peso neto escurrido: 200 g"],"ingredients":[" Ingredientes: Caballa (Scomber japonicus o colias) (74%), aceite de oliva (25%) y sal."],"conservation":" Conservar en lugar fresco y seco. Una vez abierto mantener refrigerado y consumir en un máximo de 1 día.","ean":"8433329052122"},{"full_name":"EL CORTE INGLES filetes de caballa del sur en aceite de oliva lata 85 g neto escurrido","name":"filetes de caballa del sur en aceite de oliva lata 85 g neto escurrido","brand":"EL CORTE INGLES ","img":"https://sgfm.elcorteingles.es/SGFM/dctm/MEDIA03/201710/11/00118017000045____1__600x600.jpg","price":"1,75 €","price_unit":"(20,59 € / Kilo)","categories":["Supermercado","Alimentación General","Conservas de pescado","Caballa","EL CORTE INGLES filetes de caballa del sur en aceite de oliva lata 85 g neto escurrido"],"general_information":["Denominación del alimento: Filetes de caballa del Sur en aceite de oliva.","Nombre del operador: Elaborado para El Corte Inglés por\nUnión Salazonera Isleña, S.A.\nPolígono Industrial ?La Dehesa? s/n\n21410 Isla Cristina (Huelva) - España","Cantidad Neta: 120 g","Peso neto escurrido: 85 g"],"ingredients":[" Ingredientes: Caballa (Scomber japonicus o colias) (69%), aceite de oliva (30%) y sal."],"conservation":" Conservar en lugar fresco y seco. Una vez abierto mantener refrigerado y consumir en un máximo de 1 día.","ean":"8433329052115"},{"full_name":"ALIADA filetes de caballa del sur en aceite de oliva pack 2 lata 65 g neto escurrido","name":"filetes de caballa del sur en aceite de oliva pack 2 lata 65 g neto escurrido","brand":"ALIADA ","img":"https://sgfm.elcorteingles.es/SGFM/00/25/0/0118017000250/0118017000250000g01011.jpg","price":"1,50 €","price_unit":"(23,08 € / Kilo)","categories":["Supermercado","Alimentación General","Conservas de pescado","Caballa","ALIADA filetes de caballa del sur en aceite de oliva pack 2 lata 65 g neto escurrido"],"general_information":[],"ingredients":[],"ean":"8411735002825"},{"full_name":"ALIADA filetes de caballa del sur en aceite de girasol pack 2 lata 65 g neto escurrido","name":"filetes de caballa del sur en aceite de girasol pack 2 lata 65 g neto escurrido","brand":"ALIADA ","img":"https://sgfm.elcorteingles.es/SGFM/00/26/8/0118017000268/0118017000268000g01011.jpg","price":"1,40 €","price_unit":"(21,54 € / Kilo)","categories":["Supermercado","Alimentación General","Conservas de pescado","Caballa","ALIADA filetes de caballa del sur en aceite de girasol pack 2 lata 65 g neto escurrido"],"general_information":[],"ingredients":[],"ean":"8411735002818"},{"full_name":"TEJERO filetes de caballa en aceite de oliva de Andalucía lata 160 g neto escurrido","name":"filetes de caballa en aceite de oliva de Andalucía lata 160 g neto escurrido","brand":"TEJERO ","img":"https://sgfm.elcorteingles.es/SGFM/dctm/MEDIA02/CONTENIDOS/201412/10/00200117000349____2__600x600.jpg","price":"3,27 €","price_unit":"(20,44 € / Kilo)","categories":["Supermercado","Alimentación General","Conservas de pescado","Caballa","TEJERO filetes de caballa en aceite de oliva de Andalucía lata 160 g neto escurrido"],"general_information":["Denominación del alimento: Filetes de Caballa de Andalucía en Aceite de Oliva","País de origen: España","Nombre del operador: Unión Salazonera Isleña S.A","Dirección del operador: Polígono Industrial La Dehesa s/n. Isla Cristina (Huelva)","Cantidad Neta: 230 g","Peso neto escurrido: 160 g"],"ingredients":[" Caballa, Aceite de Oliva, Sal"],"conservation":" Conservar en lugar fresco y seco. Una vez abierto mantener en refrigeración.","ean":"8411735004034"},{"full_name":"USISA filetes de caballa de Andalucía en aceite de oliva virgen extra lata 78 g neto escurrido","name":"filetes de caballa de Andalucía en aceite de oliva virgen extra lata 78 g neto escurrido","brand":"USISA ","img":"https://sgfm.elcorteingles.es/SGFM/00/08/6/0118017000086/0118017000086000g01011.jpg","price":"2,85 €","price_unit":"(36,54 € / Kilo)","categories":["Supermercado","Alimentación General","Conservas de pescado","Caballa","USISA filetes de caballa de Andalucía en aceite de oliva virgen extra lata 78 g neto escurrido"],"general_information":["Denominación del alimento: Filetes de Caballa de Andalucía en Aceite de Oliva","País de origen: España","Nombre del operador: Unión Salazonera Isleña S.A","Dirección del operador: Polígono Industrial La Dehesa s/n. Isla Cristina (Huelva)","Cantidad Neta: 120 g","Peso neto escurrido: 80 g"],"ingredients":[" Caballa, Aceite de Oliva, Sal"],"conservation":" Conservar en lugar fresco y seco. Una vez abierto mantener en refrigeración.","ean":"8411735000180"},{"full_name":"USISA filetes caballa de Andalucía en aceite de oliva lata 78 g neto escurrido","name":"filetes caballa de Andalucía en aceite de oliva lata 78 g neto escurrido","brand":"USISA ","img":"https://sgfm.elcorteingles.es/SGFM/00/07/8/0118017000078/0118017000078000g01011.jpg","price":"2,85 €","price_unit":"(36,54 € / Kilo)","categories":["Supermercado","Alimentación General","Conservas de pescado","Caballa","USISA filetes caballa de Andalucía en aceite de oliva lata 78 g neto escurrido"],"general_information":["Denominación del alimento: Filetes de Caballa de Andalucia en Aceite de Oliva","País de origen: España","Nombre del operador: Unión Salazonera Isleña S.A","Dirección del operador: Polígono Industrial La Dehesa s/n. Isla Cristina (Huelva)","Cantidad Neta: 120 g","Peso neto escurrido: 80 g"],"ingredients":[" Caballa (Scomber colias/japonicus), aceite de oliva y sal."],"conservation":" Conservar en lugar fresco y seco. Una vez abierto, mantener en refrigeración.","ean":"8411735803095"},{"full_name":"ALBO filetes de caballa del sur en aceite oliva lata 85 g neto escurrido","name":"filetes de caballa del sur en aceite oliva lata 85 g neto escurrido","brand":"ALBO ","img":"https://sgfm.elcorteingles.es/SGFM/00/01/1/0118017000011/0118017000011000g01011.jpg","price":"2,40 €","price_unit":"(28,24 € / Kilo)","categories":["Supermercado","Alimentación General","Conservas de pescado","Caballa","ALBO filetes de caballa del sur en aceite oliva lata 85 g neto escurrido"],"general_information":["Denominación del alimento: Filetes de caballa del sur en oliva","Nombre del operador: HIJOS DE CARLOS ALBO S.L.","Dirección del operador: Rúa Jacinto Benavente, 41, 36208 Vigo, Pontevedra ESPAÑA","Cantidad Neta: 120 g","Peso neto escurrido: 0.085 Kilogramos"],"ingredients":[" Caballa, aceite de oliva y sal."],"ean":"8410032004280"},{"full_name":"ALBO filetes de caballa del sur en aceite oliva virgen lata 85 g neto escurrido","name":"filetes de caballa del sur en aceite oliva virgen lata 85 g neto escurrido","brand":"ALBO ","img":"https://sgfm.elcorteingles.es/SGFM/00/03/7/0118017000037/0118017000037000g01011.jpg","price":"2,04 €","price_unit":"(24 € / Kilo)","categories":["Supermercado","Alimentación General","Conservas de pescado","Caballa","ALBO filetes de caballa del sur en aceite oliva virgen lata 85 g neto escurrido"],"general_information":["Denominación del alimento: Filetes de caballa en oliva virgen","Nombre del operador: HIJOS DE CARLOS ALBO S.L.","Dirección del operador: Rúa Jacinto Benavente, 41, 36208 Vigo, Pontevedra ESPAÑA","Cantidad Neta: 120 g","Peso neto escurrido: 0.085 Kilogramos"],"ingredients":[" Caballa, aceite de oliva virgen extra y sal."],"ean":"8410032004297"},{"full_name":"TEJERO filetes de caballa de Andalucía en aceite de girasol lata 618 g neto escurrido","name":"filetes de caballa de Andalucía en aceite de girasol lata 618 g neto escurrido","brand":"TEJERO ","img":"https://sgfm.elcorteingles.es/SGFM/dctm/MEDIA02/CONTENIDOS/201412/10/00118017000391____2__600x600.jpg","price":"9,72 €","price_unit":"(15,73 € / Kilo)","categories":["Supermercado","Alimentación General","Conservas de pescado","Caballa","TEJERO filetes de caballa de Andalucía en aceite de girasol lata 618 g neto escurrido"],"general_information":["Denominación del alimento: Filetes de Caballa de Andalucía en Aceite de Girasol","País de origen: España","Nombre del operador: Unión Salazonera Isleña S.A","Dirección del operador: Polígono Industrial La Dehesa s/n. Isla Cristina (Huelva)","Cantidad Neta: 950 g","Peso neto escurrido: 618 g"],"ingredients":[" Caballa, Aceite de Girasol, Sal"],"conservation":" Conservar en lugar fresco y seco. Una vez abierto mantener en refrigeración.","ean":"8411735253043"},{"full_name":"TEJERO caballitas enteras en aceite de oliva lata 78 g neto escurrido","name":"caballitas enteras en aceite de oliva lata 78 g neto escurrido","brand":"TEJERO ","img":"https://sgfm.elcorteingles.es/SGFM/dctm/MEDIA02/CONTENIDOS/201410/02/00118017000102____1__600x600.jpg","price":"1,93 €","price_unit":"(24,74 € / Kilo)","categories":["Supermercado","Alimentación General","Conservas de pescado","Caballa","TEJERO caballitas enteras en aceite de oliva lata 78 g neto escurrido"],"general_information":["Denominación del alimento: Filetes de Caballa de Andalucía en Aceite de Oliva","País de origen: España","Nombre del operador: Unión Salazonera Isleña S.A","Dirección del operador: Polígono Industrial La Dehesa s/n. Isla Cristina (Huelva)","Cantidad Neta: 120 g","Peso neto escurrido: 80 g"],"ingredients":[" Caballa, Aceite de Oliva, Sal"],"conservation":" Conservar en lugar fresco y seco. Una vez abierto mantener en refrigeración.","ean":"8411735624096"},{"full_name":"TEJERO filetes de caballa de Andalucía en aceite de oliva lata 80 g neto escurrido","name":"filetes de caballa de Andalucía en aceite de oliva lata 80 g neto escurrido","brand":"TEJERO ","img":"https://sgfm.elcorteingles.es/SGFM/dctm/MEDIA02/CONTENIDOS/201510/19/00118017000417____1__600x600.jpg","price":"1,75 €","price_unit":"(21,88 € / Kilo)","categories":["Supermercado","Alimentación General","Conservas de pescado","Caballa","TEJERO filetes de caballa de Andalucía en aceite de oliva lata 80 g neto escurrido"],"general_information":["Denominación del alimento: Filetes de Caballa de Andalucía en Aceite de Oliva","País de origen: España","Nombre del operador: Unión Salazonera Isleña S.A","Dirección del operador: Polígono Industrial La Dehesa s/n. Isla Cristina (Huelva)","Cantidad Neta: 120 g","Peso neto escurrido: 80 g"],"ingredients":[" Caballa, Aceite de Oliva, Sal"],"conservation":" Conservar en lugar fresco y seco. Una vez abierto mantener en refrigeración.","ean":"8411735653096"},{"full_name":"ISABEL filetes de caballa en aceite de oliva al grill lata 120 g neto escurrido","name":"filetes de caballa en aceite de oliva al grill lata 120 g neto escurrido","brand":"ISABEL ","img":"https://sgfm.elcorteingles.es/SGFM/dctm/MEDIA03/201703/28/00200117000612____1__600x600.jpg","price":"2,70 €","price_unit":"(22,50 € / Kilo)","categories":["Supermercado","Alimentación General","Conservas de pescado","Caballa","ISABEL filetes de caballa en aceite de oliva al grill lata 120 g neto escurrido"],"general_information":["Denominación del alimento: FILETES DE CABALLA AL GRILL EN ACEITE DE OLIVA VIR","País de origen: Francia","Nombre del operador: CONSERVAS SELECTAS DE GALICIA SL","Dirección del operador: Virxe das Mareas s/n 36980 O Grove","Cantidad Neta: 120 g","Peso neto escurrido: 120 g"],"ingredients":[" Caballa (87%), aceite de oliva virgen extra (10%) y sal."],"ean":"8410111008079"},{"full_name":"ISABEL filetes de caballa al natural al grill lata 120 g neto escurrido","name":"filetes de caballa al natural al grill lata 120 g neto escurrido","brand":"ISABEL ","img":"https://sgfm.elcorteingles.es/SGFM/dctm/MEDIA03/201703/28/00200117000620____6__600x600.jpg","price":"2,70 €","price_unit":"(22,50 € / Kilo)","categories":["Supermercado","Alimentación General","Conservas de pescado","Caballa","ISABEL filetes de caballa al natural al grill lata 120 g neto escurrido"],"general_information":["Denominación del alimento: FILETES DE CABALLA AL GRILL AL NATURAL","País de origen: Francia","Nombre del operador: CONSERVAS SELECTAS DE GALICIA SL","Dirección del operador: Virxe das Mareas s/n 36980 O Grove","Cantidad Neta: 120 g","Peso neto escurrido: 120 g"],"ingredients":[" Caballa, agua y sal.mber scombrus"],"ean":"8410111008086"},{"full_name":"ISABEL filetes de caballa en salsa de tomate lata 81 g neto escurrido","name":"filetes de caballa en salsa de tomate lata 81 g neto escurrido","brand":"ISABEL ","img":"https://sgfm.elcorteingles.es/SGFM/dctm/MEDIA03/201610/04/00118017000029____1__600x600.jpg","price":"1,18 €","price_unit":"(14,57 € / Kilo)","categories":["Supermercado","Alimentación General","Conservas de pescado","Caballa","ISABEL filetes de caballa en salsa de tomate lata 81 g neto escurrido"],"general_information":["Denominación del alimento: FILETES DE caballa EN SALSA DE TOMATE","País de origen: Marruecos","Nombre del operador: SOCIETE NOUVELLE COSARNO, S.A.","Dirección del operador: Rue Al Bahara - Quartier Industriel Anza B.P. 6196","Cantidad Neta: 115 g","Peso neto escurrido: 81 g"],"ingredients":[" caballa (70%), tomate (22%), aceitede girasol, sal, azúcar y aroma natural."],"ean":"8410111373207"},{"full_name":"CABO DE PEÑAS filetes de caballa del sur en aceite de oliva ecológico lata 53 g","name":"filetes de caballa del sur en aceite de oliva ecológico lata 53 g","brand":"CABO DE PEÑAS ","img":"https://sgfm.elcorteingles.es/SGFM/00/34/2/0118017000342/0118017000342000g01011.jpg","price":"2,24 €","price_unit":"(42,26 € / Kilo)","categories":["Supermercado","Alimentación General","Conservas de pescado","Caballa","CABO DE PEÑAS filetes de caballa del sur en aceite de oliva ecológico lata 53 g"],"general_information":["Denominación del alimento: FILETES DE CABALLA DEL SUR EN ACEITE DE OLIVA VIRGEN EXTRA ECOLÓGICO","Nombre del operador: CONSERVAS DEL NOROESTE, S.A.","Dirección del operador: ACUÑA, S/N - 36141 VILABOA (PONTEVEDRA)","Cantidad Neta: 85 g","Peso neto escurrido: 53 g"],"ingredients":[" Caballa, aceite de oliva virgen extra ecológico y sal"],"ean":"8411555070257"},{"full_name":"ISABEL filetes de caballa en aceite vegetal lata 81 g neto escurrido","name":"filetes de caballa en aceite vegetal lata 81 g neto escurrido","brand":"ISABEL ","img":"https://sgfm.elcorteingles.es/SGFM/dctm/MEDIA02/CONTENIDOS/201412/10/00200117000034____2__600x600.jpg","price":"1,15 €","price_unit":"(14,20 € / Kilo)","categories":["Supermercado","Alimentación General","Conservas de pescado","Caballa","ISABEL filetes de caballa en aceite vegetal lata 81 g neto escurrido"],"general_information":[],"ingredients":[],"ean":"8410111852009"},{"full_name":"ORTIZ filetes de caballa del sur en aceite de oliva frasco 165 g neto escurrido","name":"filetes de caballa del sur en aceite de oliva frasco 165 g neto escurrido","brand":"ORTIZ ","img":"https://sgfm.elcorteingles.es/SGFM/dctm/MEDIA02/CONTENIDOS/201509/22/00118017000441____2__600x600.jpg","price":"7,22 €","price_unit":"(43,76 € / Kilo)","categories":["Supermercado","Alimentación General","Conservas de pescado","Caballa","ORTIZ filetes de caballa del sur en aceite de oliva frasco 165 g neto escurrido"],"general_information":["Denominación del alimento: FILETE DE CABALLA EN ACEITE DE OLIVA","Nombre del operador: CONSERVAS ORTIZ S.A.","Dirección del operador: BASUSTA BIDEA 15 - 20750 ZUMAIA - GUIPÚZCOA - ESPAÑA","Cantidad Neta: 250 g","Peso neto escurrido: 165 g"],"ingredients":[" *Caballa (Scomber colias), aceite de oliva y sal"],"ean":"8411320737002"},{"full_name":"UBAGO filetes de caballa del sur en aceite de oliva lata 85 g neto escurrido","name":"filetes de caballa del sur en aceite de oliva lata 85 g neto escurrido","brand":"UBAGO ","img":"https://sgfm.elcorteingles.es/SGFM/00/13/6/0118017000136/0118017000136000g01011.jpg","price":"1,80 €","price_unit":"(21,18 € / Kilo)","categories":["Supermercado","Alimentación General","Conservas de pescado","Caballa","UBAGO filetes de caballa del sur en aceite de oliva lata 85 g neto escurrido"],"general_information":["Denominación del alimento: Filetes de caballa del sur en aceite de oliva.","País de origen: España","Nombre del operador: UBAGO GROUP MARE S.L.","Dirección del operador: C/Charles Darwin, 3. 29590 Málaga","Cantidad Neta: 115 g","Peso neto escurrido: 85 g","Otras menciones obligatorias en la etiqueta: Una vez abierto, mantener en refrigeración y consumir antes de 2 días."],"ingredients":[" Caballa del sur (73%), aceite de oliva (26%) y sal."],"conservation":" Conservar en un lugar fresco y seco","ean":"8410155052519"},{"full_name":"UBAGO filetes de caballa en aceite vegetal lata 620 g neto escurrido","name":"filetes de caballa en aceite vegetal lata 620 g neto escurrido","brand":"UBAGO ","img":"https://sgfm.elcorteingles.es/SGFM/dctm/MEDIA03/201602/09/00118017000318____1__600x600.jpg","price":"7,45 €","price_unit":"(12,02 € / Kilo)","categories":["Supermercado","Alimentación General","Conservas de pescado","Caballa","UBAGO filetes de caballa en aceite vegetal lata 620 g neto escurrido"],"general_information":["Denominación del alimento: Filetes de caballa del sur en aceite de girasol.","País de origen: Cabo Verde","Nombre del operador: UBAGO GROUP MARE S.L.","Dirección del operador: C/Charles Darwin, 3. 29590 Málaga","Cantidad Neta: 950 g","Peso neto escurrido: 620 g","Otras menciones obligatorias en la etiqueta: Una vez abierto, mantener en refrigeración y consumir antes de 3 días."],"ingredients":[" Caballa del sur (65%), aceite de girasol (34%) y sal."],"conservation":" Conservar en un lugar fresco y seco","ean":"8410155062549"},{"full_name":"PALACIO DE ORIENTE filetes de caballa del sur en aceite de oliva picante a la antigua lata 85 g neto escurrido","name":"filetes de caballa del sur en aceite de oliva picante a la antigua lata 85 g neto escurrido","brand":"PALACIO DE ORIENTE ","img":"https://sgfm.elcorteingles.es/SGFM/dctm/CONTENIDOS/201512/11/00118017000466____1__600x600.jpg","price":"3,25 €","price_unit":"(38,24 € / Kilo)","categories":["Supermercado","Alimentación General","Conservas de pescado","Caballa","PALACIO DE ORIENTE filetes de caballa del sur en aceite de oliva picante a la antigua lata 85 g neto escurrido"],"general_information":["Denominación del alimento: Filetes de Caballa del Sur en aceite de oliva picante a la antigua","País de origen: Portugal","Nombre del operador: Conservas Antonio Alonso S.A.","Dirección del operador: Carretera Vigo-Bayona, 127, Apto. 40 - 36213, Vigo","Cantidad Neta: 120 g","Peso neto escurrido: 85 g","Número de raciones por envase: 1"],"ingredients":[" Caballas del Sur, aceite de oliva, pepino, zanahoria, guindilla y sal"],"conservation":" Conservar en lugar fresco y seco.Una vez abierto, mantener en refrigeración y consumir en las 48h siguientes","ean":"8410205049520"},{"full_name":"LA CHANCA filetes de caballa del sur en aceite de oliva lata 85 g neto escurrido","name":"filetes de caballa del sur en aceite de oliva lata 85 g neto escurrido","brand":"LA CHANCA ","img":"https://sgfm.elcorteingles.es/SGFM/00/41/4/0200117000414/0200117000414000g01011.jpg","price":"1,88 €","price_unit":"(22,12 € / Kilo)","categories":["Supermercado","Alimentación General","Conservas de pescado","Caballa","LA CHANCA filetes de caballa del sur en aceite de oliva lata 85 g neto escurrido"],"general_information":[],"ingredients":[],"ean":"8436008374812"},{"full_name":"LA CHANCA filetes de caballa del sur en aceite de oliva lata 385 g neto escurrido","name":"filetes de caballa del sur en aceite de oliva lata 385 g neto escurrido","brand":"LA CHANCA ","img":"https://sgfm.elcorteingles.es/SGFM/00/42/2/0200117000422/0200117000422000g01011.jpg","price":"8,15 €","price_unit":"(21,17 € / Kilo)","categories":["Supermercado","Alimentación General","Conservas de pescado","Caballa","LA CHANCA filetes de caballa del sur en aceite de oliva lata 385 g neto escurrido"],"general_information":[],"ingredients":[],"ean":"8436008374751"},{"full_name":"LA GONDOLA filetes de caballa en aceite de oliva virgen extra biológico caja 150 g","name":"filetes de caballa en aceite de oliva virgen extra biológico caja 150 g","brand":"LA GONDOLA ","img":"https://sgfm.elcorteingles.es/SGFM/dctm/MEDIA03/201702/16/00118017000490____1__600x600.jpg","price":"2,86 €","price_unit":"(19,07 € / Kilo)","categories":["Supermercado","Alimentación General","Conservas de pescado","Caballa","LA GONDOLA filetes de caballa en aceite de oliva virgen extra biológico caja 150 g"],"general_information":[],"ingredients":[],"ean":"5602910000931"},{"full_name":"EL CORTE INGLES filetes de melva en aceite de oliva lata 85 g neto escurrido","name":"filetes de melva en aceite de oliva lata 85 g neto escurrido","brand":"EL CORTE INGLES ","img":"https://sgfm.elcorteingles.es/SGFM/dctm/MEDIA03/201702/01/00118020700250____3__600x600.jpg","price":"2,15 €","price_unit":"(25,29 € / Kilo)","categories":["Supermercado","Alimentación General","Conservas de pescado","Melva","EL CORTE INGLES filetes de melva en aceite de oliva lata 85 g neto escurrido"],"general_information":["Denominación del alimento: Melva en aceite de oliva.","Nombre del operador: Elaborado para El Corte Inglés\npor\nUnión Salazonera Isleña, S.A.\nPolígono Industrial ?La Dehesa? s/n\n21410 Isla Cristina (Huelva)\nEspaña","Cantidad Neta: 120 g","Peso neto escurrido: 85 g"],"ingredients":[" Ingredientes: Melva (Auxis spp), aceite de oliva (29%) y sal."],"conservation":" Conservar en lugar fresco y seco. Una vez abierto mantener refrigerado y consumir en un máximo de 1 día.","ean":"8433329045797"},{"full_name":"TEJERO tronco de melva en aceite de oliva pack 3 latas 56 g neto escurrido","name":"tronco de melva en aceite de oliva pack 3 latas 56 g neto escurrido","brand":"TEJERO ","img":"https://sgfm.elcorteingles.es/SGFM/00/15/1/0118020700151/0118020700151000g01011.jpg","price":"2,00 €","price_unit":"(11,90 € / Kilo)","categories":["Supermercado","Alimentación General","Conservas de pescado","Melva","TEJERO tronco de melva en aceite de oliva pack 3 latas 56 g neto escurrido"],"general_information":["Denominación del alimento: Tronco de Melva en Aceite de Oliva","País de origen: España","Nombre del operador: Unión Salazonera Isleña S.A","Dirección del operador: Polígono Industrial La Dehesa s/n. Isla Cristina (Huelva)","Cantidad Neta: 240 g","Peso neto escurrido: 156 g"],"ingredients":[" Melva, Aceite de Oliva, Sal"],"conservation":" Conservar en lugar fresco y seco. Una vez abierto mantener en refrigeración.","ean":"8411735002672"},{"full_name":"TEJERO filetes de melva de Andalucía en aceite de oliva lata 78 g neto escurrido","name":"filetes de melva de Andalucía en aceite de oliva lata 78 g neto escurrido","brand":"TEJERO ","img":"https://sgfm.elcorteingles.es/SGFM/00/18/5/0118020700185/0118020700185000g01011.jpg","price":"2,35 €","price_unit":"(30,13 € / Kilo)","categories":["Supermercado","Alimentación General","Conservas de pescado","Melva","TEJERO filetes de melva de Andalucía en aceite de oliva lata 78 g neto escurrido"],"general_information":["Denominación del alimento: Filetes de Melva de Andalucía en Aceite de Oliva","País de origen: España","Nombre del operador: Unión Salazonera Isleña S.A","Dirección del operador: Polígono Industrial La Dehesa s/n. Isla Cristina (Huelva)","Cantidad Neta: 120 g","Peso neto escurrido: 80 g"],"ingredients":[" Melva, Aceite de Oliva, Sal"],"conservation":" Conservar en lugar fresco y seco. Una vez abierto mantener en refrigeración.","ean":"8411735603107"},{"full_name":"USISA melva canutera de Almadraba en aceite de oliva lata 78 g neto escurrido","name":"melva canutera de Almadraba en aceite de oliva lata 78 g neto escurrido","brand":"USISA ","img":"https://sgfm.elcorteingles.es/SGFM/00/01/1/0118020700011/0118020700011000g01011.jpg","price":"3,93 €","price_unit":"(50,38 € / Kilo)","categories":["Supermercado","Alimentación General","Conservas de pescado","Melva","USISA melva canutera de Almadraba en aceite de oliva lata 78 g neto escurrido"],"general_information":["Denominación del alimento: Filetes de Melva de Andalucía en Aceite de Oliva, variedad canutera","País de origen: España","Nombre del operador: Unión Salazonera Isleña S.A","Dirección del operador: Polígono Industrial La Dehesa s/n. Isla Cristina (Huelva)","Cantidad Neta: 120 g","Peso neto escurrido: 80 g"],"ingredients":[" Melva, Aceite de Oliva, Sal"],"conservation":" Conservar en lugar fresco y seco. Una vez abierto mantener en refrigeración.","ean":"8411735801718"},{"full_name":"USISA filetes de melva de Andalucía en aceite de oliva lata 78 g neto escurrido","name":"filetes de melva de Andalucía en aceite de oliva lata 78 g neto escurrido","brand":"USISA ","img":"https://sgfm.elcorteingles.es/SGFM/00/03/7/0118020700037/0118020700037000g01011.jpg","price":"4,39 €","price_unit":"(56,28 € / Kilo)","categories":["Supermercado","Alimentación General","Conservas de pescado","Melva","USISA filetes de melva de Andalucía en aceite de oliva lata 78 g neto escurrido"],"general_information":["Denominación del alimento: Filetes de Melva de Andalucía en Aceite de Oliva","País de origen: España","Nombre del operador: Unión Salazonera Isleña S.A","Dirección del operador: Polígono Industrial La Dehesa s/n. Isla Cristina (Huelva)","Cantidad Neta: 120 g","Peso neto escurrido: 80 g"],"ingredients":[" Melva, Aceite de Oliva, Sal"],"conservation":" Conservar en lugar fresco y seco. Una vez abierto mantener en refrigeración.","ean":"8411735804092"},{"full_name":"ALMADRABA SUR melva canutera en aceite de girasol lata 650 g neto escurrido","name":"melva canutera en aceite de girasol lata 650 g neto escurrido","brand":"ALMADRABA SUR ","img":"https://sgfm.elcorteingles.es/SGFM/00/21/9/0118020700219/0118020700219000g01011.jpg","price":"12,77 €","price_unit":"(19,65 € / Kilo)","categories":["Supermercado","Alimentación General","Conservas de pescado","Melva","ALMADRABA SUR melva canutera en aceite de girasol lata 650 g neto escurrido"],"general_information":[],"ingredients":[],"ean":"8421993904366"},{"full_name":"CABO DE PEÑAS filetes de melva canutera en aceite de oliva lata 78 g neto escurrido","name":"filetes de melva canutera en aceite de oliva lata 78 g neto escurrido","brand":"CABO DE PEÑAS ","img":"https://sgfm.elcorteingles.es/SGFM/dctm/MEDIA03/201706/07/00118020700318____1__600x600.jpg","price":"3,95 €","price_unit":"(50,64 € / Kilo)","categories":["Supermercado","Alimentación General","Conservas de pescado","Melva","CABO DE PEÑAS filetes de melva canutera en aceite de oliva lata 78 g neto escurrido"],"general_information":["Denominación del alimento: Filetes De Melva \"Canutera\" En Aceite De Oliva","Nombre del operador: Conservas Del Noroeste, S.A.","Dirección del operador: Acuña, S/N - 36141 Vilaboa (Pontevedra)","Cantidad Neta: 120 g","Peso neto escurrido: 78 g"],"ingredients":[" Melva canutera, aceite de oliva y sal"],"conservation":" Conservar en lugar fresco y seco","ean":"8411555030404"},{"full_name":"LA CHANCA filetes de melva canutera en aceite de oliva lata 85 g neto escurrido","name":"filetes de melva canutera en aceite de oliva lata 85 g neto escurrido","brand":"LA CHANCA ","img":"https://sgfm.elcorteingles.es/SGFM/00/18/2/0200120700182/0200120700182000g01011.jpg","price":"4,35 €","price_unit":"(51,18 € / Kilo)","categories":["Supermercado","Alimentación General","Conservas de pescado","Melva","LA CHANCA filetes de melva canutera en aceite de oliva lata 85 g neto escurrido"],"general_information":[],"ingredients":[],"ean":"8436008374805"},{"full_name":"LA CHANCA melva canutera en aceite de oliva tarro 150 g neto escurrido","name":"melva canutera en aceite de oliva tarro 150 g neto escurrido","brand":"LA CHANCA ","img":"https://sgfm.elcorteingles.es/SGFM/00/19/0/0200120700190/0200120700190000g01011.jpg","price":"11,71 €","price_unit":"(78,07 € / Kilo)","categories":["Supermercado","Alimentación General","Conservas de pescado","Melva","LA CHANCA melva canutera en aceite de oliva tarro 150 g neto escurrido"],"general_information":[],"ingredients":[],"ean":"8436008374645"},{"full_name":"LA CHANCA filetes de melva de Almedraba en aceite de oliva lata 85 g neto escurrido","name":"filetes de melva de Almedraba en aceite de oliva lata 85 g neto escurrido","brand":"LA CHANCA ","img":"https://sgfm.elcorteingles.es/SGFM/00/21/6/0200120700216/0200120700216000g01011.jpg","price":"4,66 €","price_unit":"(54,82 € / Kilo)","categories":["Supermercado","Alimentación General","Conservas de pescado","Melva","LA CHANCA filetes de melva de Almedraba en aceite de oliva lata 85 g neto escurrido"],"general_information":[],"ingredients":[],"ean":"8436008374799"},{"full_name":"LA CHANCA filetes de melva de Almedraba en aceite de oliva lata 385 g neto escurrido","name":"filetes de melva de Almedraba en aceite de oliva lata 385 g neto escurrido","brand":"LA CHANCA ","img":"https://sgfm.elcorteingles.es/SGFM/00/20/8/0200120700208/0200120700208000g01011.jpg","price":"16,28 €","price_unit":"(42,29 € / Kilo)","categories":["Supermercado","Alimentación General","Conservas de pescado","Melva","LA CHANCA filetes de melva de Almedraba en aceite de oliva lata 385 g neto escurrido"],"general_information":[],"ingredients":[],"ean":"8436008374737"},{"full_name":"VELAZQUEZ LINEA NEGRA filetes de melva en aceite de oliva lata 330 g neto escurrido","name":"filetes de melva en aceite de oliva lata 330 g neto escurrido","brand":"VELAZQUEZ LINEA NEGRA ","img":"https://sgfm.elcorteingles.es/SGFM/dctm/MEDIA03/201608/04/00118020700292____2__600x600.jpg","price":"6,50 €","price_unit":"(19,70 € / Kilo)","categories":["Supermercado","Alimentación General","Conservas de pescado","Melva","VELAZQUEZ LINEA NEGRA filetes de melva en aceite de oliva lata 330 g neto escurrido"],"general_information":[],"ingredients":[],"ean":"8435008335601"},{"full_name":"EL CORTE INGLES chipirones rellenos en aceite de oliva lata 72 g neto escurrido","name":"chipirones rellenos en aceite de oliva lata 72 g neto escurrido","brand":"EL CORTE INGLES ","img":"https://sgfm.elcorteingles.es/SGFM/dctm/MEDIA03/201703/15/00118014600169____1__600x600.jpg","price":"4,40 €","price_unit":"(61,11 € / Kilo)","categories":["Supermercado","Alimentación General","Conservas de pescado","Chipirones","EL CORTE INGLES chipirones rellenos en aceite de oliva lata 72 g neto escurrido"],"general_information":["Denominación del alimento: CHIPIRONES RELLENOS EN ACEITE DE OLIVA (33,5%)","Nombre del operador: Elaborado para El Corte Inglés \npor\nFrinsa del Noroeste, S.A. \nAvda Ramiro Carregal Rey, Parc. 29 \nPol.Industrial de Xarás \n15969 Ribeira (A Coruña)\n España","Cantidad Neta: 111 g","Peso neto escurrido: 72 g"],"ingredients":[" Ingredientes: Chipirones (Loligo spp),  aceite de oliva (33,5%) y sal"],"conservation":" Conservar en lugar fresco y seco.","ean":"8433329059299"},{"full_name":"EL CORTE INGLES chipirones rellenos en su tinta lata 72 g neto escurrido","name":"chipirones rellenos en su tinta lata 72 g neto escurrido","brand":"EL CORTE INGLES ","img":"https://sgfm.elcorteingles.es/SGFM/dctm/MEDIA03/201703/15/00200114600224____1__600x600.jpg","price":"5,09 €","price_unit":"(70,69 € / Kilo)","categories":["Supermercado","Alimentación General","Conservas de pescado","Chipirones","EL CORTE INGLES chipirones rellenos en su tinta lata 72 g neto escurrido"],"general_information":["Denominación del alimento: CHIPIRONES RELLENOS EN TINTA","Nombre del operador: Elaborado para El Corte Inglés \npor\nFrinsa del Noroeste, S.A. \nAvda Ramiro Carregal Rey, Parc. 29 \nPol.Industrial de Xarás \n15969 Ribeira (A Coruña)\n España","Cantidad Neta: 111 g","Peso neto escurrido: 72 g"],"ingredients":[" Ingredientes: Chipirones (Loligo spp),  Tomate, Aceite de girasol, Cebolla, Sal, Tinta (0.3 %), y Especias"],"conservation":" Conservar en lugar fresco y seco.","ean":"8433329059305"},{"full_name":"ALBO chipirones rellenos en su tinta lata 72 g neto escurrido","name":"chipirones rellenos en su tinta lata 72 g neto escurrido","brand":"ALBO ","img":"https://sgfm.elcorteingles.es/SGFM/00/02/9/0118014600029/0118014600029000g01011.jpg","price":"5,25 €","price_unit":"(72,92 € / Kilo)","categories":["Supermercado","Alimentación General","Conservas de pescado","Chipirones","ALBO chipirones rellenos en su tinta lata 72 g neto escurrido"],"general_information":["Denominación del alimento: Chipirones rellenos en su tinta","Nombre del operador: HIJOS DE CARLOS ALBO S.L.","Dirección del operador: Rúa Jacinto Benavente, 41, 36208 Vigo, Pontevedra ESPAÑA","Cantidad Neta: 115 g","Peso neto escurrido: 0.072 Kilogramos"],"ingredients":[" Calamares, aceite de girasol, tomate, cebolla, tinta de cefalópodo, especias y sal."],"ean":"8410032004334"},{"full_name":"ALBO chipirones rellenos en aceite de oliva lata 72 g neto escurrido","name":"chipirones rellenos en aceite de oliva lata 72 g neto escurrido","brand":"ALBO ","img":"https://sgfm.elcorteingles.es/SGFM/00/10/2/0118014600102/0118014600102000g01011.jpg","price":"5,25 €","price_unit":"(72,92 € / Kilo)","categories":["Supermercado","Alimentación General","Conservas de pescado","Chipirones","ALBO chipirones rellenos en aceite de oliva lata 72 g neto escurrido"],"general_information":["Denominación del alimento: Chipirones rellenos  en oliva","Nombre del operador: HIJOS DE CARLOS ALBO S.L.","Dirección del operador: Rúa Jacinto Benavente, 41, 36208 Vigo, Pontevedra ESPAÑA","Cantidad Neta: 115 g","Peso neto escurrido: 0.072 Kilogramos"],"ingredients":[" Calamares, aceite de oliva y sal."],"ean":"8410032004327"},{"full_name":"ALBO chipirones rellenos en salsa americana lata 72 g neto escurrido","name":"chipirones rellenos en salsa americana lata 72 g neto escurrido","brand":"ALBO ","img":"https://sgfm.elcorteingles.es/SGFM/00/11/0/0118014600110/0118014600110000g01011.jpg","price":"5,25 €","price_unit":"(72,92 € / Kilo)","categories":["Supermercado","Alimentación General","Conservas de pescado","Chipirones","ALBO chipirones rellenos en salsa americana lata 72 g neto escurrido"],"general_information":["Denominación del alimento: Chipirones Rellenos Salsa Americana","Nombre del operador: HIJOS DE CARLOS ALBO S.L.","Dirección del operador: Rúa Jacinto Benavente, 41, 36208 Vigo, Pontevedra ESPAÑA","Cantidad Neta: 115 g","Peso neto escurrido: 0.072 Kilogramos"],"ingredients":[" Calamares, aceite de girasol, tomate, cebolla, vino blanco, almidón de patata, sal, azúcar, aroma natural, potenciador de sabor: glutamato de sodio."],"ean":"8410032004341"},{"full_name":"CUCA chipirones rellenos en su tinta lata 72 g neto escurrido","name":"chipirones rellenos en su tinta lata 72 g neto escurrido","brand":"CUCA ","img":"https://sgfm.elcorteingles.es/SGFM/dctm/MEDIA02/CONTENIDOS/201411/19/00118014600011____1__600x600.jpg","price":"3,71 €","price_unit":"(51,53 € / Kilo)","categories":["Supermercado","Alimentación General","Conservas de pescado","Chipirones","CUCA chipirones rellenos en su tinta lata 72 g neto escurrido"],"general_information":["Denominación del alimento: CHIPIRONES RELLENOS EN SU TINTA","Nombre del operador: CONSERVAS SELECTAS DE GALICIA SL","Dirección del operador: Virxe das Mareas s/n 36980 O Grove","Cantidad Neta: 115 g","Peso neto escurrido: 72 g"],"ingredients":[" Chipirones, aceite vegetal, cebolla, tomate, tinta, especias y sal."],"ean":"8410698059921"},{"full_name":"ESPINALER chipirones en aceite de oliva 6-8 piezas lata 72 g neto escurrido","name":"chipirones en aceite de oliva 6-8 piezas lata 72 g neto escurrido","brand":"ESPINALER ","img":"https://sgfm.elcorteingles.es/SGFM/dctm/MEDIA03/201702/23/00118014600094____1__600x600.jpg","price":"5,12 €","price_unit":"(71,11 € / Kilo)","categories":["Supermercado","Alimentación General","Conservas de pescado","Chipirones","ESPINALER chipirones en aceite de oliva 6-8 piezas lata 72 g neto escurrido"],"general_information":["Denominación del alimento: Chipirones en aceite de oliva","Nombre del operador: Espinaler, S.L.","Dirección del operador: Pol. Ind. Els Garrofers -Av. Progrés, 47 - 08340 Vilassar de Mar (Barcelona)","Cantidad Neta: 115 g","Peso neto escurrido: 75 g"],"ingredients":[" Chipirones, aceite de oliva y sal."],"conservation":" Conservar en lugar fresco y seco. Una vez abierto conservar refrigerado un máximo de 24 horas.","ean":"8427230270010"},{"full_name":"EL CORTE INGLES tacos de potas en salsa gallega lata 67 g neto escurrido","name":"tacos de potas en salsa gallega lata 67 g neto escurrido","brand":"EL CORTE INGLES ","img":"https://sgfm.elcorteingles.es/SGFM/dctm/MEDIA03/201702/13/00118018900334____1__600x600.jpg","price":"1,07 €","price_unit":"(15,97 € / Kilo)","categories":["Supermercado","Alimentación General","Conservas de pescado","Calamares","EL CORTE INGLES tacos de potas en salsa gallega lata 67 g neto escurrido"],"general_information":["Denominación del alimento: TACOS DE POTAS EN SALSA GALLEGA","Nombre del operador: Elaborado para El Corte Inglés \npor\nFrinsa del Noroeste, S.A. \nAvda Ramiro Carregal Rey, Parc. 29 \nPol.Industrial de Xarás \n15969 Ribeira (A Coruña)\n España","Cantidad Neta: 111 g","Peso neto escurrido: 67 g"],"ingredients":[" Ingredientes: Potas (Dosidicus spp), aceite de girasol, sal, especias, cebolla, vinagre de vino y ajo"],"conservation":" Conservar en lugar fresco y seco.","ean":"8433329070782"},{"full_name":"EL CORTE INGLES tacos de potas al ajillo en aceite de girasol lata 67 g neto escurrido","name":"tacos de potas al ajillo en aceite de girasol lata 67 g neto escurrido","brand":"EL CORTE INGLES ","img":"https://sgfm.elcorteingles.es/SGFM/dctm/MEDIA03/201702/27/00118018900342____5__600x600.jpg","price":"1,05 €","price_unit":"(15,67 € / Kilo)","categories":["Supermercado","Alimentación General","Conservas de pescado","Calamares","EL CORTE INGLES tacos de potas al ajillo en aceite de girasol lata 67 g neto escurrido"],"general_information":["Denominación del alimento: TACOS DE POTAS AL AJILLO EN ACEITE DE GIRASOL","Nombre del operador: Elaborado para El Corte Inglés \npor\nFrinsa del Noroeste, S.A. \nAvda Ramiro Carregal Rey, Parc. 29 \nPol.Industrial de Xarás \n15969 Ribeira (A Coruña)\n España","Cantidad Neta: 111 g","Peso neto escurrido: 67 g"],"ingredients":[" Ingredientes: Potas (Dosidicus spp), aceite de girasol, aroma de ajo (1,9 %) y sal"],"conservation":" Conservar en lugar fresco y seco.","ean":"8433329070775"},{"full_name":"EL CORTE INGLES tacos de potas en aceite de girasol lata 67 g neto escurrido","name":"tacos de potas en aceite de girasol lata 67 g neto escurrido","brand":"EL CORTE INGLES ","img":"https://sgfm.elcorteingles.es/SGFM/dctm/MEDIA03/201702/27/00118018900391____1__600x600.jpg","price":"1,05 €","price_unit":"(15,67 € / Kilo)","categories":["Supermercado","Alimentación General","Conservas de pescado","Calamares","EL CORTE INGLES tacos de potas en aceite de girasol lata 67 g neto escurrido"],"general_information":["Denominación del alimento: TACOS DE POTAS EN ACEITE DE GIRASOL","Nombre del operador: Elaborado para El Corte Inglés \npor\nFrinsa del Noroeste, S.A. \nAvda Ramiro Carregal Rey, Parc. 29 \nPol.Industrial de Xarás \n15969 Ribeira (A Coruña)\n España","Cantidad Neta: 111 g","Peso neto escurrido: 67 g"],"ingredients":[" Ingredientes: Potas (Dosidicus spp), aceite de girasol y sal."],"conservation":" Conservar en lugar fresco y seco.","ean":"8433329070768"},{"full_name":"ALBO calamares en salsa americana pack 3 lata 50 g neto escurrido","name":"calamares en salsa americana pack 3 lata 50 g neto escurrido","brand":"ALBO ","img":"https://sgfm.elcorteingles.es/SGFM/00/18/5/0118018900185/0118018900185000g01011.jpg","price":"5,34 €","price_unit":"(106,80 € / Kilo)","categories":["Supermercado","Alimentación General","Conservas de pescado","Calamares","ALBO calamares en salsa americana pack 3 lata 50 g neto escurrido"],"general_information":["Denominación del alimento: Calamares Trozos en Salsa Americana","Nombre del operador: HIJOS DE CARLOS ALBO S.L.","Dirección del operador: Rúa Jacinto Benavente, 41, 36208 Vigo, Pontevedra ESPAÑA","Cantidad Neta: 195 g","Peso neto escurrido: 0.15 Kilogramos"],"ingredients":[" Calamares, aceite de girasol, tomate, cebolla, vino blanco, almidón de patata, sal, azúcar, aroma natural, potenciador de sabor: glutamato de sodio."],"ean":"8410032004532"},{"full_name":"ALBO calamares en su tinta pack 3 lata 50 g neto escurrido","name":"calamares en su tinta pack 3 lata 50 g neto escurrido","brand":"ALBO ","img":"https://sgfm.elcorteingles.es/SGFM/00/19/3/0118018900193/0118018900193000g01011.jpg","price":"5,49 €","price_unit":"(109,80 € / Kilo)","categories":["Supermercado","Alimentación General","Conservas de pescado","Calamares","ALBO calamares en su tinta pack 3 lata 50 g neto escurrido"],"general_information":["Denominación del alimento: Calamares Trozos en su Tinta","Nombre del operador: HIJOS DE CARLOS ALBO S.L.","Dirección del operador: Rúa Jacinto Benavente, 41, 36208 Vigo, Pontevedra ESPAÑA","Cantidad Neta: 195 g","Peso neto escurrido: 0.15 Kilogramos"],"ingredients":[" Calamares, aceite de girasol, tomate , cebolla, especias, tinta de cefalópodo y sal."],"ean":"8410032004464"},{"full_name":"ALBO calamares en salsa americana lata 72 g neto escurrido","name":"calamares en salsa americana lata 72 g neto escurrido","brand":"ALBO ","img":"https://sgfm.elcorteingles.es/SGFM/00/03/7/0118018900037/0118018900037000g01011.jpg","price":"2,35 €","price_unit":"(32,64 € / Kilo)","categories":["Supermercado","Alimentación General","Conservas de pescado","Calamares","ALBO calamares en salsa americana lata 72 g neto escurrido"],"general_information":["Denominación del alimento: Calamares trozos en salsa americana","Nombre del operador: HIJOS DE CARLOS ALBO S.L.","Dirección del operador: Rúa Jacinto Benavente, 41, 36208 Vigo, Pontevedra ESPAÑA","Cantidad Neta: 112 g","Peso neto escurrido: 0.072 Kilogramos"],"ingredients":[" Calamares, aceite de girasol, tomate, cebolla, vino blanco, almidón de patata, sal, azúcar, aroma natural, potenciador de sabor: glutamato de sodio."],"ean":"8410032004488"},{"full_name":"ALBO calamares troceados en su tinta lata 72 g neto escurrido","name":"calamares troceados en su tinta lata 72 g neto escurrido","brand":"ALBO ","img":"https://sgfm.elcorteingles.es/SGFM/00/02/9/0118018900029/0118018900029000g01011.jpg","price":"2,35 €","price_unit":"(32,64 € / Kilo)","categories":["Supermercado","Alimentación General","Conservas de pescado","Calamares","ALBO calamares troceados en su tinta lata 72 g neto escurrido"],"general_information":["Denominación del alimento: Calamares trozos en su tinta","Nombre del operador: HIJOS DE CARLOS ALBO S.L.","Dirección del operador: Rúa Jacinto Benavente, 41, 36208 Vigo, Pontevedra ESPAÑA","Cantidad Neta: 112 g","Peso neto escurrido: 0.072 Kilogramos"],"ingredients":[" Calamares, aceite de girasol, tomate, cebolla, especias, tinta de cefalópodo,y sal."],"ean":"8410032004440"},{"full_name":"CUCA calamares troceados en su tinta lata 72 g neto escurrido","name":"calamares troceados en su tinta lata 72 g neto escurrido","brand":"CUCA ","img":"https://sgfm.elcorteingles.es/SGFM/dctm/MEDIA03/201610/25/00118018900011____1__600x600.jpg","price":"2,31 €","price_unit":"(32,08 € / Kilo)","categories":["Supermercado","Alimentación General","Conservas de pescado","Calamares","CUCA calamares troceados en su tinta lata 72 g neto escurrido"],"general_information":["Denominación del alimento: CALAMARES-TROZOS EN SU TINTA","Nombre del operador: CONSERVAS SELECTAS DE GALICIA SL","Dirección del operador: Virxe das Mareas s/n 36980 O Grove","Cantidad Neta: 115 g","Peso neto escurrido: 72 g"],"ingredients":[" Calamares, aceite de girasol, cebolla, tomate, tinta, especias y sal."],"ean":"8410698061559"},{"full_name":"CABO DE PEÑAS calamares en salsa americana ecológica lata 65 g neto escurrido","name":"calamares en salsa americana ecológica lata 65 g neto escurrido","brand":"CABO DE PEÑAS ","img":"https://sgfm.elcorteingles.es/SGFM/00/23/5/0118018900235/0118018900235000g01011.jpg","price":"1,21 €","price_unit":"(18,62 € / Kilo)","categories":["Supermercado","Alimentación General","Conservas de pescado","Calamares","CABO DE PEÑAS calamares en salsa americana ecológica lata 65 g neto escurrido"],"general_information":["Denominación del alimento: Mejillones en escabeche 20/30 Bipack RO-120 X 2 Ibericas","Nombre del operador: ORBE, S.A.","Dirección del operador: Tomás A. Alonso, 106  36208 VIGO, Pontevedra","Cantidad Neta: 222 g","Peso neto escurrido: 138 g"],"ingredients":[" Mejillones, aceite de girasol, vinagre, especias y sal"],"conservation":" Conservar en lugar fresco y seco","ean":"8411555160408"},{"full_name":"DANI calamares en salsa americana pack 3 latas 49 g neto escurrido","name":"calamares en salsa americana pack 3 latas 49 g neto escurrido","brand":"DANI ","img":"https://sgfm.elcorteingles.es/SGFM/00/24/3/0118018900243/0118018900243000g01011.jpg","price":"1,79 €","price_unit":"(36,53 € / Kilo)","categories":["Supermercado","Alimentación General","Conservas de pescado","Calamares","DANI calamares en salsa americana pack 3 latas 49 g neto escurrido"],"general_information":["Denominación del alimento: Potón del Pacífico en salsa americana","Nombre del operador: Conservas Dani S.A.U.","Dirección del operador: Pol. Ind. \"Els Garrofers\" · Parc 32-35-37, Vilassar de Mar (Barcelona)","Cantidad Neta: 234,0 g"],"ingredients":[" Potón del Pacífico, tomate, aceite de girasol, cebolla, vino blanco, azúcar, especias y sal"],"conservation":" Una vez abierto mantener en refrigeración y consumir inmediatamente","ean":"8410721094028"},{"full_name":"DANI tacos de calamar al ajillo (estilo pulpo) lata 75 g","name":"tacos de calamar al ajillo (estilo pulpo) lata 75 g","brand":"DANI ","img":"https://sgfm.elcorteingles.es/SGFM/00/12/8/0118018900128/0118018900128000g01011.jpg","price":"1,66 €","price_unit":"(22,13 € / Kilo)","categories":["Supermercado","Alimentación General","Conservas de pescado","Calamares","DANI tacos de calamar al ajillo (estilo pulpo) lata 75 g"],"general_information":["Denominación del alimento: Tacos al ajillo","Nombre del operador: Conservas Dani S.A.U.","Dirección del operador: Pol. Ind. \"Els Garrofers\" · Parc 32-35-37, Vilassar de Mar (Barcelona)","Cantidad Neta: 111,0 g"],"ingredients":[" Potón del pacífico, aceite de girasol, ajo y sal"],"conservation":" Una vez abierto mantener en refrigeración y consumir inmediatamente","ean":"8410721097838"},{"full_name":"DANI tacos de calamar en aceite de girasol (estilo pulpo) lata 75 g","name":"tacos de calamar en aceite de girasol (estilo pulpo) lata 75 g","brand":"DANI ","img":"https://sgfm.elcorteingles.es/SGFM/00/10/2/0118018900102/0118018900102000g01011.jpg","price":"1,66 €","price_unit":"(22,13 € / Kilo)","categories":["Supermercado","Alimentación General","Conservas de pescado","Calamares","DANI tacos de calamar en aceite de girasol (estilo pulpo) lata 75 g"],"general_information":["Denominación del alimento: Tacos de potón del pacífico en aceite de girasol","Nombre del operador: Conservas Dani S.A.U.","Dirección del operador: Pol. Ind. \"Els Garrofers\" · Parc 32-35-37, Vilassar de Mar (Barcelona)","Cantidad Neta: 120,0 g"],"ingredients":[" Potón del Pacífico, aceite de girasol y sal"],"conservation":" Una vez abierto mantener en refrigeración y consumir inmediatamente","ean":"8410721097814"},{"full_name":"DANI tacos de calamar en salsa gallega (estilo pulpo) lata 75 g","name":"tacos de calamar en salsa gallega (estilo pulpo) lata 75 g","brand":"DANI ","img":"https://sgfm.elcorteingles.es/SGFM/00/11/0/0118018900110/0118018900110000g01011.jpg","price":"1,66 €","price_unit":"(22,13 € / Kilo)","categories":["Supermercado","Alimentación General","Conservas de pescado","Calamares","DANI tacos de calamar en salsa gallega (estilo pulpo) lata 75 g"],"general_information":["Denominación del alimento: Tacos de potón del pacífico en salsa Gallega","Nombre del operador: Conservas Dani S.A.U.","Dirección del operador: Pol. Ind. \"Els Garrofers\" · Parc 32-35-37, Vilassar de Mar (Barcelona)","Cantidad Neta: 120,0 g"],"ingredients":[" Potón del Pacífico, aceite de girasol, especias y sal"],"conservation":" Una vez abierto mantener en refrigeración y consumir inmediatamente","ean":"8410721097821"},{"full_name":"LO BUENO calamares en su tinta elaborado a mano lata 77 g neto escurrido","name":"calamares en su tinta elaborado a mano lata 77 g neto escurrido","brand":"LO BUENO ","img":"https://sgfm.elcorteingles.es/SGFM/dctm/MEDIA02/CONTENIDOS/201410/14/00118018900250____1__600x600.jpg","price":"3,56 €","price_unit":"(46,23 € / Kilo)","categories":["Supermercado","Alimentación General","Conservas de pescado","Calamares","LO BUENO calamares en su tinta elaborado a mano lata 77 g neto escurrido"],"general_information":["Denominación del alimento: Calamares en su tinta","Nombre del operador: Luis Escuris Batalla S.L.","Dirección del operador: Polígono de la Tomada, parcela 37. 15940 - Pobra do Caramiñal (A Coruña) ? España","Cantidad Neta: 120 g","Peso neto escurrido: 80 g"],"ingredients":[" Choco (Sepia) (Sepia officinalis, tomate, aceite de oliva, cebolla, sal, vino blanco, especias."],"conservation":" Se recomienda almacenar en lugar fresco y seco (no frigorífico).","ean":"8428607756007"},{"full_name":"CONSORCIO calamares en su tinta pack 3 lata 50 g neto escurrido","name":"calamares en su tinta pack 3 lata 50 g neto escurrido","brand":"CONSORCIO ","img":"https://sgfm.elcorteingles.es/SGFM/dctm/MEDIA02/CONTENIDOS/201601/15/00200118900281____1__600x600.jpg","price":"4,39 €            ","price_unit":"(24,67 € / Kilo)","categories":["Supermercado","Alimentación General","Conservas de pescado","Calamares","CONSORCIO calamares en su tinta pack 3 lata 50 g neto escurrido"],"general_information":["Denominación del alimento: Calamares en su tinta","País de origen: España","Nombre del operador: CONSORCIO ESPAÑOL CONSERVERO S.A","Dirección del operador: C/Eguilior, 1- 39740 Santoña","Cantidad Neta: 270 g"],"ingredients":[" Calamares 44%, agua, tomate concentrado, aceite de oliva, cebolla, tinta de sepia 1%, sal, vino blanco, clavo, comino y pimienta"],"conservation":" No requiere condiciones de conservación especiales","ean":"8410628459463"},{"full_name":"CONSORCIO calamares en su tinta lata 72 g neto escurrido","name":"calamares en su tinta lata 72 g neto escurrido","brand":"CONSORCIO ","img":"https://sgfm.elcorteingles.es/SGFM/dctm/MEDIA02/CONTENIDOS/201601/15/00200118900307____1__600x600.jpg","price":"1,71 €","price_unit":"(23,75 € / Kilo)","categories":["Supermercado","Alimentación General","Conservas de pescado","Calamares","CONSORCIO calamares en su tinta lata 72 g neto escurrido"],"general_information":["Denominación del alimento: Calamares en su tinta","País de origen: España","Nombre del operador: CONSORCIO ESPAÑOL CONSERVERO S.A","Dirección del operador: C/Eguilior, 1- 39740 Santoña","Cantidad Neta: 110 g"],"ingredients":[" Calamares 45%, agua, tomate concentrado, aceite de oliva, cebolla, tinta de sepia 1%, sal, vino blanco, clavo, comino y pimienta"],"conservation":" No requiere condiciones de conservación especiales","ean":"8410628459470"},{"full_name":"CONSORCIO calamares en salsa americana pack 3 lata 50 g neto escurrido","name":"calamares en salsa americana pack 3 lata 50 g neto escurrido","brand":"CONSORCIO ","img":"https://sgfm.elcorteingles.es/SGFM/dctm/MEDIA02/CONTENIDOS/201601/15/00200118900299____1__600x600.jpg","price":"4,39 €            ","price_unit":"(24,67 € / Kilo)","categories":["Supermercado","Alimentación General","Conservas de pescado","Calamares","CONSORCIO calamares en salsa americana pack 3 lata 50 g neto escurrido"],"general_information":["Denominación del alimento: Calamares en Salsa Americana","País de origen: España","Nombre del operador: CONSORCIO ESPAÑOL CONSERVERO S.A","Dirección del operador: C/Eguilior, 1- 39740 Santoña","Cantidad Neta: 270 g"],"ingredients":[" Calamares 44%,  agua, tomate concentrado (tomate acidulante E-330), aceite de oliva, cebolla, sal, vino blanco, mezcla de especias (pimentón picante, clavo, comino y pimienta)"],"conservation":" No requiere condiciones de conservación especiales","ean":"8410628459456"},{"full_name":"EL CORTE INGLES almejas chilenas al natural lata 63 g neto escurrido","name":"almejas chilenas al natural lata 63 g neto escurrido","brand":"EL CORTE INGLES ","img":"https://sgfm.elcorteingles.es/SGFM/dctm/MEDIA03/201710/26/00118008500417____1__600x600.jpg","price":"1,33 €            ","price_unit":"(20,63 € / Kilo)","categories":["Supermercado","Alimentación General","Conservas de pescado","Almejas","EL CORTE INGLES almejas chilenas al natural lata 63 g neto escurrido"],"general_information":[],"ingredients":[],"ean":"8433329082020"},{"full_name":"NOLY almejas chilenas lata 63 g neto escurrido","name":"almejas chilenas lata 63 g neto escurrido","brand":"NOLY ","img":"https://sgfm.elcorteingles.es/SGFM/00/08/6/0118008500086/0118008500086000g01011.jpg","price":"1,70 €","price_unit":"(26,98 € / Kilo)","categories":["Supermercado","Alimentación General","Conservas de pescado","Almejas","NOLY almejas chilenas lata 63 g neto escurrido"],"general_information":["Denominación del alimento: Almejas","País de origen: Chile","Nombre del operador: Conservas Noly, S.A.","Dirección del operador: Pol. Ind. La Estrella  C/ Júpiter s/n  30500 Molina de Segura - Murcia","Cantidad Neta: 111 g","Peso neto escurrido: 63 g","Otras menciones obligatorias en la etiqueta: Tamaño grande, mediano o pequeño, según caso."],"ingredients":[" Almejas chilenas, agua y sal."],"conservation":" Consérvese en lugar fresco y seco. Una vez abierto se recomienda mantener refrigerado consumir antes de 2 días.","ean":"8413548070022"},{"full_name":"CUCA almejas al natural coreanas lata 65 g neto escurrido 11-15 piezas","name":"almejas al natural coreanas lata 65 g neto escurrido","brand":"CUCA ","img":"https://sgfm.elcorteingles.es/SGFM/00/02/9/0118008500029/0118008500029000g01011.jpg","price":"7,50 €","price_unit":"(115,38 € / Kilo)","categories":["Supermercado","Alimentación General","Conservas de pescado","Almejas","CUCA almejas al natural coreanas lata 65 g neto escurrido 11-15 piezas"],"general_information":["Denominación del alimento: ALMEJAS AL NATURAL","País de origen: Corea del Sur","Nombre del operador: CONSERVAS SELECTAS DE GALICIA SL","Dirección del operador: Virxe das Mareas s/n 36980 O Grove","Cantidad Neta: 120 g","Peso neto escurrido: 65 g"],"ingredients":[" Almejas, agua y sal."],"ean":"8410698001500"},{"full_name":"CUCA almejas al natural coreanas lata 65 g neto escurrido 16-22 piezas","name":"almejas al natural coreanas lata 65 g neto escurrido","brand":"CUCA ","img":"https://sgfm.elcorteingles.es/SGFM/00/01/1/0118008500011/0118008500011000g01011.jpg","price":"6,49 €","price_unit":"(99,85 € / Kilo)","categories":["Supermercado","Alimentación General","Conservas de pescado","Almejas","CUCA almejas al natural coreanas lata 65 g neto escurrido 16-22 piezas"],"general_information":["Denominación del alimento: ALMEJAS AL NATURAL","País de origen: Corea del Sur","Nombre del operador: CONSERVAS SELECTAS DE GALICIA SL","Dirección del operador: Virxe das Mareas s/n 36980 O Grove","Cantidad Neta: 120 g","Peso neto escurrido: 65 g"],"ingredients":[" Almejas, agua y sal."],"ean":"8410698001517"},{"full_name":"PATRON almejas  al natural 12-14 piezas grandes lata 63 g neto escurrido","name":"almejas  al natural 12-14 piezas grandes lata 63 g neto escurrido","brand":"PATRON ","img":"https://sgfm.elcorteingles.es/SGFM/dctm/MEDIA03/201701/16/00118008500334____1__600x600.jpg","price":"7,15 €            ","price_unit":"(108,73 € / Kilo)","categories":["Supermercado","Alimentación General","Conservas de pescado","Almejas","PATRON almejas  al natural 12-14 piezas grandes lata 63 g neto escurrido"],"general_information":["Denominación del alimento: Almeja Japónica","País de origen: Corea del Sur","Nombre del operador: Patrón Conservas, S.L.U","Dirección del operador: C/ Celeste 22 - 28043 Madrid - España","Cantidad Neta: 111 g","Peso neto escurrido: 63 g","Porcentaje de alcohol: 0.00%","Otras menciones obligatorias en la etiqueta: No lleva colorantes ni conservantes. Producto esterilizado."],"ingredients":[" Almejas (Ruditapes Philippinarum), agua, cebolla, sal, <0,07% ácido cítrico (E330) y <0,02% antioxidante (E385 y E300)"],"conservation":" Conservar en lugar fresco y seco. Una vez abierto, preferiblemente consumir en su totalidad.","ean":"8710557017223"},{"full_name":"DANI almejas blancas al natural lata 63 g neto escurrido","name":"almejas blancas al natural lata 63 g neto escurrido","brand":"DANI ","img":"https://sgfm.elcorteingles.es/SGFM/dctm/MEDIA02/CONTENIDOS/201509/14/00200108500356____1__600x600.jpg","price":"2,42 €","price_unit":"(38,41 € / Kilo)","categories":["Supermercado","Alimentación General","Conservas de pescado","Almejas","DANI almejas blancas al natural lata 63 g neto escurrido"],"general_information":["Denominación del alimento: Almejas blancas al natural","Nombre del operador: Conservas Dani S.A.U.","Dirección del operador: Pol. Ind. \"Els Garrofers\" · Parc 32-35-37 08340  Vilassar de Mar (Barcelona)","Cantidad Neta: 63 g"],"ingredients":[" Almejas, agua y sal."],"conservation":" Una vez abierto mantener en refrigeración y consumir antes de 24 horas.","ean":"8410721113040"},{"full_name":"ALBO almejas al natural 11-15 piezas lata 65 g neto escurrido","name":"almejas al natural 11-15 piezas lata 65 g neto escurrido","brand":"ALBO ","img":"https://sgfm.elcorteingles.es/SGFM/dctm/MEDIA03/201712/07/00118008500441____1__600x600.jpg","price":"7,80 €","price_unit":"(120 € / Kilo)","categories":["Supermercado","Alimentación General","Conservas de pescado","Almejas","ALBO almejas al natural 11-15 piezas lata 65 g neto escurrido"],"general_information":[],"ingredients":[],"ean":"8410032004099"},{"full_name":"DANI almejas rosadas machas al natural lata 63 g","name":"almejas rosadas machas al natural lata 63 g","brand":"DANI ","img":"https://sgfm.elcorteingles.es/SGFM/dctm/MEDIA02/CONTENIDOS/201412/10/00118008500193____1__600x600.jpg","price":"2,55 €","price_unit":"(40,48 € / Kilo)","categories":["Supermercado","Alimentación General","Conservas de pescado","Almejas","DANI almejas rosadas machas al natural lata 63 g"],"general_information":["Denominación del alimento: Machas al natural","Nombre del operador: Conservas Dani S.A.U.","Dirección del operador: Pol. Ind. \"Els Garrofers\" · Parc 32-35-37, Vilassar de Mar (Barcelona)","Cantidad Neta: 111,0 g"],"ingredients":[" Machas, agua y sal"],"conservation":" Una vez abierto mantener en refrigeración y consumir inmediatamente","ean":"8410721095735"},{"full_name":"DANI almejas al natural bote 111 g","name":"almejas al natural bote 111 g","brand":"DANI ","img":"https://sgfm.elcorteingles.es/SGFM/dctm/MEDIA03/201612/13/00118008500391____1__600x600.jpg","price":"2,11 €","price_unit":"(23,44 € / Kilo)","categories":["Supermercado","Alimentación General","Conservas de pescado","Almejas","DANI almejas al natural bote 111 g"],"general_information":["Denominación del alimento: Almejas blancas al natural","Nombre del operador: Conservas Dani S.A.U.","Dirección del operador: Pol. Ind. \"Els Garrofers\" · Parc 32-35-37, Vilassar de Mar (Barcelona)","Cantidad Neta: 90 g"],"ingredients":[" Almejas blancas, agua y sal"],"conservation":" Una vez abierto mantener en refrigeración y consumir antes de 24h","ean":"8410721114252"},{"full_name":"DANI almejas blancas al natural en concha bote 111 g neto escurrido","name":"almejas blancas al natural en concha bote 111 g neto escurrido","brand":"DANI ","img":"https://sgfm.elcorteingles.es/SGFM/dctm/MEDIA03/201612/13/00118008500409____1__600x600.jpg","price":"1,64 €","price_unit":"(11,71 € / Kilo)","categories":["Supermercado","Alimentación General","Conservas de pescado","Almejas","DANI almejas blancas al natural en concha bote 111 g neto escurrido"],"general_information":["Denominación del alimento: Almejas blancas al natural con concha","Nombre del operador: Conservas Dani, S.A.U.","Dirección del operador: Pol. Ind. \"Els Garrofers\" parc 32-35-37. 08340 Vilassar de Mar (Barcelona)","Cantidad Neta: 270 g","Peso neto escurrido: 140 g"],"ingredients":[" Almeja blanca con concha, agua y sal."],"conservation":" Mantener en lugar fresco y seco. Una vez abierto conservar en refrigeración y consumir antes de 24 horas.","ean":"8410721114849"},{"full_name":"PORTOMAR almejas japónicas grandes 10-15 piezas lata 63 g neto escurrido","name":"almejas japónicas grandes 10-15 piezas lata 63 g neto escurrido","brand":"PORTOMAR ","img":"https://sgfm.elcorteingles.es/SGFM/dctm/MEDIA03/201710/31/00118008500425____1__600x600.jpg","price":"6,90 €","price_unit":"(109,52 € / Kilo)","categories":["Supermercado","Alimentación General","Conservas de pescado","Almejas","PORTOMAR almejas japónicas grandes 10-15 piezas lata 63 g neto escurrido"],"general_information":[],"ingredients":[],"ean":"8436035153947"},{"full_name":"PORTOMAR SERIE NAUTICA almejas japónicas medianas 16-21 piezas lata 63 g neto escurrido","name":"almejas japónicas medianas 16-21 piezas lata 63 g neto escurrido","brand":"PORTOMAR SERIE NAUTICA ","img":"https://sgfm.elcorteingles.es/SGFM/dctm/MEDIA03/201710/31/00118008500433____1__600x600.jpg","price":"6,25 €            ","price_unit":"(95,08 € / Kilo)","categories":["Supermercado","Alimentación General","Conservas de pescado","Almejas","PORTOMAR SERIE NAUTICA almejas japónicas medianas 16-21 piezas lata 63 g neto escurrido"],"general_information":[],"ingredients":[],"ean":"8436035153954"},{"full_name":"BOGAR almejas al natural lata 63 g neto escurrido 20-30 piezas","name":"almejas al natural lata 63 g neto escurrido","brand":"BOGAR ","img":"https://sgfm.elcorteingles.es/SGFM/00/10/2/0118008500102/0118008500102000g01011.jpg","price":"3,07 €","price_unit":"(48,73 € / Kilo)","categories":["Supermercado","Alimentación General","Conservas de pescado","Almejas","BOGAR almejas al natural lata 63 g neto escurrido 20-30 piezas"],"general_information":["Denominación del alimento: Almejas al natural","Nombre del operador: Conservas de Cambados, S.L.","Dirección del operador: Lg de Porto, 36636 Barrantes - Ribadumia, Pontevedra.","Cantidad Neta: 111 g","Peso neto escurrido: 63 g"],"ingredients":[" Almejas (56.76%), agua (41.18%), sal (2.06%)."],"conservation":" Conservar a temperatura ambiente. Una vez abierto conservar en frigorífico y consumir antes de 2 días.","ean":"8413615201427"},{"full_name":"PATRON almejas al natural coreanas 15-21 piezas lata 63 g neto escurrido","name":"almejas al natural coreanas 15-21 piezas lata 63 g neto escurrido","brand":"PATRON ","img":"https://sgfm.elcorteingles.es/SGFM/dctm/MEDIA03/201704/06/00200108500364____1__600x600.jpg","price":"6,49 €","price_unit":"(103,02 € / Kilo)","categories":["Supermercado","Alimentación General","Conservas de pescado","Almejas","PATRON almejas al natural coreanas 15-21 piezas lata 63 g neto escurrido"],"general_information":["Denominación del alimento: Almeja Japónica","País de origen: Corea del Sur","Nombre del operador: Patrón Conservas, S.L.U.","Dirección del operador: C/ Celeste, 22","Cantidad Neta: 111 g","Peso neto escurrido: 63 g","Porcentaje de alcohol: 0.00%"],"ingredients":[" Almejas (Ruditapes Philippinarum), agua, cebolla, sal, <0,07% ácido cítrico (E330) y <0,02% antioxidante (E385 y E300)"],"conservation":" Conservar en lugar fresco y seco. Una vez abierto consumir preferiblemente en su totalidad","ean":"8710557017209"},{"full_name":"EL CORTE INGLES navajas chilenas al natural lata 63 g neto escurrido","name":"navajas chilenas al natural lata 63 g neto escurrido","brand":"EL CORTE INGLES ","img":"https://sgfm.elcorteingles.es/SGFM/dctm/MEDIA03/201710/26/00118009000326____1__600x600.jpg","price":"2,04 €            ","price_unit":"(31,75 € / Kilo)","categories":["Supermercado","Alimentación General","Conservas de pescado","Navajas","EL CORTE INGLES navajas chilenas al natural lata 63 g neto escurrido"],"general_information":[],"ingredients":[],"ean":"8433329082044"},{"full_name":"EL CORTE INGLES navajas al natural de las rías gallegas 6-8 piezas lata 63 g neto escurrido","name":"navajas al natural de las rías gallegas 6-8 piezas lata 63 g neto escurrido","brand":"EL CORTE INGLES ","img":"https://sgfm.elcorteingles.es/SGFM/dctm/MEDIA03/201609/16/00118009000185____1__600x600.jpg","price":"5,48 €","price_unit":"(86,98 € / Kilo)","categories":["Supermercado","Alimentación General","Conservas de pescado","Navajas","EL CORTE INGLES navajas al natural de las rías gallegas 6-8 piezas lata 63 g neto escurrido"],"general_information":["Denominación del alimento: Navajas al natural","Nombre del operador: Elaborado para El Corte Inglés por Conservas Portomar, S.L. Polígono Industrial do Pousadoiro parcelas 2 y 3. 36617 Vilagarcia de Arousa. Pontevedra - España","Cantidad Neta: 111 g","Peso neto escurrido: 63 g"],"ingredients":[" Ingredientes: Navajas (Ensis spp.), agua y sal."],"conservation":" Conservar en lugar fresco y seco. Una vez abierto mantener en refrigeración máximo 24  horas.","ean":"8433329062497"},{"full_name":"CUCA navajas al natural Corea 4-8 piezas lata 65 g","name":"navajas al natural Corea 4-8 piezas lata 65 g","brand":"CUCA ","img":"https://sgfm.elcorteingles.es/SGFM/00/25/0/0118009000250/0118009000250000g01011.jpg","price":"4,13 €","price_unit":"(63,54 € / Kilo)","categories":["Supermercado","Alimentación General","Conservas de pescado","Navajas","CUCA navajas al natural Corea 4-8 piezas lata 65 g"],"general_information":["Denominación del alimento: NAVAJAS AL NATURAL.","País de origen: Chile","Nombre del operador: CONSERVAS SELECTAS DE GALICIA SL","Dirección del operador: Virxe das Mareas s/n 36980 O Grove","Cantidad Neta: 120 g","Peso neto escurrido: 65 g"],"ingredients":[" Navajas, agua y sal."],"ean":"8410698031903"},{"full_name":"NOLY navajas Chile 6-8 piezas lata 62 g neto escurrido","name":"navajas Chile 6-8 piezas lata 62 g neto escurrido","brand":"NOLY ","img":"https://sgfm.elcorteingles.es/SGFM/00/04/5/0118009000045/0118009000045000g01011.jpg","price":"4,54 €","price_unit":"(73,23 € / Kilo)","categories":["Supermercado","Alimentación General","Conservas de pescado","Navajas","NOLY navajas Chile 6-8 piezas lata 62 g neto escurrido"],"general_information":["Denominación del alimento: Navajas","País de origen: Chile","Nombre del operador: Conservas Noly, S.A.","Dirección del operador: Pol. Ind. La Estrella  C/ Júpiter s/n  30500 Molina de Segura - Murcia","Cantidad Neta: 112 g","Peso neto escurrido: 63 g"],"ingredients":[" Navajas, agua y sal."],"conservation":" Consérvese en lugar fresco y seco. Una vez abierto se recomienda mantener refrigerado consumir antes de 2 días.","ean":"8413548110018"},{"full_name":"ESCURIS navajas al natural 6-8 piezas lata 65 g neto escurrido","name":"navajas al natural 6-8 piezas lata 65 g neto escurrido","brand":"ESCURIS ","img":"https://sgfm.elcorteingles.es/SGFM/dctm/MEDIA03/201709/07/00118009000144____1__600x600.jpg","price":"5,97 €","price_unit":"(91,85 € / Kilo)","categories":["Supermercado","Alimentación General","Conservas de pescado","Navajas","ESCURIS navajas al natural 6-8 piezas lata 65 g neto escurrido"],"general_information":["Denominación del alimento: NAVAJAS","Nombre del operador: ESCURIS, S.L.","Dirección del operador: C/ Bayuca, s/n 15940 Puebla del Caramiñal ( A Coruña) España","Cantidad Neta: 110 g","Peso neto escurrido: 65 g"],"ingredients":[" Navajas (Ensis macha), agua, sal y antioxidantes (ácido cítrico y E-385)"],"ean":"8410124807492"},{"full_name":"EL NAVEGANTE navajas al natural lata 63 g neto escurrido","name":"navajas al natural lata 63 g neto escurrido","brand":"EL NAVEGANTE ","img":"https://sgfm.elcorteingles.es/SGFM/00/26/8/0118009000268/0118009000268000g01011.jpg","price":"2,95 €","price_unit":"(46,83 € / Kilo)","categories":["Supermercado","Alimentación General","Conservas de pescado","Navajas","EL NAVEGANTE navajas al natural lata 63 g neto escurrido"],"general_information":["Denominación del alimento: Navajas al natural","Nombre del operador: Conservas Portomar, S.L.","Dirección del operador: Pol. Ind. del Pousadoiro parcela 2-3, 36617 Vilagarcía de Arousa, Pontevedra.","Cantidad Neta: 111 g","Peso neto escurrido: 63 g"],"ingredients":[" Navajas, agua y sal."],"conservation":" Conservar en lugar seco y fresco. Una vez abierto conservar refrigerado. Se recomienda consumir en el día de su apertura.","ean":"8436035152612"},{"full_name":"PORTOMAR SERIE NAUTICA navajas al natural gigantes de las rías gallegas lata 63 g","name":"navajas al natural gigantes de las rías gallegas lata 63 g","brand":"PORTOMAR SERIE NAUTICA ","img":"https://sgfm.elcorteingles.es/SGFM/00/21/9/0118009000219/0118009000219000g01011.jpg","price":"6,75 €","price_unit":"(107,14 € / Kilo)","categories":["Supermercado","Alimentación General","Conservas de pescado","Navajas","PORTOMAR SERIE NAUTICA navajas al natural gigantes de las rías gallegas lata 63 g"],"general_information":["Denominación del alimento: Navajas al natural gigantes","Nombre del operador: Conservas Portomar, S.L.","Dirección del operador: Pol. Ind. del Pousadoiro parcela 2-3, 36617 Vilagarcía de Arousa, Pontevedra.","Lugar de procedencia del alimento: Rías Gallegas","Cantidad Neta: 111 g","Peso neto escurrido: 63 g"],"ingredients":[" Navajas, agua y sal."],"conservation":" Conservar en lugar seco y fresco. Una vez abierto conservar refrigerado. Se recomienda consumir en el día de su apertura.","ean":"8436035152728"},{"full_name":"PORTOMAR SERIE NAUTICA navajas en aceite de oliva de las rías gallegas gigantes 3-5 piezas lata 63","name":"navajas en aceite de oliva de las rías gallegas gigantes 3-5 piezas lata 63 ","brand":"PORTOMAR SERIE NAUTICA ","img":"https://sgfm.elcorteingles.es/SGFM/00/20/1/0118009000201/0118009000201000g01011.jpg","price":"7,15 €            ","price_unit":"(107,94 € / Kilo)","categories":["Supermercado","Alimentación General","Conservas de pescado","Navajas","PORTOMAR SERIE NAUTICA navajas en aceite de oliva de las rías gallegas gigantes 3-5 piezas lata 63"],"general_information":[],"ingredients":[],"ean":"8436035152872"},{"full_name":"PORTO MUIÑOS navaja al ajillo con espagueti de mar lata 114 g","name":"navaja al ajillo con espagueti de mar lata 114 g","brand":"PORTO MUIÑOS ","img":"https://sgfm.elcorteingles.es/SGFM/dctm/MEDIA03/201701/04/00118009000284____1__600x600.jpg","price":"5,80 €","price_unit":"(50,88 € / Kilo)","categories":["Supermercado","Alimentación General","Conservas de pescado","Navajas","PORTO MUIÑOS navaja al ajillo con espagueti de mar lata 114 g"],"general_information":["Denominación del alimento: Navajas","Nombre del operador: Porto-Muiños S.L.","Dirección del operador: Pol. Ind. O Acevedo, parcela 114 - 15185 Cerceda (A Coruña)","Lugar de procedencia del alimento: FAO 27","Cantidad Neta: 90 g","Peso neto escurrido: 57 g"],"ingredients":[" Navaja (Solen spp.), aceite de oliva virgen extra con aceite natural de ajo, alga espagueti de mar (Himanthalia elongata), agua y sal Puede contener moluscos, crustáceos y pescado."],"conservation":" Conservar en lugar fresco y seco, una vez guardado, en refrigeración no más de 24h","ean":"8437001470402"},{"full_name":"EL CORTE INGLES navajuelas chilenas al natural lata 63 g neto escurrido","name":"navajuelas chilenas al natural lata 63 g neto escurrido","brand":"EL CORTE INGLES ","img":"https://sgfm.elcorteingles.es/SGFM/dctm/MEDIA03/201710/26/00118009000318____1__600x600.jpg","price":"1,43 €            ","price_unit":"(22,22 € / Kilo)","categories":["Supermercado","Alimentación General","Conservas de pescado","Navajuelas","EL CORTE INGLES navajuelas chilenas al natural lata 63 g neto escurrido"],"general_information":[],"ingredients":[],"ean":"8433329082037"},{"full_name":"NOLY navajuelas chilenas lata 78 g neto escurrido","name":"navajuelas chilenas lata 78 g neto escurrido","brand":"NOLY ","img":"https://sgfm.elcorteingles.es/SGFM/00/11/0/0118009000110/0118009000110000g01011.jpg","price":"1,94 €","price_unit":"(24,87 € / Kilo)","categories":["Supermercado","Alimentación General","Conservas de pescado","Navajuelas","NOLY navajuelas chilenas lata 78 g neto escurrido"],"general_information":["Denominación del alimento: Navajuelas","País de origen: Chile","Nombre del operador: Conservas Noly, S.A.","Dirección del operador: Pol. Ind. La Estrella  C/ Júpiter s/n  30500 Molina de Segura - Murcia","Cantidad Neta: 111 g","Peso neto escurrido: 63 g"],"ingredients":[" Navajuelas, agua y sal."],"conservation":" Consérvese en lugar fresco y seco. Una vez abierto se recomienda mantener refrigerado consumir antes de 2 días.","ean":"8413548160020"},{"full_name":"DANI navajuelas chilenas al natural lata 78 g neto escurrido","name":"navajuelas chilenas al natural lata 78 g neto escurrido","brand":"DANI ","img":"https://sgfm.elcorteingles.es/SGFM/00/05/2/0118009000052/0118009000052000g01011.jpg","price":"1,85 €","price_unit":"(23,72 € / Kilo)","categories":["Supermercado","Alimentación General","Conservas de pescado","Navajuelas","DANI navajuelas chilenas al natural lata 78 g neto escurrido"],"general_information":["Denominación del alimento: Navajuelas del Pacífico al natural","Nombre del operador: Conservas Dani S.A.U.","Dirección del operador: Pol. Ind. \"Els Garrofers\" · Parc 32-35-37, Vilassar de Mar (Barcelona)","Cantidad Neta: 111,0 g"],"ingredients":[" Navajuelas del Pacífico, agua y sal"],"conservation":" Una vez abierto mantener en refrigeración y consumir inmediatamente","ean":"8410721010707"},{"full_name":"DANI navajuelas chilenas al natural 4-6 piezas lata 63 g neto escurrido","name":"navajuelas chilenas al natural 4-6 piezas lata 63 g neto escurrido","brand":"DANI ","img":"https://sgfm.elcorteingles.es/SGFM/00/17/7/0118009000177/0118009000177000g01011.jpg","price":"2,89 €","price_unit":"(45,87 € / Kilo)","categories":["Supermercado","Alimentación General","Conservas de pescado","Navajuelas","DANI navajuelas chilenas al natural 4-6 piezas lata 63 g neto escurrido"],"general_information":["Denominación del alimento: Navajas al Natural","Nombre del operador: Conservas Dani S.A.U.","Dirección del operador: Pol. Ind. \"Els Garrofers\" · Parc 32-35-37, Vilassar de Mar (Barcelona)","Cantidad Neta: 111,0 g"],"ingredients":[" Navaja (Ensis macha), agua y sal"],"conservation":" Una vez abierto mantener en refrigeración y consumir inmediatamente","ean":"8410721095704"},{"full_name":"EL CORTE INGLES pulpo en aceite de oliva lata 72 g neto escurrido","name":"pulpo en aceite de oliva lata 72 g neto escurrido","brand":"EL CORTE INGLES ","img":"https://sgfm.elcorteingles.es/SGFM/dctm/MEDIA03/201702/27/00118019400292____5__600x600.jpg","price":"5,15 €","price_unit":"(71,53 € / Kilo)","categories":["Supermercado","Alimentación General","Conservas de pescado","Pulpo","EL CORTE INGLES pulpo en aceite de oliva lata 72 g neto escurrido"],"general_information":["Denominación del alimento: PULPO EN ACEITE DE OLIVA (33,5%)","Nombre del operador: Elaborado para El Corte Inglés \npor\nFrinsa del Noroeste, S.A. \nAvda Ramiro Carregal Rey, Parc. 29 \nPol.Industrial de Xarás \n15969 Ribeira (A Coruña)\n España","Cantidad Neta: 111 g","Peso neto escurrido: 72 g"],"ingredients":[" Ingredientes: Pulpo (Octopus vulgaris),  aceite de oliva  (33.5 %), y sal"],"conservation":" Conservar en lugar fresco y seco.","ean":"8433329059367"},{"full_name":"EL CORTE INGLES pulpo al ajillo en aceite de oliva lata 72 g neto escurrido","name":"pulpo al ajillo en aceite de oliva lata 72 g neto escurrido","brand":"EL CORTE INGLES ","img":"https://sgfm.elcorteingles.es/SGFM/dctm/MEDIA03/201702/27/00200119400307____1__600x600.jpg","price":"6,28 €","price_unit":"(87,22 € / Kilo)","categories":["Supermercado","Alimentación General","Conservas de pescado","Pulpo","EL CORTE INGLES pulpo al ajillo en aceite de oliva lata 72 g neto escurrido"],"general_information":["Denominación del alimento: PULPO AL AJILLO EN ACEITE DE OLIVA (31,8%)","Nombre del operador: Elaborado para El Corte Inglés \npor\nFrinsa del Noroeste, S.A. \nAvda Ramiro Carregal Rey, Parc. 29 \nPol.Industrial de Xarás \n15969 Ribeira (A Coruña)\n España","Cantidad Neta: 111 g","Peso neto escurrido: 72 g"],"ingredients":[" Ingredientes: Pulpo (Octopus vulgaris),  aceite de oliva  (31,8 %), aroma de ajo (1.7%) y sal"],"conservation":" Conservar en lugar fresco y seco.","ean":"8433329059374"},{"full_name":"EL CORTE INGLES pulpo a la gallega lata 72 g neto escurrido","name":"pulpo a la gallega lata 72 g neto escurrido","brand":"EL CORTE INGLES ","img":"https://sgfm.elcorteingles.es/SGFM/dctm/MEDIA03/201702/27/00200119400281____5__600x600.jpg","price":"5,98 €","price_unit":"(83,06 € / Kilo)","categories":["Supermercado","Alimentación General","Conservas de pescado","Pulpo","EL CORTE INGLES pulpo a la gallega lata 72 g neto escurrido"],"general_information":["Denominación del alimento: PULPO A LA GALLEGA","Nombre del operador: Elaborado para El Corte Inglés \npor\nFrinsa del Noroeste, S.A. \nAvda Ramiro Carregal Rey, Parc. 29 \nPol.Industrial de Xarás \n15969 Ribeira (A Coruña)\n España","Cantidad Neta: 111 g","Peso neto escurrido: 72 g"],"ingredients":[" Ingredientes: Pulpo (Octopus vulgaris),  aceite de girasol, sal, especias, cebolla, vinagre de vino y ajo"],"conservation":" Conservar en lugar fresco y seco.","ean":"8433329059381"},{"full_name":"NOLY tacos de pulpo en salsa gallega lata 90 g neto escurrido","name":"tacos de pulpo en salsa gallega lata 90 g neto escurrido","brand":"NOLY ","img":"https://sgfm.elcorteingles.es/SGFM/00/03/7/0118019400037/0118019400037000g01011.jpg","price":"1,15 €","price_unit":"(7,67 € / Kilo)","categories":["Supermercado","Alimentación General","Conservas de pescado","Pulpo","NOLY tacos de pulpo en salsa gallega lata 90 g neto escurrido"],"general_information":["Denominación del alimento: Tacos","País de origen: Chile","Nombre del operador: Conservas Noly, S.A.","Dirección del operador: Pol. Ind. La Estrella  C/ Júpiter s/n  30500 Molina de Segura - Murcia","Cantidad Neta: 111 g","Peso neto escurrido: 72 g"],"ingredients":[" Tacos, aceite girasol, sal y especias."],"conservation":" Consérvese en lugar fresco y seco. Una vez abierto se recomienda mantener refrigerado consumir antes de 2 días.","ean":"8413548300082"},{"full_name":"ALBO pulpo en aceite de oliva lata 75 g neto escurrido","name":"pulpo en aceite de oliva lata 75 g neto escurrido","brand":"ALBO ","img":"https://sgfm.elcorteingles.es/SGFM/00/11/0/0118019400110/0118019400110000g01011.jpg","price":"5,75 €","price_unit":"(76,67 € / Kilo)","categories":["Supermercado","Alimentación General","Conservas de pescado","Pulpo","ALBO pulpo en aceite de oliva lata 75 g neto escurrido"],"general_information":["Denominación del alimento: Pulpo en aceite de oliva","Nombre del operador: HIJOS DE CARLOS ALBO S.L.","Dirección del operador: Rúa Jacinto Benavente, 41, 36208 Vigo, Pontevedra ESPAÑA","Cantidad Neta: 116 g","Peso neto escurrido: 0.075 Kilogramos"],"ingredients":[" Pulpo, aceite de oliva y sal."],"ean":"8410032004761"},{"full_name":"KAY pulpete a la gallega lata 75 g neto escurrido","name":"pulpete a la gallega lata 75 g neto escurrido","brand":"KAY ","img":"https://sgfm.elcorteingles.es/SGFM/dctm/MEDIA02/CONTENIDOS/201410/09/00118019400250____1__600x600.jpg","price":"1,45 €","price_unit":"(19,33 € / Kilo)","categories":["Supermercado","Alimentación General","Conservas de pescado","Pulpo","KAY pulpete a la gallega lata 75 g neto escurrido"],"general_information":["Denominación del alimento: Rodajas de cefalópodo a la gallega","Nombre del operador: HIJOS DE CARLOS ALBO S.L.","Dirección del operador: Rúa Jacinto Benavente, 41, 36208 Vigo, Pontevedra ESPAÑA","Cantidad Neta: 116 g","Peso neto escurrido: 0.075 Kilogramos"],"ingredients":[" Cefalópodo (Dosidicus gigas), aceite de girasol, cebolla, tomate, sal y espoecias."],"ean":"8410032007779"},{"full_name":"ESCURIS pulpo en aceite de oliva de las rías gallegas elaborado a mano lata 81 g","name":"pulpo en aceite de oliva de las rías gallegas elaborado a mano lata 81 g","brand":"ESCURIS ","img":"https://sgfm.elcorteingles.es/SGFM/00/16/9/0118019400169/0118019400169000g01011.jpg","price":"8,15 €","price_unit":"(100,62 € / Kilo)","categories":["Supermercado","Alimentación General","Conservas de pescado","Pulpo","ESCURIS pulpo en aceite de oliva de las rías gallegas elaborado a mano lata 81 g"],"general_information":["Denominación del alimento: PULPO EN ACEITE DE OLIVA","Nombre del operador: ESCURIS, S.L.","Dirección del operador: C/ Bayuca, s/n 15940 Puebla del Caramiñal ( A Coruña) España","Cantidad Neta: 111 g","Peso neto escurrido: 81 g"],"ingredients":[" Pulpo, Aceite de oliva, Sal"],"ean":"8410124031439"},{"full_name":"CABO DE PEÑAS pulpo con aceite de oliva ecológico lata 65 g","name":"pulpo con aceite de oliva ecológico lata 65 g","brand":"CABO DE PEÑAS ","img":"https://sgfm.elcorteingles.es/SGFM/00/19/3/0118019400193/0118019400193000g01011.jpg","price":"4,57 €","price_unit":"(70,31 € / Kilo)","categories":["Supermercado","Alimentación General","Conservas de pescado","Pulpo","CABO DE PEÑAS pulpo con aceite de oliva ecológico lata 65 g"],"general_information":["Denominación del alimento: PULPO EN ACEITE DE OLIVA VIRGEN EXTRA ECOLÓGICO","Nombre del operador: CONSERVAS DEL NOROESTE, S.A.","Dirección del operador: ACUÑA, S/N - 36141 VILABOA (PONTEVEDRA)","Cantidad Neta: 111 g","Peso neto escurrido: 65 g"],"ingredients":[" Pulpo, aceite de oliva virgen extra ecológico y sal"],"ean":"8411555170131"},{"full_name":"CHATKA cangrejo real ruso al natural lata 110 g neto escurrido","name":"cangrejo real ruso al natural lata 110 g neto escurrido","brand":"CHATKA ","img":"https://sgfm.elcorteingles.es/SGFM//00/30/0/0118022600300/0118022600300000g01011.jpg","price":"10,90 €            ","price_unit":"(77,18 € / Kilo)","categories":["Supermercado","Alimentación General","Conservas de pescado","Carne de cangrejo","CHATKA cangrejo real ruso al natural lata 110 g neto escurrido"],"general_information":[],"ingredients":[],"ean":"4604004324313"},{"full_name":"DANI carne de cangrejo al natural lata 120 g neto escurrido","name":"carne de cangrejo al natural lata 120 g neto escurrido","brand":"DANI ","img":"https://sgfm.elcorteingles.es/SGFM/00/26/8/0118022600268/0118022600268000g01011.jpg","price":"2,65 €","price_unit":"(22,08 € / Kilo)","categories":["Supermercado","Alimentación General","Conservas de pescado","Carne de cangrejo","DANI carne de cangrejo al natural lata 120 g neto escurrido"],"general_information":["Denominación del alimento: Carne de cangrejo al natural","País de origen: Indonesia","Nombre del operador: Conservas Dani S.A.U.","Dirección del operador: Pol. Ind. \"Els Garrofers\" · Parc 32-35-37 08340  Vilassar de Mar (Barcelona)","Cantidad Neta: 120,0 g"],"ingredients":[" Carne de cangrejo, agua y sal."],"conservation":" Una vez abierto mantener en refrigeración y consumir antes de 24 horas.","ean":"8410721110919"},{"full_name":"CHATKA cangrejo real ruso 100% patas lata 185 g","name":"cangrejo real ruso 100% patas lata 185 g","brand":"CHATKA ","img":"https://sgfm.elcorteingles.es/SGFM/dctm/MEDIA03/201706/16/00118812400028____1__600x600.jpg","price":"47,85 €","price_unit":"(258,65 € / Kilo)","categories":["Supermercado","Alimentación General","Conservas de pescado","Carne de cangrejo","CHATKA cangrejo real ruso 100% patas lata 185 g"],"general_information":["Denominación del alimento: Conservas","Nombre del operador: Torres Import, S.A.U","Dirección del operador: c/ Comercio, 22 - 08720 Vilafranca del Penedés España","Cantidad Neta: 220 g"],"ingredients":[" Cangrejo real (Paralithoides Camchaticus), agua, sal."],"conservation":" Conservar a temperatura ambiente 10 - 25°C, consumir en 4 años.","ean":"4600390000411"},{"full_name":"CHATKA cangrejo real ruso al natural 60% patas lata 185 g","name":"cangrejo real ruso al natural 60% patas lata 185 g","brand":"CHATKA ","img":"https://sgfm.elcorteingles.es/SGFM/dctm/MEDIA03/201711/14/00118812400010____1__600x600.jpg","price":"32,19 €","price_unit":"(174 € / Kilo)","categories":["Supermercado","Alimentación General","Conservas de pescado","Carne de cangrejo","CHATKA cangrejo real ruso al natural 60% patas lata 185 g"],"general_information":["Denominación del alimento: Conservas","Nombre del operador: Torres Import, S.A.U","Dirección del operador: c/ Comercio, 22 - 08720 Vilafranca del Penedés España","Cantidad Neta: 220,0 g"],"ingredients":[" Cangrejo real (Paralithoides Camchaticus), agua, sal."],"conservation":" Conservar a temperatura ambiente 10 - 25°C, consumir en 4 años.","ean":"4600390000312"},{"full_name":"EL CORTE INGLES guinas de Aguinaga lata 50 g neto escurrido","name":"guinas de Aguinaga lata 50 g neto escurrido","brand":"EL CORTE INGLES ","img":"https://sgfm.elcorteingles.es/SGFM/dctm/MEDIA02/CONTENIDOS/201509/24/00118021200052____1__600x600.jpg","price":"2,19 €","price_unit":"(43,80 € / Kilo)","categories":["Supermercado","Alimentación General","Conservas de pescado","Conservas de pescado diversos","EL CORTE INGLES guinas de Aguinaga lata 50 g neto escurrido"],"general_information":["Denominación del alimento: Producto de la pesca transformado","Nombre del operador: Elaborado para  EL CORTE INGLÉS por Ubago Group Mare,  S.L.\nc/ Charles Darwin, 3 - 29590 Málaga\nCádiz  (España)","Cantidad Neta: 110 g","Peso neto escurrido: 50 g","Número de raciones por envase: 1.0"],"ingredients":[" Ingredientes: Aceite de girasol, producto de la pesca transformado (45%) (proteína de pescado,  agua, aceite de girasol, cefalópodo (molusco),  harina de trigo, sal, proteína de soja, proteína vegetal, proteínas de la leche, albúmina de huevo, aromas, potenciador del sabor (glutamato monosódico), estabilizante (goma xantana),   corrector de la acidez (ácido láctico), tinta de cefalópodo (molusco), aroma de ajo (0, 6%) y guindilla. Puede contener trazas de crustáceos"],"conservation":" Conservar en lugar fresco y seco.","ean":"8433329058384"},{"full_name":"UBAGO langostillos al Natural lata 45 g neto escurrido","name":"langostillos al Natural lata 45 g neto escurrido","brand":"UBAGO ","img":"https://sgfm.elcorteingles.es/SGFM/00/08/6/0118022600086/0118022600086000g01011.jpg","price":"2,95 €","price_unit":"(65,56 € / Kilo)","categories":["Supermercado","Alimentación General","Conservas de pescado","Conservas de pescado diversos","UBAGO langostillos al Natural lata 45 g neto escurrido"],"general_information":["Denominación del alimento: Langostillos al natural.","País de origen: España","Nombre del operador: UBAGO GROUP MARE S.L.","Dirección del operador: C/Charles Darwin, 3. 29590 Málaga","Cantidad Neta: 110 g","Peso neto escurrido: 45 g","Otras menciones obligatorias en la etiqueta: Una vez abierto, mantener en refrigeración y consumir antes de 2 días. DECISIÓN 96/77/CE"],"ingredients":[" Agua, langostillo (molusco), sal, cebolla y laurel. Puede contener trazas de pescado, soja, leche, cereales con gluten, huevo y crustáceos."],"conservation":" Conservar en un lugar fresco y seco.","ean":"8410155074030"},{"full_name":"PACO LAFUENTE zamburiñas en salsa de vieiras lata 65 g neto escurrido","name":"zamburiñas en salsa de vieiras lata 65 g neto escurrido","brand":"PACO LAFUENTE ","img":"https://sgfm.elcorteingles.es/SGFM/00/01/1/0118022600011/0118022600011000g01011.jpg","price":"5,45 €","price_unit":"(83,85 € / Kilo)","categories":["Supermercado","Alimentación General","Conservas de pescado","Conservas de pescado diversos","PACO LAFUENTE zamburiñas en salsa de vieiras lata 65 g neto escurrido"],"general_information":["Denominación del alimento: Zamburiñas en salsa de vieira","País de origen: España","Nombre del operador: CONSERVERA GALLEGA S.A.","Dirección del operador: C/El Castro s/n 36620 - Villanueva de Arosa - Pontevedra","Lugar de procedencia del alimento: España","Cantidad Neta: 120,0 Mililitros","Peso neto escurrido: 80,0 g","Otras menciones obligatorias en la etiqueta: FÁCIL APERTURA"],"ingredients":[" Zamburiñas, aceite de oliva, cebolla, tomate, especias y sal."],"ean":"8414279257003"},{"full_name":"COSTA VASCA lomos de bacalao en aceite de oliva tarro 130 g neto escurrido","name":"lomos de bacalao en aceite de oliva tarro 130 g neto escurrido","brand":"COSTA VASCA ","img":"https://sgfm.elcorteingles.es/SGFM/dctm/MEDIA02/CONTENIDOS/201412/10/00118021200516____2__600x600.jpg","price":"5,19 €","price_unit":"(39,92 € / Kilo)","categories":["Supermercado","Alimentación General","Conservas de pescado","Conservas de pescado diversos","COSTA VASCA lomos de bacalao en aceite de oliva tarro 130 g neto escurrido"],"general_information":[],"ingredients":[],"ean":"8424528118207"},{"full_name":"COSTA VASCA lomos de salmón en aceite de oliva tarro 140 g neto escurrido","name":"lomos de salmón en aceite de oliva tarro 140 g neto escurrido","brand":"COSTA VASCA ","img":"https://sgfm.elcorteingles.es/SGFM/dctm/MEDIA02/CONTENIDOS/201412/10/00118021200508____2__600x600.jpg","price":"5,82 €","price_unit":"(41,57 € / Kilo)","categories":["Supermercado","Alimentación General","Conservas de pescado","Conservas de pescado diversos","COSTA VASCA lomos de salmón en aceite de oliva tarro 140 g neto escurrido"],"general_information":[],"ingredients":[],"ean":"8424528114209"},{"full_name":"LA GULA DEL NORTE UBAGO salteada al ajillo picante lata 100 g neto escurrido","name":"salteada al ajillo picante lata 100 g neto escurrido","brand":"LA GULA DEL NORTE UBAGO ","img":"https://sgfm.elcorteingles.es/SGFM/dctm/MEDIA03/201605/24/00118021200045____1__600x600.jpg","price":"3,60 €","price_unit":"(36 € / Kilo)","categories":["Supermercado","Alimentación General","Conservas de pescado","Conservas de pescado diversos","LA GULA DEL NORTE UBAGO salteada al ajillo picante lata 100 g neto escurrido"],"general_information":["Denominación del alimento: La gula del norte al ajillo.","País de origen: España","Nombre del operador: UBAGO GROUP MARE S.L.","Dirección del operador: C/Charles Darwin, 3. 29590 Málaga","Cantidad Neta: 200 g","Peso neto escurrido: 100 g","Otras menciones obligatorias en la etiqueta: Producto de la pesca transformado. Angulas Aguinaga S.A. es propietaria de la Patente de Invención nº 9201026 y Certificado de Adición nº 9201027 y de las marcas registradas La Gula del Norte® y Gulas®"],"ingredients":[" Aceite de girasol, producto de la pesca transformado (49%) (proteína de pescado, agua, aceite de girasol, cefalópodo (molusco), harina de trigo, sal, proteína de soja, proteína vegetal, proteínas de la leche, albúmina de huevo, aromas, potenciador del sabor (glutamato monosódico), estabilizante (goma xantana), correcto de acidez (ácido láctico), tinta de cefalópodo (molusco)), aroma de ajo y guindilla. Puede contener trazas de crustáceos."],"conservation":" Conservar en un lugar fresco y seco","ean":"8410155020501"},{"full_name":"LA GULA DEL NORTE UBAGO salteada al ajillo lata 50 g neto escurrido","name":"salteada al ajillo lata 50 g neto escurrido","brand":"LA GULA DEL NORTE UBAGO ","img":"https://sgfm.elcorteingles.es/SGFM/00/06/0/0118021200060/0118021200060000g01011.jpg","price":"1,89 €","price_unit":"(37,80 € / Kilo)","categories":["Supermercado","Alimentación General","Conservas de pescado","Conservas de pescado diversos","LA GULA DEL NORTE UBAGO salteada al ajillo lata 50 g neto escurrido"],"general_information":["Denominación del alimento: La gula del norte al ajillo.","País de origen: España","Nombre del operador: UBAGO GROUP MARE S.L.","Dirección del operador: C/Charles Darwin, 3. 29590 Málaga","Cantidad Neta: 110 g","Peso neto escurrido: 50 g","Otras menciones obligatorias en la etiqueta: Producto de la pesca transformado. Angulas Aguinaga S.A. es propietaria de la Patente de Invención nº 9201026 y Certificado de Adición nº 9201027 y de las marcas registradas La Gula del Norte® y Gulas®"],"ingredients":[" Aceite de girasol, producto de la pesca transformado (45%) (proteína de pescado, agua, aceite de girasol, cefalópodo (molusco), harina de trigo, sal, proteína de soja, proteína vegetal, proteínas de la leche, albúmina de huevo, aromas, potenciador del sabor (glutamato monosódico), estabilizante (goma xantana), correcto de acidez (ácido láctico), tinta de cefalópodo (molusco)), aroma de ajo y guindilla. Puede contener trazas de crustáceos."],"conservation":" Conservar en un lugar fresco y seco.","ean":"8410155020600"},{"full_name":"PATRON filetes de boquerón fresco en aceite de oliva lata 55 g neto escurrido","name":"filetes de boquerón fresco en aceite de oliva lata 55 g neto escurrido","brand":"PATRON ","img":"https://sgfm.elcorteingles.es/SGFM//00/54/0/0118021200540/0118021200540000g01011.jpg","price":"5,40 €","price_unit":"(98,18 € / Kilo)","categories":["Supermercado","Alimentación General","Conservas de pescado","Conservas de pescado diversos","PATRON filetes de boquerón fresco en aceite de oliva lata 55 g neto escurrido"],"general_information":["Denominación del alimento: Filetes de boquerón","País de origen: España","Nombre del operador: Patrón Conservas, S.L.U.","Dirección del operador: Celeste, 22 28043 Madrid, España","Cantidad Neta: 120 g","Peso neto escurrido: 55 g","Otras menciones obligatorias en la etiqueta: Pesca del Cantábrico Zona FAO 27"],"ingredients":[" Aceite de oliva (55%), Boquerón (Engraulis Encrasicolus) fresco marinado en vinagre de vino (45%) y sal."],"conservation":" Conservar en frío entre 1 y 5 ºC. Una vez abierto, guardar cubierto de aceite y consumir antes de 2 días","ean":"8414971104698"},{"full_name":"PACO LAFUENTE agujas en aceite de oliva 8-10 piezas lata 87 g neto escurrido","name":"agujas en aceite de oliva 8-10 piezas lata 87 g neto escurrido","brand":"PACO LAFUENTE ","img":"https://sgfm.elcorteingles.es/SGFM/00/48/2/0118021200482/0118021200482000g01011.jpg","price":"3,20 €","price_unit":"(36,78 € / Kilo)","categories":["Supermercado","Alimentación General","Conservas de pescado","Conservas de pescado diversos","PACO LAFUENTE agujas en aceite de oliva 8-10 piezas lata 87 g neto escurrido"],"general_information":["Denominación del alimento: Agujas en aceite de oliva","País de origen: España","Nombre del operador: CONSERVERA GALLEGA S.A.","Dirección del operador: C/El Castro s/n 36620 - Villanueva de Arosa - Pontevedra","Lugar de procedencia del alimento: España","Cantidad Neta: 88,0 g","Otras menciones obligatorias en la etiqueta: FÁCIL APERTURA"],"ingredients":[" Agujas, aceite de oliva y sal."],"ean":"8414279671083"},{"full_name":"PACO LAFUENTE jurel en aceite de oliva (jurelillos) lata 84 g neto escurrido","name":"jurel en aceite de oliva (jurelillos) lata 84 g neto escurrido","brand":"PACO LAFUENTE ","img":"https://sgfm.elcorteingles.es/SGFM/00/49/0/0118021200490/0118021200490000g01011.jpg","price":"2,93 €","price_unit":"(34,88 € / Kilo)","categories":["Supermercado","Alimentación General","Conservas de pescado","Conservas de pescado diversos","PACO LAFUENTE jurel en aceite de oliva (jurelillos) lata 84 g neto escurrido"],"general_information":["Denominación del alimento: Jurel en aceite de oliva (Jurelillos)","País de origen: España","Nombre del operador: CONSERVERA GALLEGA S.A.","Dirección del operador: C/El Castro s/n 36620 - Villanueva de Arosa - Pontevedra","Lugar de procedencia del alimento: España","Cantidad Neta: 120,0 Mililitros","Peso neto escurrido: 80,0 g"],"ingredients":[" Jurel, aceite de oliva y sal."],"ean":"8414279681112"},{"full_name":"ORTIZ verdel frito en escabeche sobre 200 g","name":"verdel frito en escabeche sobre 200 g","brand":"ORTIZ ","img":"https://sgfm.elcorteingles.es/SGFM/00/25/0/0118021200250/0118021200250000g01011.jpg","price":"3,60 €","price_unit":"(18 € / Kilo)","categories":["Supermercado","Alimentación General","Conservas de pescado","Conservas de pescado diversos","ORTIZ verdel frito en escabeche sobre 200 g"],"general_information":["Denominación del alimento: VERDEL FRITO EN ESCABECHE","Nombre del operador: CONSERVAS ORTIZ S.A.","Dirección del operador: BASUSTA BIDEA 15 - 20750 ZUMAIA - GUIPÚZCOA - ESPAÑA","Cantidad Neta: 215 g","Peso neto escurrido: 185 g"],"ingredients":[" *Verdel-caballa, vinagre de vino, aceite de oliva virgen y sal"],"ean":"8411320722701"},{"full_name":"PORTOMAR SERIE NAUTICA agujas en aceite de oliva 8-10 piezas lata 81 g neto escurrido","name":"agujas en aceite de oliva 8-10 piezas lata 81 g neto escurrido","brand":"PORTOMAR SERIE NAUTICA ","img":"https://sgfm.elcorteingles.es/SGFM/00/31/8/0118021200318/0118021200318000g01011.jpg","price":"2,25 €","price_unit":"(27,78 € / Kilo)","categories":["Supermercado","Alimentación General","Conservas de pescado","Conservas de pescado diversos","PORTOMAR SERIE NAUTICA agujas en aceite de oliva 8-10 piezas lata 81 g neto escurrido"],"general_information":["Denominación del alimento: Agujas en aceite de oliva.","Nombre del operador: Conservas Portomar, S.L.","Dirección del operador: Pol. Ind. del Pousadoiro parcela 2-3, 36617 Vilagarcía de Arousa, Pontevedra.","Cantidad Neta: 115 g","Peso neto escurrido: 81 g"],"ingredients":[" Agujas, aceite de oliva y sal."],"conservation":" Conservar en lugar seco y fresco.","ean":"8436035155712"},{"full_name":"PORTOMAR SERIE NAUTICA zamburiñas en salsa de vieira de las rías gallegas lata 68 g","name":"zamburiñas en salsa de vieira de las rías gallegas lata 68 g","brand":"PORTOMAR SERIE NAUTICA ","price":"2,50 €","price_unit":"(39,68 € / Kilo)","categories":["Supermercado","Alimentación General","Conservas de pescado","Conservas de pescado diversos","PORTOMAR SERIE NAUTICA zamburiñas en salsa de vieira de las rías gallegas lata 68 g"],"general_information":[],"ingredients":[],"ean":"8436035152735"},{"full_name":"PORTOMAR SERIE NAUTICA caviar de erizos al natural de las rías gallegas lata 95 g neto escurrido","name":"caviar de erizos al natural de las rías gallegas lata 95 g neto escurrido","brand":"PORTOMAR SERIE NAUTICA ","img":"https://sgfm.elcorteingles.es/SGFM/00/23/5/0118022600235/0118022600235000g01011.jpg","price":"16,90 €            ","price_unit":"(146,84 € / Kilo)","categories":["Supermercado","Alimentación General","Conservas de pescado","Conservas de pescado diversos","PORTOMAR SERIE NAUTICA caviar de erizos al natural de las rías gallegas lata 95 g neto escurrido"],"general_information":["Denominación del alimento: Caviar de erizos al natural.","Nombre del operador: Conservas Portomar, S.L.","Dirección del operador: Pol. Ind. del Pousadoiro parcela 2-3, 36617 Vilagarcía de Arousa, Pontevedra.","Lugar de procedencia del alimento: Rías Gallegas","Cantidad Neta: 111 g","Peso neto escurrido: 95 g"],"ingredients":[" Huevas de erizo de mar, agua y sal."],"conservation":" Conservar en lugar seco y fresco. Una vez abierto conservar refrigerado. Se recomienda consumir en el día de su apertura.","ean":"8436035155781"},{"full_name":"PORTOMAR SERIE NAUTICA carne de centolla al natural lata 70 g neto escurrido","name":"carne de centolla al natural lata 70 g neto escurrido","brand":"PORTOMAR SERIE NAUTICA ","img":"https://sgfm.elcorteingles.es/SGFM/dctm/MEDIA02/CONTENIDOS/201511/19/00118022600367____1__600x600.jpg","price":"9,90 €            ","price_unit":"(132,14 € / Kilo)","categories":["Supermercado","Alimentación General","Conservas de pescado","Conservas de pescado diversos","PORTOMAR SERIE NAUTICA carne de centolla al natural lata 70 g neto escurrido"],"general_information":[],"ingredients":[],"ean":"8436035150311"},{"full_name":"A CHURRUSQUIÑA agujas de las rías en aceite de oliva lata 85 g neto escurrido","name":"agujas de las rías en aceite de oliva lata 85 g neto escurrido","brand":"A CHURRUSQUIÑA ","img":"https://sgfm.elcorteingles.es/SGFM/dctm/MEDIA02/CONTENIDOS/201410/02/00118021200078____1__600x600.jpg","price":"2,71 €","price_unit":"(31,88 € / Kilo)","categories":["Supermercado","Alimentación General","Conservas de pescado","Conservas de pescado diversos","A CHURRUSQUIÑA agujas de las rías en aceite de oliva lata 85 g neto escurrido"],"general_information":["Denominación del alimento: Agujas en aceite","Nombre del operador: Conservas Roma, S.L.","Dirección del operador: PO. 113 Caleiro - Vilanova de Arousa - Pontevedra","Cantidad Neta: 125 g","Peso neto escurrido: 85 g"],"ingredients":[" Agujas, aceite de oliva y sal."],"ean":"8421846210736"},{"full_name":"ARANCA Brandada de bacalao frasco 180 g","name":"Brandada de bacalao frasco 180 g","brand":"ARANCA ","img":"https://sgfm.elcorteingles.es/SGFM/00/36/2/0200102900362/0200102900362000g01011.jpg","price":"3,95 €","price_unit":"(21,94 € / Kilo)","categories":["Supermercado","Alimentación General","Conservas de pescado","Conservas de pescado diversos","ARANCA Brandada de bacalao frasco 180 g"],"general_information":["Denominación del alimento: Brandada de Bacalao","Nombre del operador: Selfoods SAU","Dirección del operador: El Rebato s/n 08739 SUBIRATS (Barcelona)","Cantidad Neta: 180 g"],"ingredients":[" Aceite vegetal, Bacalao (32%), agua, proteínas de la leche, sal espesante: Carragenina"],"conservation":" Recomendaciones de almacenaje: temperatura máxima de 25 °C y humedad relativa mínima de 80 %. Después de abierto mantener en refrigeración.","ean":"8436021664068"},{"full_name":"COSTERA caviar de oricios lata 50 g neto escurrido","name":"caviar de oricios lata 50 g neto escurrido","brand":"COSTERA ","img":"https://sgfm.elcorteingles.es/SGFM/dctm/MEDIA02/CONTENIDOS/201412/10/00118022600045____1__600x600.jpg","price":"6,50 €","price_unit":"(130 € / Kilo)","categories":["Supermercado","Alimentación General","Conservas de pescado","Conservas de pescado diversos","COSTERA caviar de oricios lata 50 g neto escurrido"],"general_information":["Denominación del alimento: Caviar de Oricios.","Nombre del operador: Conservas González Barrio S.L.","Dirección del operador: Pol. Ind. Somonte 3 s/n (33393 Gijón, Asturias).","Cantidad Neta: 50,0 g"],"ingredients":[" Huevas de erizo de mar y sal. Contiene pescado."],"conservation":" Conserva esterilizada, mantener a temperatura ambiente.","ean":"8412108612528"},{"full_name":"COSTERA caviar de oricios frasco 110 g neto escurrido","name":"caviar de oricios frasco 110 g neto escurrido","brand":"COSTERA ","img":"https://sgfm.elcorteingles.es/SGFM/00/21/9/0118022600219/0118022600219000g01011.jpg","price":"12,47 €","price_unit":"(113,36 € / Kilo)","categories":["Supermercado","Alimentación General","Conservas de pescado","Conservas de pescado diversos","COSTERA caviar de oricios frasco 110 g neto escurrido"],"general_information":["Denominación del alimento: Caviar de Oricios.","Nombre del operador: Conservas González Barrio S.L.","Dirección del operador: Pol. Ind. Somonte 3 s/n (33393 Gijón, Asturias).","Cantidad Neta: 110,0 g"],"ingredients":[" Huevas de erizo de mar y sal. Contiene pescado."],"conservation":" Conserva esterilizada, mantener a temperatura ambiente.","ean":"8412108612726"},{"full_name":"DANI gambas al ajillo lata 60 g neto escurrido","name":"gambas al ajillo lata 60 g neto escurrido","brand":"DANI ","img":"https://sgfm.elcorteingles.es/SGFM/dctm/MEDIA02/CONTENIDOS/201409/23/00118022600276____1__600x600.jpg","price":"3,67 €","price_unit":"(61,17 € / Kilo)","categories":["Supermercado","Alimentación General","Conservas de pescado","Conservas de pescado diversos","DANI gambas al ajillo lata 60 g neto escurrido"],"general_information":["Denominación del alimento: Gambas al ajillo","Nombre del operador: Conservas Dani S.A.U.","Dirección del operador: Pol. Ind. \"Els Garrofers\" · Parc 32-35-37, Vilassar de Mar (Barcelona)","Cantidad Neta: 105,0 g"],"ingredients":[" Gambas, aceite de girasol, ajo, especias y sal"],"conservation":" Una vez abierto mantener en refrigeración y consumir inmediatamente","ean":"8410721096510"},{"full_name":"CABO DE PEÑAS angulas de surimi al ajillo en aceite de oliva lata 50 g neto escurrido","name":"angulas de surimi al ajillo en aceite de oliva lata 50 g neto escurrido","brand":"CABO DE PEÑAS ","img":"https://sgfm.elcorteingles.es/SGFM/dctm/CONTENIDOS/201512/11/00200121200661____1__600x600.jpg","price":"3,15 €","price_unit":"(63 € / Kilo)","categories":["Supermercado","Alimentación General","Conservas de pescado","Conservas de pescado diversos","CABO DE PEÑAS angulas de surimi al ajillo en aceite de oliva lata 50 g neto escurrido"],"general_information":["Denominación del alimento: Angulas De Surimi Al Ajillo En Aceite De Oliva","Nombre del operador: Conservas Del Noroeste, S.A.","Dirección del operador: Acuña, S/N - 36141 Vilaboa (Pontevedra)","Cantidad Neta: 111 g","Peso neto escurrido: 50 g"],"ingredients":[" Aceite de oliva (54%), surimi tipo angula (carne de pescado, agua, almidón de patata, albúmina de huevo, potenciador del sabor (E-621), estabilizantes (E-407, E-410 y E-415), sal, aceite de girasol, tinta de cefalópodo y aroma de angula), ajo (0,9%) y guindilla."],"conservation":" Conservar en lugar fresco y seco","ean":"8411555004047"},{"full_name":"RIGA GOLD ahumados en aceite lata 70 g","name":"ahumados en aceite lata 70 g","brand":"RIGA GOLD ","img":"https://sgfm.elcorteingles.es/SGFM/00/40/9/0118021200409/0118021200409000g01011.jpg","price":"1,90 €","price_unit":"(27,14 € / Kilo)","categories":["Supermercado","Alimentación General","Conservas de pescado","Conservas de pescado diversos","RIGA GOLD ahumados en aceite lata 70 g"],"general_information":["Denominación del alimento: Espadines ahumados en aceite.","País de origen: Letonia","Nombre del operador: VELDIS, S.A.","Dirección del operador: C/Puerto de Navacerrada, 59, 28935 Móstoles (Madrid).","Cantidad Neta: 100 g","Peso neto escurrido: 70 g","Otras menciones obligatorias en la etiqueta: REGISTRO SANITARIO FABRICANTE: LATVIJA LV 44Z EK"],"ingredients":[" Espadines (pescado) (Sprattus sprattus) ahumados 70%, aceite de nabina 28,8%, sal."],"ean":"4751001583448"},{"full_name":"AGROMAR bonito del norte a la sidra lata 180 g neto escurrido","name":"bonito del norte a la sidra lata 180 g neto escurrido","brand":"AGROMAR ","img":"https://sgfm.elcorteingles.es/SGFM/dctm/MEDIA02/CONTENIDOS/201410/27/00118012700433____1__600x600.jpg","price":"6,10 €","price_unit":"(33,89 € / Kilo)","categories":["Supermercado","Alimentación General","Conservas de pescado","Conservas de pescado diversos","AGROMAR bonito del norte a la sidra lata 180 g neto escurrido"],"general_information":["Denominación del alimento: Bonito del Norte","Nombre del operador: Conservas Agromar S.A.","Dirección del operador: Muelle de Rendiello s/n. Puerto de El Musel 33290 Gijón, Asturias, España.","Cantidad Neta: 280 g","Peso neto escurrido: 180 g"],"ingredients":[" Bonito (65%), sidra natural (3%) (contiene sulfitos), cebolla, tomate, pimiento, zanahoria, aceite de oliva, ajo, perejil y sal."],"conservation":"Modo de empleo: Calentar el contenido a fuego lengo en una sartén o cualquier otro recipiente adecuado y servir.","ean":"8414947000146"},{"full_name":"AGROMAR caviar de oricios lata 115 g neto escurrido","name":"caviar de oricios lata 115 g neto escurrido","brand":"AGROMAR ","img":"https://sgfm.elcorteingles.es/SGFM/dctm/MEDIA02/CONTENIDOS/201410/27/00118022600136____1__600x600.jpg","price":"17,79 €","price_unit":"(154,70 € / Kilo)","categories":["Supermercado","Alimentación General","Conservas de pescado","Conservas de pescado diversos","AGROMAR caviar de oricios lata 115 g neto escurrido"],"general_information":["Denominación del alimento: Caviar de Erizos de mar","Nombre del operador: Conservas Agromar S.A.","Dirección del operador: Muelle de Rendiello s/n. Puerto de El Musel 33290 Gijón, Asturias, España.","Cantidad Neta: 120 g","Peso neto escurrido: 115 g"],"ingredients":[" Huevas de erizo de mar y sal."],"ean":"8414947000016"},{"full_name":"LAUNIS salmón al limón lata 190 g","name":"salmón al limón lata 190 g","brand":"LAUNIS ","img":"https://sgfm.elcorteingles.es/SGFM/dctm/MEDIA03/201704/06/00118021200698____1__600x600.jpg","price":"2,50 €","price_unit":"(13,16 € / Kilo)","categories":["Supermercado","Alimentación General","Conservas de pescado","Conservas de pescado diversos","LAUNIS salmón al limón lata 190 g"],"general_information":["Denominación del alimento: Salmón al limón","País de origen: Dinamarca","Nombre del operador: Kömerfish, S.A","Dirección del operador: C/ Andrés Mellado 13, 28015 Madrid.","Cantidad Neta: 190 g"],"ingredients":[" salmón salvaje (Oncorhynchus gorbuscha) (76,3%), agua, sal, aroma natural de limón (0,10%)."],"ean":"5701015010446"},{"full_name":"LAUNIS salmón en aceite de oliva lata 190 g","name":"salmón en aceite de oliva lata 190 g","brand":"LAUNIS ","img":"https://sgfm.elcorteingles.es/SGFM/dctm/MEDIA03/201704/06/00118021200706____1__600x600.jpg","price":"2,50 €","price_unit":"(13,16 € / Kilo)","categories":["Supermercado","Alimentación General","Conservas de pescado","Conservas de pescado diversos","LAUNIS salmón en aceite de oliva lata 190 g"],"general_information":[],"ingredients":[],"ean":"5701015010439"},{"full_name":"LAUNIS abadejo de Alaska en aceite de oliva lata 105 g","name":"abadejo de Alaska en aceite de oliva lata 105 g","brand":"LAUNIS ","img":"https://sgfm.elcorteingles.es/SGFM/dctm/MEDIA03/201704/06/00118021200714____1__600x600.jpg","price":"1,99 €","price_unit":"(18,95 € / Kilo)","categories":["Supermercado","Alimentación General","Conservas de pescado","Conservas de pescado diversos","LAUNIS abadejo de Alaska en aceite de oliva lata 105 g"],"general_information":[],"ingredients":[],"ean":"5701015010118"},{"full_name":"JOHN WEST salmón rosa lata 213 g","name":"salmón rosa lata 213 g","brand":"JOHN WEST ","img":"https://sgfm.elcorteingles.es/SGFM/00/16/6/0200121200166/0200121200166000g01011.jpg","price":"4,50 €","price_unit":"(21,13 € / Kilo)","categories":["Supermercado","Alimentación General","Conservas de pescado","Conservas de pescado diversos","JOHN WEST salmón rosa lata 213 g"],"general_information":[],"ingredients":[],"ean":"5000171010254"},{"full_name":"JOHN WEST salmón rojo lata 213 g","name":"salmón rojo lata 213 g","brand":"JOHN WEST ","img":"https://sgfm.elcorteingles.es/SGFM/00/15/8/0200121200158/0200121200158000g01011.jpg","price":"7,69 €","price_unit":"(36,10 € / Kilo)","categories":["Supermercado","Alimentación General","Conservas de pescado","Conservas de pescado diversos","JOHN WEST salmón rojo lata 213 g"],"general_information":[],"ingredients":[],"ean":"5000171010025"},{"full_name":"COSTERA caviar de Oricios lata 68 g neto escurrido","name":"caviar de Oricios lata 68 g neto escurrido","brand":"COSTERA ","img":"https://sgfm.elcorteingles.es/SGFM/dctm/MEDIA02/CONTENIDOS/201412/10/00200122600034____1__600x600.jpg","price":"10,48 €","price_unit":"(154,12 € / Kilo)","categories":["Supermercado","Alimentación General","Conservas de pescado","Conservas de pescado diversos","COSTERA caviar de Oricios lata 68 g neto escurrido"],"general_information":["Denominación del alimento: Caviar de Oricios.","Nombre del operador: Conservas González Barrio S.L.","Dirección del operador: Pol. Ind. Somonte 3 s/n (33393 Gijón, Asturias).","Cantidad Neta: 68,0 g"],"ingredients":[" Huevas de erizo de mar y sal. Contiene pescado."],"conservation":" Conserva esterilizada, mantener a temperatura ambiente.","ean":"8412108612429"},{"full_name":"PALACIO DE ORIENTE zamburiñas en salsa marinera con aceite de oliva lata 60 g neto escurrido","name":"zamburiñas en salsa marinera con aceite de oliva lata 60 g neto escurrido","brand":"PALACIO DE ORIENTE ","img":"https://sgfm.elcorteingles.es/SGFM/dctm/MEDIA03/201710/10/00118022600409____1__600x600.jpg","price":"2,50 €","price_unit":"(41,67 € / Kilo)","categories":["Supermercado","Alimentación General","Conservas de pescado","Conservas de pescado diversos","PALACIO DE ORIENTE zamburiñas en salsa marinera con aceite de oliva lata 60 g neto escurrido"],"general_information":["Denominación del alimento: Zamburiñas salsa de marinera con aceite de oliva OL120","País de origen: España","Nombre del operador: Conservas Antonio Alonso S.A.","Dirección del operador: Carretera Vigo-Bayona, 127, Apto. 40 - 36213, Vigo","Lugar de procedencia del alimento: Zona FAO 27","Cantidad Neta: 115 g","Peso neto escurrido: 60 g","Número de raciones por envase: 2"],"ingredients":[" Zamburiñas, tomate concentrado reconstituido, aceite de oliva (13%), cebolla, sal, azúcar, almidón, aromas naturales y especias."],"conservation":" Conservar en lugar fresco y seco.","ean":"8410205090270"},{"full_name":"ORTIZ huevas de caballa en aceite de oliva lata 80","name":"huevas de caballa en aceite de oliva lata 80 ","brand":"ORTIZ ","img":"https://sgfm.elcorteingles.es/SGFM/00/01/1/0118029300011/0118029300011000g01011.jpg","price":"4,15 €","price_unit":"(51,88 € / Kilo)","categories":["Supermercado","Alimentación General","Conservas de pescado","Huevas de pescado","ORTIZ huevas de caballa en aceite de oliva lata 80"],"general_information":[],"ingredients":[],"ean":"8411320739006"},{"full_name":"UBAGO huevas de caballa en aceite de girasol lata 65 g","name":"huevas de caballa en aceite de girasol lata 65 g","brand":"UBAGO ","img":"https://sgfm.elcorteingles.es/SGFM/dctm/MEDIA02/CONTENIDOS/201410/02/00118021200177____1__600x600.jpg","price":"2,60 €","price_unit":"(40 € / Kilo)","categories":["Supermercado","Alimentación General","Conservas de pescado","Huevas de pescado","UBAGO huevas de caballa en aceite de girasol lata 65 g"],"general_information":["Denominación del alimento: Huevas de caballa en aceite de girasol.","País de origen: Cabo Verde","Nombre del operador: UBAGO GROUP MARE S.L.","Dirección del operador: C/Charles Darwin, 3. 29590 Málaga","Cantidad Neta: 90 g","Peso neto escurrido: 65 g","Otras menciones obligatorias en la etiqueta: Una vez abierto, mantener en refrigeración y consumir antes de 2 días."],"ingredients":[" Huevas de caballa (72%), aceite de girasol (27%) y sal."],"conservation":" Conservar en un lugar fresco y seco","ean":"8410155002170"},{"full_name":"UBAGO huevas de bacalao lata 200 g","name":"huevas de bacalao lata 200 g","brand":"UBAGO ","img":"https://sgfm.elcorteingles.es/SGFM/00/08/6/0118029300086/0118029300086000g01011.jpg","price":"1,81 €","price_unit":"(9,05 € / Kilo)","categories":["Supermercado","Alimentación General","Conservas de pescado","Huevas de pescado","UBAGO huevas de bacalao lata 200 g"],"general_information":["Denominación del alimento: Hígado de bacalao.","País de origen: Dinamarca","Nombre del operador: UBAGO GROUP MARE S.L.","Dirección del operador: C/Charles Darwin, 3. 29590 Málaga","Cantidad Neta: 200 g","Otras menciones obligatorias en la etiqueta: Una vez abierto, mantener en refrigeración y consumir antes de 2 días."],"ingredients":[" Huevas de bacalao (25%), huevas de platija (20%), huevas de limanda (10%), agua, aceite de girasol, concentrado de tomate, sal, estabilizadores (E-407 y E-410) y especias"],"conservation":" Conservar en un lugar fresco y seco.","ean":"8410155010038"},{"full_name":"OFFICER huevas de bacalao prensadas envase 200 g neto escurrido","name":"huevas de bacalao prensadas envase 200 g neto escurrido","brand":"OFFICER ","img":"https://sgfm.elcorteingles.es/SGFM//00/07/8/0118029300078/0118029300078000g01011.jpg","price":"3,09 €","price_unit":"(15,45 € / Kilo)","categories":["Supermercado","Alimentación General","Conservas de pescado","Huevas de pescado","OFFICER huevas de bacalao prensadas envase 200 g neto escurrido"],"general_information":["Denominación del alimento: Huevas de bacalao prensadas.","Nombre del operador: VELDIS, S.A.","Dirección del operador: C/Puerto de Navacerrada, 59, 28935 Móstoles (Madrid).","Cantidad Neta: 200 g","Otras menciones obligatorias en la etiqueta: Envasado en atmósfera protectora. REGISTRO SANITARIO FABRICANTE: DK 2024 EC"],"ingredients":[" Huevas de bacalao (pescado)  (55%), agua, almidón, pasta de tomate, aceite de nabina, fibras vegetales, sal. Estabilizantes: carragenano, goma garrofín."],"conservation":" Una vez abierto conservar en el frigorífico máximo a 5ºC 3-4 días.","ean":"5702024006918"},{"full_name":"USISA huevas de bacalao en aceite de oliva lata 73 g neto escurrido","name":"huevas de bacalao en aceite de oliva lata 73 g neto escurrido","brand":"USISA ","img":"https://sgfm.elcorteingles.es/SGFM/dctm/MEDIA02/CONTENIDOS/201410/02/00118029300029____1__600x600.jpg","price":"5,15 €","price_unit":"(70,55 € / Kilo)","categories":["Supermercado","Alimentación General","Conservas de pescado","Huevas de pescado","USISA huevas de bacalao en aceite de oliva lata 73 g neto escurrido"],"general_information":["Denominación del alimento: Huevas de Bacalao en Aceite de Oliva","País de origen: España","Nombre del operador: Unión Salazonera Isleña S.A","Dirección del operador: Polígono Industrial La Dehesa s/n. Isla Cristina (Huelva)","Cantidad Neta: 112 g","Peso neto escurrido: 73 g"],"ingredients":[" Huevas de Bacalao, Aceite de Oliva, Sal"],"conservation":" Conservar en lugar fresco y seco. Una vez abierto mantener en refrigeración.","ean":"8411735800100"},{"full_name":"DANI huevas de bacalao envase 200 g","name":"huevas de bacalao envase 200 g","brand":"DANI ","img":"https://sgfm.elcorteingles.es/SGFM/dctm/MEDIA02/CONTENIDOS/201409/23/00118029300144____1__600x600.jpg","price":"1,52 €","price_unit":"(7,60 € / Kilo)","categories":["Supermercado","Alimentación General","Conservas de pescado","Huevas de pescado","DANI huevas de bacalao envase 200 g"],"general_information":["Denominación del alimento: Huevas de bacalao","Nombre del operador: Conservas Dani S.A.U.","Dirección del operador: Pol. Ind. \"Els Garrofers\" · Parc 32-35-37 08340  Vilassar de Mar (Barcelona)","Cantidad Neta: 200,0 g"],"ingredients":[" 55% Huevas, 36% agua, 3% almidón de patata, aceite vegetal, tomate, sal y estabilizantes E407 y E410."],"conservation":" Conservar apartado de la luz solar, una vez abierto guardar en nevera y consumir en un plazo de 3 días.","ean":"8410721111541"},{"full_name":"TEJERO huevas de bacalao prensadas lata 200 g neto escurrido","name":"huevas de bacalao prensadas lata 200 g neto escurrido","brand":"TEJERO ","img":"https://sgfm.elcorteingles.es/SGFM/00/22/7/0118029300227/0118029300227000g01011.jpg","price":"2,38 €","price_unit":"(11,90 € / Kilo)","categories":["Supermercado","Alimentación General","Conservas de pescado","Huevas de pescado","TEJERO huevas de bacalao prensadas lata 200 g neto escurrido"],"general_information":["Denominación del alimento: Huevas de Bacalao","País de origen: Dinamarca","Nombre del operador: Unión Salazonera Isleña S.A","Dirección del operador: Polígono Industrial La Dehesa s/n. Isla Cristina (Huelva)","Cantidad Neta: 200 g","Peso neto escurrido: 200 g"],"ingredients":[" Huevas de bacalao (Bacalao, Platija, Limanda japonesa), Agua, Aceite vegetal, Puré de Tomate, Sal, Estabilizadores E-407y E-410 y Especias"],"conservation":" Conservar en lugar fresco y seco. Una vez abierto mantener en refrigeración.","ean":"8411735004812"},{"full_name":"AGROMAR caviar de oricios lata 70 g neto escurrido","name":"caviar de oricios lata 70 g neto escurrido","brand":"AGROMAR ","img":"https://sgfm.elcorteingles.es/SGFM/dctm/MEDIA02/CONTENIDOS/201410/27/00118022600144____1__600x600.jpg","price":"11,55 €","price_unit":"(165 € / Kilo)","categories":["Supermercado","Alimentación General","Conservas de pescado","Huevas de pescado","AGROMAR caviar de oricios lata 70 g neto escurrido"],"general_information":["Denominación del alimento: Caviar de Erizos de mar","Nombre del operador: Conservas Agromar S.A.","Dirección del operador: Muelle de Rendiello s/n. Puerto de El Musel 33290 Gijón, Asturias, España.","Cantidad Neta: 68 g","Peso neto escurrido: 65 g"],"ingredients":[" Huevas de erizo de mar y sal."],"ean":"8414947000054"},{"full_name":"TEJERO huevas bacalao en aceite oliva lata 73 g neto escurrido","name":"huevas bacalao en aceite oliva lata 73 g neto escurrido","brand":"TEJERO ","img":"https://sgfm.elcorteingles.es/SGFM/dctm/MEDIA02/CONTENIDOS/201412/10/00200129300026____2__600x600.jpg","price":"2,81 €","price_unit":"(38,49 € / Kilo)","categories":["Supermercado","Alimentación General","Conservas de pescado","Huevas de pescado","TEJERO huevas bacalao en aceite oliva lata 73 g neto escurrido"],"general_information":["Denominación del alimento: Huevas de Bacalao en Aceite de Oliva","País de origen: España","Nombre del operador: Unión Salazonera Isleña S.A","Dirección del operador: Polígono Industrial La Dehesa s/n. Isla Cristina (Huelva)","Cantidad Neta: 112 g","Peso neto escurrido: 73 g"],"ingredients":[" Huevas de Bacalao, Aceite de Oliva, Sal"],"conservation":" Conservar en lugar fresco y seco. Una vez abierto mantener en refrigeración.","ean":"8411735800117"},{"full_name":"OFFICER hígado de bacalao ahumado en su aceite lata 120 g neto escurrido","name":"hígado de bacalao ahumado en su aceite lata 120 g neto escurrido","brand":"OFFICER ","img":"https://sgfm.elcorteingles.es/SGFM/dctm/MEDIA02/CONTENIDOS/201501/27/00118029300060____1__600x600.jpg","price":"2,82 €","price_unit":"(23,50 € / Kilo)","categories":["Supermercado","Alimentación General","Conservas de pescado","Hígado de bacalao","OFFICER hígado de bacalao ahumado en su aceite lata 120 g neto escurrido"],"general_information":["Denominación del alimento: Hígado de bacalao ahumado en su aceite","País de origen: Islandia","Nombre del operador: VELDIS, S.A.","Dirección del operador: Calle Puerto de Navacerrada, 59. 28935 Móstoles (Madrid)","Cantidad Neta: 120 g"],"ingredients":[" Hígado de bacalao ahumado en su propio aceite (99%), sal."],"conservation":" Una vez abierto, conservar en el frigorífico máx. 5ºC 3-4 días.","ean":"5702024200552"},{"full_name":"UBAGO hígado de bacalao ahumado en su propio aceite lata 60 g","name":"hígado de bacalao ahumado en su propio aceite lata 60 g","brand":"UBAGO ","img":"https://sgfm.elcorteingles.es/SGFM/00/13/6/0118029300136/0118029300136000g01011.jpg","price":"2,34 €","price_unit":"(39 € / Kilo)","categories":["Supermercado","Alimentación General","Conservas de pescado","Hígado de bacalao","UBAGO hígado de bacalao ahumado en su propio aceite lata 60 g"],"general_information":["Denominación del alimento: Hígado de bacalao ahumado.","País de origen: Islandia","Nombre del operador: UBAGO GROUP MARE S.L.","Dirección del operador: C/Charles Darwin, 3. 29590 Málaga","Cantidad Neta: 100 g","Otras menciones obligatorias en la etiqueta: Una vez abierto, mantener en refrigeración y consumir antes de 2 días."],"ingredients":[" Higado de bacalao y sal"],"conservation":" Conservar en un lugar fresco y seco.","ean":"8410155010069"},{"full_name":"PORTOMAR SERIE NAUTICA angulas en aceite de oliva lata 55 g","name":"angulas en aceite de oliva lata 55 g","brand":"PORTOMAR SERIE NAUTICA ","price":"16,95 €            ","price_unit":"(290 € / Kilo)","categories":["Supermercado","Alimentación General","Conservas de pescado","Angulas","PORTOMAR SERIE NAUTICA angulas en aceite de oliva lata 55 g"],"general_information":[],"ingredients":[],"ean":"8436035155590"},{"full_name":"PORTOMAR SERIE NAUTICA angulas lata 63 g + gambas lata 63 g","name":"angulas lata 63 g + gambas lata 63 g","brand":"PORTOMAR SERIE NAUTICA ","img":"https://sgfm.elcorteingles.es/SGFM/dctm/MEDIA03/201611/04/00200121200711____1__600x600.jpg","price":"7,90 €","price_unit":"(62,70 € / Kilo)","categories":["Supermercado","Alimentación General","Conservas de pescado","Angulas","PORTOMAR SERIE NAUTICA angulas lata 63 g + gambas lata 63 g"],"general_information":[],"ingredients":[],"ean":"8436035150441"}]