[{"full_name":"EL CORTE INGLES crema de cacao con avellanas bote 500 g","name":"crema de cacao con avellanas bote 500 g","brand":"EL CORTE INGLES ","img":"https://sgfm.elcorteingles.es/SGFM/dctm/MEDIA03/201607/28/00120647800976____2__600x600.jpg","price":"2,59 €","price_unit":"(5,18 € / Kilo)","categories":["Supermercado","Desayunos Dulces y pan","Desayunos, dulces y pan","Cremas de cacao, cacahuete...","Crema de cacao y dulce de leche","EL CORTE INGLES crema de cacao con avellanas bote 500 g"],"general_information":["Denominación del alimento: Crema al cacao con avellanas","Nombre del operador: Elaborado para \n El Corte Inglés  por  Juan y Juan Industrial, S.L.U. C/Camí de la Font, nº11 46720 Villalonga (Valencia) España","Cantidad Neta: 500 g","Número de raciones por envase: 25.0"],"ingredients":[" Ingredientes: Azúcar, aceite vegetal de palma, avellanas (13%), cacao desgrasado en polvo (8%), suero de leche en polvo, leche desnatada en polvo, emulgente: lecitina de soja, grasa vegetal de palma, proteínas de la leche y aromas."],"conservation":" Mantener fuera del frigorífico, conservar en un lugar fresco y seco y no expuesto a la luz.","ean":"8433329054300"},{"full_name":"ALIADA crema de cacao con avellanas tarro 500 g","name":"crema de cacao con avellanas tarro 500 g","brand":"ALIADA ","img":"https://sgfm.elcorteingles.es/SGFM/00/67/9/0120647800679/0120647800679000g01011.jpg","price":"1,65 €","price_unit":"(3,30 € / Kilo)","categories":["Supermercado","Desayunos Dulces y pan","Desayunos, dulces y pan","Cremas de cacao, cacahuete...","Crema de cacao y dulce de leche","ALIADA crema de cacao con avellanas tarro 500 g"],"general_information":["Denominación del alimento: Crema al cacao con avellanas","Nombre del operador: Elaborado para el \n Grupo El Corte Inglés\nHermosilla, 112   28009 Madrid - España \npor NIF: B-98189129","Cantidad Neta: 500 g","Número de raciones por envase: 25.0"],"ingredients":[" Ingredientes: Azúcar, aceite  vegetal de palma, suero de leche en polvo, cacao desgrasado en polvo  (5%), avellanas (5%),  leche desnatada en polvo, emulgente: lecitina de soja, aromas y proteínas de la leche."],"conservation":" Mantener fuera del frigorífico, conservar en un  lugar fresco y seco y no expuesto  a la luz solar directa.","ean":"8433329002721"},{"full_name":"ALIADA crema de cacao con avellanas 2 sabores tarro 500 g","name":"crema de cacao con avellanas 2 sabores tarro 500 g","brand":"ALIADA ","img":"https://sgfm.elcorteingles.es/SGFM/00/68/7/0120647800687/0120647800687000g01011.jpg","price":"1,65 €","price_unit":"(3,30 € / Kilo)","categories":["Supermercado","Desayunos Dulces y pan","Desayunos, dulces y pan","Cremas de cacao, cacahuete...","Crema de cacao y dulce de leche","ALIADA crema de cacao con avellanas 2 sabores tarro 500 g"],"general_information":["Denominación del alimento: Crema al cacao con avellanas 2 sabores","Nombre del operador: Elaborado para el \n Grupo El Corte Inglés\nHermosilla, 112   28009 Madrid - España \npor NIF: B-98189129","Cantidad Neta: 500 g","Número de raciones por envase: 25.0"],"ingredients":[" Ingredientes:  Azúcar, aceite vegetal de palma, leche desnatada en polvo (4,5 %) (equivalente a 36% de leche desnatada reconstituida), avellanas (4%), suero de leche en polvo, cacao desgrasado en polvo (2%), lactosa, emulgente: lecitina de soja, aroma y proteína de la leche."],"conservation":" Mantener fuera del frigorífico, conservar en un  lugar fresco y seco y no expuesto  a la luz solar directa.","ean":"8433329002738"},{"full_name":"NOCILLA Original tarro 1 kg","name":"Original tarro 1 kg","brand":"NOCILLA ","img":"https://sgfm.elcorteingles.es/SGFM/dctm/MEDIA03/201605/27/00120647800745____1__600x600.jpg","price":"6,73 €","price_unit":"(6,73 € / Kilo)","categories":["Supermercado","Desayunos Dulces y pan","Desayunos, dulces y pan","Cremas de cacao, cacahuete...","Crema de cacao y dulce de leche","NOCILLA Original tarro 1 kg"],"general_information":["Denominación del alimento: Crema al cacao con avellanas","País de origen: España","Nombre del operador: IDILIA FOODS, S.L.","Dirección del operador: LEPANTO 410-414 08025-Barcelona","Cantidad Neta: 1 Kilogramos"],"ingredients":[" Azúcar, aceites vegetales de palma, girasol y girasol alto oleico, cacao desgrasado en polvo (8,5%), leche desnatada en polvo (4,5%), avellanas (4%), sólidos lácteos, emulgente (lecitina de soja), aroma. Puede contener otros frutos de cáscara."],"conservation":" Mantener fuera del frigorífico, en lugar fresco y seco","ean":"8410014345387"},{"full_name":"NOCILLA Chocoleche tarro 1 kg","name":"Chocoleche tarro 1 kg","brand":"NOCILLA ","img":"https://sgfm.elcorteingles.es/SGFM/dctm/MEDIA03/201605/27/00120647800752____1__600x600.jpg","price":"6,73 €","price_unit":"(6,73 € / Kilo)","categories":["Supermercado","Desayunos Dulces y pan","Desayunos, dulces y pan","Cremas de cacao, cacahuete...","Crema de cacao y dulce de leche","NOCILLA Chocoleche tarro 1 kg"],"general_information":["Denominación del alimento: Doble crema al cacao y leche con avellanas","País de origen: España","Nombre del operador: IDILIA FOODS, S.L.","Dirección del operador: LEPANTO 410-414 08025-Barcelona","Cantidad Neta: 1 Kilogramos"],"ingredients":[" Azúcar, aceites vegetales de palma, girasol y girasol alto oleico, leche desnatada en polvo (6,9%), sólidos lácteos, cacao desgrasado en polvo (4,3%), avellanas (3,9%), emulgente (lecitina de soja), aromas. Puede contener otros frutos de cáscara."],"conservation":" Mantener fuera del frigorífico, en lugar fresco y seco","ean":"8410014345479"},{"full_name":"NOCILLA Original formato ahorro tarrina 650 g","name":"Original formato ahorro tarrina 650 g","brand":"NOCILLA ","img":"https://sgfm.elcorteingles.es/SGFM/dctm/MEDIA03/201609/30/00120647800919____1__600x600.jpg","price":"4,40 €","price_unit":"(6,77 € / Kilo)","categories":["Supermercado","Desayunos Dulces y pan","Desayunos, dulces y pan","Cremas de cacao, cacahuete...","Crema de cacao y dulce de leche","NOCILLA Original formato ahorro tarrina 650 g"],"general_information":["Denominación del alimento: Crema al cacao con avellanas","País de origen: España","Nombre del operador: IDILIA FOODS, S.L.","Dirección del operador: LEPANTO 410-414 08025-Barcelona","Cantidad Neta: 0.65 Kilogramos"],"ingredients":[" azúcar, aceites vegetales de palma, girasol y girasol alto oleico, cacao desgrasado en polvo (8,5%), leche desnatada en polvo (4,5%), avellanas (4%), sólidos lácteos, emulgente (lecitina de soja), aroma. Puede contener otros frutos de cáscara."],"conservation":" Mantener fuera del frigorífico, en lugar fresco y seco","ean":"8410014930064"},{"full_name":"NOCILLA Chocoleche tarrina 650 g","name":"Chocoleche tarrina 650 g","brand":"NOCILLA ","img":"https://sgfm.elcorteingles.es/SGFM/dctm/MEDIA03/201609/30/00120647800927____1__600x600.jpg","price":"4,40 €","price_unit":"(6,77 € / Kilo)","categories":["Supermercado","Desayunos Dulces y pan","Desayunos, dulces y pan","Cremas de cacao, cacahuete...","Crema de cacao y dulce de leche","NOCILLA Chocoleche tarrina 650 g"],"general_information":["Denominación del alimento: Doble crema al cacao y leche con avellanas","País de origen: España","Nombre del operador: IDILIA FOODS, S.L.","Dirección del operador: LEPANTO 410-414 08025-Barcelona","Cantidad Neta: 0.65 Kilogramos"],"ingredients":[" azúcar, aceites vegetales de palma, girasol y girasol alto oleico, leche desnatada en polvo (6,9%), sólidos lácteos, cacao desgrasado en polvo (4,3%), avellanas (3,9%), emulgente (lecitina de soja), aromas. Puede contener otros frutos de cáscara."],"conservation":" Mantener fuera del frigorífico, en lugar fresco y seco","ean":"8410014930071"},{"full_name":"NOCILLA crema de cacao original los vasos de los Reyes Magos pack de 3 vasos de 200 g","name":"crema de cacao original los vasos de los Reyes Magos pack de 3 vasos de  200 g","brand":"NOCILLA ","img":"https://sgfm.elcorteingles.es/SGFM/dctm/MEDIA03/201610/05/00120647801024____2__600x600.jpg","price":"5,95 €","price_unit":"(7,93 € / Kilo)","categories":["Supermercado","Desayunos Dulces y pan","Desayunos, dulces y pan","Cremas de cacao, cacahuete...","Crema de cacao y dulce de leche","NOCILLA crema de cacao original los vasos de los Reyes Magos pack de 3 vasos de 200 g"],"general_information":[],"ingredients":[],"ean":"8410014443090"},{"full_name":"NOCILLA crema de cacao duo los vasos de los Reyes Magos pack de 3 vasos de 200 g","name":"crema de cacao duo los vasos de los Reyes Magos pack de 3 vasos de  200 g","brand":"NOCILLA ","img":"https://sgfm.elcorteingles.es/SGFM/dctm/MEDIA03/201610/05/00120647801032____2__600x600.jpg","price":"5,95 €","price_unit":"(7,93 € / Kilo)","categories":["Supermercado","Desayunos Dulces y pan","Desayunos, dulces y pan","Cremas de cacao, cacahuete...","Crema de cacao y dulce de leche","NOCILLA crema de cacao duo los vasos de los Reyes Magos pack de 3 vasos de 200 g"],"general_information":[],"ingredients":[],"ean":"8410014443137"},{"full_name":"NOCILLA Original vaso 400 g","name":"Original vaso 400 g","brand":"NOCILLA ","img":"https://sgfm.elcorteingles.es/SGFM/dctm/MEDIA03/201702/21/00120647800703____2__600x600.jpg","price":"3,02 €","price_unit":"(7,55 € / Kilo)","categories":["Supermercado","Desayunos Dulces y pan","Desayunos, dulces y pan","Cremas de cacao, cacahuete...","Crema de cacao y dulce de leche","NOCILLA Original vaso 400 g"],"general_information":["Denominación del alimento: Crema al cacao con avellanas","País de origen: España","Nombre del operador: IDILIA FOODS, S.L.","Dirección del operador: LEPANTO 410-414 08025-Barcelona","Cantidad Neta: 0.4 Kilogramos"],"ingredients":[" Azúcar, aceites vegetales de palma, girasol y girasol alto oleico, cacao desgrasado en polvo (8,5%), leche desnatada en polvo (4,5%), avellanas (4%), sólidos lácteos, emulgente (lecitina de soja), aroma. Puede contener otros frutos de cáscara."],"conservation":" Mantener fuera del frigorífico, en lugar fresco y seco","ean":"8410014308603"},{"full_name":"NOCILLA Chocoleche vaso 400 g","name":"Chocoleche vaso 400 g","brand":"NOCILLA ","img":"https://sgfm.elcorteingles.es/SGFM/dctm/MEDIA03/201702/21/00120647800711____2__600x600.jpg","price":"3,02 €","price_unit":"(7,55 € / Kilo)","categories":["Supermercado","Desayunos Dulces y pan","Desayunos, dulces y pan","Cremas de cacao, cacahuete...","Crema de cacao y dulce de leche","NOCILLA Chocoleche vaso 400 g"],"general_information":["Denominación del alimento: Doble crema al cacao y leche con avellanas","País de origen: España","Nombre del operador: IDILIA FOODS, S.L.","Dirección del operador: LEPANTO 410-414 08025-Barcelona","Cantidad Neta: 0.4 Kilogramos"],"ingredients":[" Azúcar, aceites vegetales de palma, girasol y girasol alto oleico, leche desnatada en polvo (6,9%), sólidos lácteos, cacao desgrasado en polvo (4,3%), avellanas (3,9%), emulgente (lecitina de soja), aromas. Puede contener otros frutos de cáscara."],"conservation":" Mantener fuera del frigorífico, en lugar fresco y seco","ean":"8410014308610"},{"full_name":"NOCILLA Original vaso 200 g","name":"Original vaso 200 g","brand":"NOCILLA ","img":"https://sgfm.elcorteingles.es/SGFM/dctm/MEDIA03/201702/21/00120647800380____1__600x600.jpg","price":"1,91 €","price_unit":"(9,55 € / Kilo)","categories":["Supermercado","Desayunos Dulces y pan","Desayunos, dulces y pan","Cremas de cacao, cacahuete...","Crema de cacao y dulce de leche","NOCILLA Original vaso 200 g"],"general_information":["Denominación del alimento: Crema al cacao con avellanas","País de origen: España","Nombre del operador: IDILIA FOODS, S.L.","Dirección del operador: LEPANTO 410-414 08025-Barcelona","Cantidad Neta: 0.2 Kilogramos"],"ingredients":[" Azúcar, aceites vegetales de palma, girasol y girasol alto oleico, cacao desgrasado en polvo (8,5%), leche desnatada en polvo (4,5%), avellanas (4%), sólidos lácteos, emulgente (lecitina de soja), aroma. Puede contener otros frutos de cáscara."],"conservation":" Mantener fuera del frigorífico, en lugar fresco y seco","ean":"8410014929976"},{"full_name":"NOCILLA crema de cacao chocoleche vaso 200 g","name":"crema de cacao chocoleche vaso 200 g","brand":"NOCILLA ","img":"https://sgfm.elcorteingles.es/SGFM/dctm/MEDIA03/201702/21/00200247800360____1__600x600.jpg","price":"1,88 €","price_unit":"(9,40 € / Kilo)","categories":["Supermercado","Desayunos Dulces y pan","Desayunos, dulces y pan","Cremas de cacao, cacahuete...","Crema de cacao y dulce de leche","NOCILLA crema de cacao chocoleche vaso 200 g"],"general_information":["Denominación del alimento: Doble crema al cacao y leche con avellanas","País de origen: España","Nombre del operador: IDILIA FOODS, S.L.","Dirección del operador: LEPANTO 410-414 08025-Barcelona","Cantidad Neta: 0.2 Kilogramos"],"ingredients":[" Azúcar, aceites vegetales de palma, girasol y girasol alto oleico, leche desnatada en polvo (6,9%), sólidos lácteos, cacao desgrasado en polvo (4,3%), avellanas (3,9%), emulgente (lecitina de soja), aromas. Puede contener otros frutos de cáscara."],"conservation":" Mantener fuera del frigorífico, en lugar fresco y seco","ean":"8410014929983"},{"full_name":"NOCILLA Almendras vaso 190 g","name":"Almendras vaso 190 g","brand":"NOCILLA ","img":"https://sgfm.elcorteingles.es/SGFM/dctm/MEDIA03/201702/21/00200247800840____1__600x600.jpg","price":"1,95 €","price_unit":"(10,26 € / Kilo)","categories":["Supermercado","Desayunos Dulces y pan","Desayunos, dulces y pan","Cremas de cacao, cacahuete...","Crema de cacao y dulce de leche","NOCILLA Almendras vaso 190 g"],"general_information":["Denominación del alimento: Crema con almendras","País de origen: España","Nombre del operador: Idilia Foods SL.","Dirección del operador: Lepanto, 410-414 08025-Barcelona","Cantidad Neta: 0.19 Kilogramos"],"ingredients":[" Azúcar, aceites vegetales de palma y girasol alto oleico, almendras (10%), sólidos lácteos, leche desnatada en polvo, cacao desgrasado en polvo, emulgente (lecitina de soja), aromas. Contiene otros frutos de cáscara."],"conservation":" Mantener fuera del frigorífico, en lugar fresco y seco","ean":"8410014929150"},{"full_name":"NOCILLA Leche vaso 190 g","name":"Leche vaso 190 g","brand":"NOCILLA ","img":"https://sgfm.elcorteingles.es/SGFM/dctm/MEDIA03/201702/21/00120647800612____1__600x600.jpg","price":"1,78 €","price_unit":"(9,37 € / Kilo)","categories":["Supermercado","Desayunos Dulces y pan","Desayunos, dulces y pan","Cremas de cacao, cacahuete...","Crema de cacao y dulce de leche","NOCILLA Leche vaso 190 g"],"general_information":["Denominación del alimento: Crema de leche con avellanas","País de origen: España","Nombre del operador: IDILIA FOODS, S.L.","Dirección del operador: LEPANTO 410-414 08025-Barcelona","Cantidad Neta: 0.19 Kilogramos"],"ingredients":[" azúcar, aceites vegetales de palma, girasol y girasol alto oleico, leche desnatada en polvo (9,3%), sólidos lácteos, avellanas (3,8%), emulgente (lecitina de soja), aromas. Puede contener otros frutos de cáscara."],"conservation":" Mantener fuera del frigorífico, en lugar fresco y seco","ean":"8410014948618"},{"full_name":"NOCILLA Original 0% azúcares con stevia vaso 190 g","name":"Original 0% azúcares con stevia vaso 190 g","brand":"NOCILLA ","img":"https://sgfm.elcorteingles.es/SGFM/dctm/MEDIA03/201705/05/00120647801164____1__600x600.jpg","price":"2,30 €","price_unit":"(12,11 € / Kilo)","categories":["Supermercado","Desayunos Dulces y pan","Desayunos, dulces y pan","Cremas de cacao, cacahuete...","Crema de cacao y dulce de leche","NOCILLA Original 0% azúcares con stevia vaso 190 g"],"general_information":["Denominación del alimento: Crema al cacao con avellanas. Con edulcorantes.","País de origen: España","Nombre del operador: IDILIA FOODS, S.L.","Dirección del operador: LEPANTO 410-414 08025-Barcelona","Cantidad Neta: 0.19 Kilogramos"],"ingredients":[" edulcorantes (maltitol, glicósidos de esteviol), aceites vegetales (palma, girasol, girasol alto oleico), polidextrosa, cacao desgrasado en polvo (8,5%), leche desnatada en polvo (4,5%), avellanas (4%), sólidos lácteos, emulgentes (lecitina de soja, E 476), aromas. Puede contener otros frutos de cáscara."],"conservation":" Mantener fuera del frigorífico, en lugar fresco y seco","ean":"8410014448170"},{"full_name":"NOCILLA Sticks Original palitos con crema de cacao y avellana pack 2 unidades paquete 70 g","name":"Sticks Original palitos con crema de cacao y avellana pack 2 unidades paquete 70 g","brand":"NOCILLA ","img":"https://sgfm.elcorteingles.es/SGFM/dctm/MEDIA03/201704/28/00120647800299____7__600x600.jpg","price":"1,00 €","price_unit":"(14,29 € / Kilo)","categories":["Supermercado","Desayunos Dulces y pan","Desayunos, dulces y pan","Cremas de cacao, cacahuete...","Crema de cacao y dulce de leche","NOCILLA Sticks Original palitos con crema de cacao y avellana pack 2 unidades paquete 70 g"],"general_information":["Denominación del alimento: Crema al cacao con avellanas y palitos de pan","País de origen: España","Nombre del operador: Idilia Foods SL.","Dirección del operador: Lepanto, 410-414 08025-Barcelona","Cantidad Neta: 0.07 Kilogramos"],"ingredients":[" CREMA (67%): azúcar, aceites vegetales de palma, girasol y girasol alto oleico, cacao desgrasado en polvo (8,5%), leche desnatada en polvo (4,5%), avellanas (4%), sólidos lácteos, emulgente (lecitina de soja) y aroma, PALITOS DE PAN (33%): harina de trigo, aceite vegetal de palma, extracto de malta de cebada, sal y levadura. Puede contener otros frutos de cáscara, huevos."],"conservation":" Mantener fuera del frigorífico, en lugar fresco y seco","ean":"8410014410665"},{"full_name":"NUTELLA crema de avellanas y cacao formato familiar tarro 1000 g","name":"crema de avellanas y cacao formato familiar tarro 1000 g","brand":"NUTELLA ","img":"https://sgfm.elcorteingles.es/SGFM/dctm/MEDIA03/201703/28/00120647800869____1__600x600.jpg","price":"6,66 €            ","price_unit":"(6,29 € / Kilo)","categories":["Supermercado","Desayunos Dulces y pan","Desayunos, dulces y pan","Cremas de cacao, cacahuete...","Crema de cacao y dulce de leche","NUTELLA crema de avellanas y cacao formato familiar tarro 1000 g"],"general_information":["Denominación del alimento: Crema para untar de avellanas y cacao","Nombre del operador: Ferrero Ibérica, S.A.","Dirección del operador: WTC Almeda Park, Edificio 2 - 08940 Cornellà de Llobregat (Barcelona)","Cantidad Neta: 1000 g"],"ingredients":[" Azúcar, manteca de palma, avellanas (13%), leche desnatada en polvo (8,7%), cacao desgrasado (7,4%), emulgentes: lecitinas (soja), vainillina."],"conservation":" Conservar en lugar fresco y seco","ean":"8000500082379"},{"full_name":"NUTELLA crema de cacao con avellanas formato ahorro tarro 825 g","name":"crema de cacao con avellanas formato ahorro tarro 825 g","brand":"NUTELLA ","img":"https://sgfm.elcorteingles.es/SGFM/dctm/MEDIA03/201703/28/00120647800885____1__600x600.jpg","price":"5,69 €","price_unit":"(6,90 € / Kilo)","categories":["Supermercado","Desayunos Dulces y pan","Desayunos, dulces y pan","Cremas de cacao, cacahuete...","Crema de cacao y dulce de leche","NUTELLA crema de cacao con avellanas formato ahorro tarro 825 g"],"general_information":[],"ingredients":[],"ean":"3017620429262"},{"full_name":"NUTELLA crema de avellanas y cacao tarro 750 g","name":"crema de avellanas y cacao tarro 750 g","brand":"NUTELLA ","img":"https://sgfm.elcorteingles.es/SGFM/dctm/MEDIA03/201703/28/00120647801073____2__600x600.jpg","price":"5,78 €            ","price_unit":"(7,56 € / Kilo)","categories":["Supermercado","Desayunos Dulces y pan","Desayunos, dulces y pan","Cremas de cacao, cacahuete...","Crema de cacao y dulce de leche","NUTELLA crema de avellanas y cacao tarro 750 g"],"general_information":["Denominación del alimento: Crema para untar de avellanas y cacao","Nombre del operador: Ferrero Ibérica, S.A.","Dirección del operador: WTC Almeda Park, Edificio 2 - 08940 Cornellà de Llobregat (Barcelona)","Cantidad Neta: 750 g"],"ingredients":[" Azúcar, manteca de palma, avellanas (13%), leche desnatada en polvo (8,7%), cacao desgrasado (7,4%), emulgentes: lecitinas (soja), vainillina."],"conservation":" Conservar en lugar fresco y seco","ean":"3017620421006"},{"full_name":"NUTELLA crema de cacao con avellanas tarro 630 g","name":"crema de cacao con avellanas tarro 630 g","brand":"NUTELLA ","img":"https://sgfm.elcorteingles.es/SGFM/dctm/MEDIA03/201703/28/00120647800877____1__600x600.jpg","price":"4,56 €","price_unit":"(7,24 € / Kilo)","categories":["Supermercado","Desayunos Dulces y pan","Desayunos, dulces y pan","Cremas de cacao, cacahuete...","Crema de cacao y dulce de leche","NUTELLA crema de cacao con avellanas tarro 630 g"],"general_information":["Denominación del alimento: Crema para untar de avellanas y cacao","Nombre del operador: Ferrero Ibérica, S.A.","Dirección del operador: WTC Almeda Park, Edificio 2 - 08940 Cornellà de Llobregat (Barcelona)","Cantidad Neta: 630 g"],"ingredients":[" Azúcar, manteca de palma, avellanas (13%), leche desnatada en polvo (8,7%), cacao desgrasado (7,4%), emulgentes: lecitinas (soja), vainillina."],"conservation":" Conservar en lugar fresco y seco","ean":"0000059032823"},{"full_name":"NUTELLA crema de cacao con avellanas tarro 450 g","name":"crema de cacao con avellanas tarro 450 g","brand":"NUTELLA ","img":"https://sgfm.elcorteingles.es/SGFM/dctm/MEDIA03/201703/28/00120647800984____3__600x600.jpg","price":"3,59 €","price_unit":"(7,98 € / Kilo)","categories":["Supermercado","Desayunos Dulces y pan","Desayunos, dulces y pan","Cremas de cacao, cacahuete...","Crema de cacao y dulce de leche","NUTELLA crema de cacao con avellanas tarro 450 g"],"general_information":["Denominación del alimento: Crema para untar de avellanas y cacao","Nombre del operador: Ferrero Ibérica, S.A.","Dirección del operador: WTC Almeda Park, Edificio 2 - 08940 Cornellà de Llobregat (Barcelona)","Cantidad Neta: 450 g"],"ingredients":[" Azúcar, manteca de palma, avellanas (13%), leche desnatada en polvo (8,7%), cacao desgrasado (7,4%), emulgentes: lecitinas (soja), vainillina."],"conservation":" Conservar en lugar fresco y seco","ean":"0000080050865"},{"full_name":"NUTELLA crema de cacao con avellanas tarro 350 g","name":"crema de cacao con avellanas tarro 350 g","brand":"NUTELLA ","img":"https://sgfm.elcorteingles.es/SGFM/dctm/MEDIA03/201703/28/00120647801040____2__600x600.jpg","price":"3,03 €            ","price_unit":"(8,26 € / Kilo)","categories":["Supermercado","Desayunos Dulces y pan","Desayunos, dulces y pan","Cremas de cacao, cacahuete...","Crema de cacao y dulce de leche","NUTELLA crema de cacao con avellanas tarro 350 g"],"general_information":["Denominación del alimento: Crema para untar de avellanas y cacao","Nombre del operador: Ferrero Ibérica, S.A.","Dirección del operador: WTC Almeda Park, Edificio 2 - 08940 Cornellà de Llobregat (Barcelona)","Cantidad Neta: 350 g"],"ingredients":[" Azúcar, manteca de palma, avellanas (13%), leche desnatada en polvo (8,7%), cacao desgrasado (7,4%), emulgentes: lecitinas (soja), vainillina."],"conservation":" Conservar en lugar fresco y seco","ean":"0000080177173"},{"full_name":"NUTELLA crema de cacao con avellanas frasco 200 g","name":"crema de cacao con avellanas frasco 200 g","brand":"NUTELLA ","img":"https://sgfm.elcorteingles.es/SGFM/dctm/MEDIA03/201703/28/00120647800729____1__600x600.jpg","price":"2,23 €            ","price_unit":"(10,75 € / Kilo)","categories":["Supermercado","Desayunos Dulces y pan","Desayunos, dulces y pan","Cremas de cacao, cacahuete...","Crema de cacao y dulce de leche","NUTELLA crema de cacao con avellanas frasco 200 g"],"general_information":["Denominación del alimento: Crema para untar de avellanas y cacao","Nombre del operador: Ferrero Ibérica, S.A.","Dirección del operador: WTC Almeda Park, Edificio 2 - 08940 Cornellà de Llobregat (Barcelona)","Cantidad Neta: 200 g"],"ingredients":[" Azúcar, manteca de palma, avellanas (13%), leche desnatada en polvo (8,7%), cacao desgrasado (7,4%), emulgentes: lecitinas (soja), vainillina."],"conservation":" Conservar en lugar fresco y seco","ean":"0000080135463"},{"full_name":"NUTELLA B-ready cubierta de una fina y crujiente galleta paquete 220 g","name":"B-ready cubierta de una fina y crujiente galleta paquete 220 g","brand":"NUTELLA ","img":"https://sgfm.elcorteingles.es/SGFM/dctm/MEDIA03/201708/25/00200210002432____1__600x600.jpg","price":"3,02 €","price_unit":"(13,73 € / Kilo)","categories":["Supermercado","Desayunos Dulces y pan","Desayunos, dulces y pan","Cremas de cacao, cacahuete...","Crema de cacao y dulce de leche","NUTELLA B-ready cubierta de una fina y crujiente galleta paquete 220 g"],"general_information":["Denominación del alimento: Crujiente galleta rellena de crema para untar de avellanas y cacao NUTELLA con trocitos de galleta (2%).","Nombre del operador: Ferrero Ibérica, S.A.","Dirección del operador: WTC Almeda Park, Edificio 2 - 08940 Cornellà de Llobregat (Barcelona)","Cantidad Neta: 220 g"],"ingredients":[" Crema para untar de avellanas y cacao 81,5% (azúcar, manteca de palma, avellanas (13%), leche desnatada en polvo (8,7%), cacao desgrasado (7,4%), emulgentes: lecitinas (soja), vainillina), harina de trigo (16%), levadura de cerveza, extracto de malta de cebada, sal, leche desnatada en polvo, emulgentes: lecitinas (soja), proteínas de trigo, proteínas de la leche, agua)."],"conservation":" Conservar en lugar fresco y seco","ean":"8000500217078"},{"full_name":"NUTELLA B-ready cubierta de una fina y crujiente galleta paquete 132 g","name":"B-ready cubierta de una fina y crujiente galleta paquete 132 g","brand":"NUTELLA ","img":"https://sgfm.elcorteingles.es/SGFM/dctm/MEDIA03/201708/25/00120610002428____1__600x600.jpg","price":"1,99 €","price_unit":"(15,08 € / Kilo)","categories":["Supermercado","Desayunos Dulces y pan","Desayunos, dulces y pan","Cremas de cacao, cacahuete...","Crema de cacao y dulce de leche","NUTELLA B-ready cubierta de una fina y crujiente galleta paquete 132 g"],"general_information":["Denominación del alimento: Crujiente galleta rellena de crema para untar de avellanas y cacao NUTELLA con trocitos de galleta (2%).","Nombre del operador: Ferrero Ibérica, S.A.","Dirección del operador: WTC Almeda Park, Edificio 2 - 08940 Cornellà de Llobregat (Barcelona)","Cantidad Neta: 132 g"],"ingredients":[" Crema para untar de avellanas y cacao 81,5% (azúcar, manteca de palma, avellanas (13%), leche desnatada en polvo (8,7%), cacao desgrasado (7,4%), emulgentes: lecitinas (soja), vainillina), harina de trigo (16%), levadura de cerveza, extracto de malta de cebada, sal, leche desnatada en polvo, emulgentes: lecitinas (soja), proteínas de trigo, proteínas de la leche, agua)."],"conservation":" Conservar en lugar fresco y seco","ean":"8000500227848"},{"full_name":"BOLLYCAO Dip palitos de pan y crema al cacao bote 117 g","name":"Dip palitos de pan y crema al cacao bote 117 g","brand":"BOLLYCAO ","img":"https://sgfm.elcorteingles.es/SGFM/01/76/4/0200255301764/0200255301764000g01011.jpg","price":"1,12 €","price_unit":"(9,57 € / Kilo)","categories":["Supermercado","Desayunos Dulces y pan","Desayunos, dulces y pan","Cremas de cacao, cacahuete...","Crema de cacao y dulce de leche","BOLLYCAO Dip palitos de pan y crema al cacao bote 117 g"],"general_information":["Denominación del alimento: Producto de Bollería","Nombre del operador: Panrico, S.A.U.","Dirección del operador: Carretera de Sabadell a Mollet, Km 4,3, 08130 Santa Perpetua de Mogoda, Barcelona","Cantidad Neta: 516 g"],"ingredients":[" Palitos:Harina de trigo, grasa de palma, levadura, sal y malta de cebada. Crema: azúcar, aceites vegetales (palma, colza), avellanas (13%), cacao desgrasado en polvo (7%), leche desnatada en polvo , suero de leche en polvo, lactosa, emulgente (lecitina de girasol) y aromas. Puede contener trazas de almendras, nueces, sésamo, huevo, cacahuete y soja."],"conservation":" Conservar en lugar fresco y seco. Consumir preferentemente antes del: ver fecha impresa en envase","ean":"8410022100015"},{"full_name":"NOISETTI crema de cacao con avellanas sin lactosa envase 400 g","name":"crema de cacao con avellanas sin lactosa envase 400 g","brand":"NOISETTI ","img":"https://sgfm.elcorteingles.es/SGFM/dctm/MEDIA03/201609/09/00120716600315____1__600x600.jpg","price":"2,85 €","price_unit":"(7,12 € / Kilo)","categories":["Supermercado","Desayunos Dulces y pan","Desayunos, dulces y pan","Cremas de cacao, cacahuete...","Crema de cacao y dulce de leche","NOISETTI crema de cacao con avellanas sin lactosa envase 400 g"],"general_information":[],"ingredients":[],"ean":"3700255220280"},{"full_name":"LINDT crema de cacao y 40% de avellanas frasco 210 g","name":"crema de cacao y 40% de avellanas frasco 210 g","brand":"LINDT ","img":"https://sgfm.elcorteingles.es/SGFM/dctm/MEDIA03/201705/05/00120647801149____1__600x600.jpg","price":"7,99 €","price_unit":"(38,05 € / Kilo)","categories":["Supermercado","Desayunos Dulces y pan","Desayunos, dulces y pan","Cremas de cacao, cacahuete...","Crema de cacao y dulce de leche","LINDT crema de cacao y 40% de avellanas frasco 210 g"],"general_information":[],"ingredients":[],"ean":"8013108694400"},{"full_name":"LINDT Noir crema de cacao negro para untar frasco 210 g","name":"Noir crema de cacao negro para untar frasco 210 g","brand":"LINDT ","img":"https://sgfm.elcorteingles.es/SGFM/dctm/MEDIA03/201705/05/00120647801156____1__600x600.jpg","price":"7,99 €","price_unit":"(38,05 € / Kilo)","categories":["Supermercado","Desayunos Dulces y pan","Desayunos, dulces y pan","Cremas de cacao, cacahuete...","Crema de cacao y dulce de leche","LINDT Noir crema de cacao negro para untar frasco 210 g"],"general_information":[],"ingredients":[],"ean":"8013108694417"},{"full_name":"AMOR crema de avellanas y cacao sin aceite de palma tarro 350 g","name":"crema de avellanas y cacao sin aceite de palma tarro 350 g","brand":"AMOR ","img":"https://sgfm.elcorteingles.es/SGFM/dctm/MEDIA03/201709/14/00120647801214____1__600x600.jpg","price":"3,99 €","price_unit":"(11,40 € / Kilo)","categories":["Supermercado","Desayunos Dulces y pan","Desayunos, dulces y pan","Cremas de cacao, cacahuete...","Crema de cacao y dulce de leche","AMOR crema de avellanas y cacao sin aceite de palma tarro 350 g"],"general_information":[],"ingredients":[],"ean":"8001675551035"},{"full_name":"AMOR Crock crema de cacao con trocitos de avellana sin aceite de palma tarro 350 g","name":"Crock crema de cacao con trocitos de avellana sin aceite de palma tarro 350 g","brand":"AMOR ","img":"https://sgfm.elcorteingles.es/SGFM/dctm/MEDIA03/201709/14/00120647801222____1__600x600.jpg","price":"4,25 €","price_unit":"(12,14 € / Kilo)","categories":["Supermercado","Desayunos Dulces y pan","Desayunos, dulces y pan","Cremas de cacao, cacahuete...","Crema de cacao y dulce de leche","AMOR Crock crema de cacao con trocitos de avellana sin aceite de palma tarro 350 g"],"general_information":[],"ingredients":[],"ean":"8001675552353"},{"full_name":"LA LECHERA dulce de leche sabor a caramelo formato sirve fácil envase 450 g","name":"dulce de leche sabor a caramelo formato sirve fácil envase 450 g","brand":"LA LECHERA ","img":"https://sgfm.elcorteingles.es/SGFM/dctm/MEDIA02/CONTENIDOS/201409/05/00120647800901____3__600x600.jpg","price":"2,65 €","price_unit":"(5,89 € / Kilo)","categories":["Supermercado","Desayunos Dulces y pan","Desayunos, dulces y pan","Cremas de cacao, cacahuete...","Crema de cacao y dulce de leche","LA LECHERA dulce de leche sabor a caramelo formato sirve fácil envase 450 g"],"general_information":["Denominación del alimento: Dulce de leche","Nombre del operador: Nestlé España, S.A.","Dirección del operador: NESTLÉ ESPAÑA S.A. ? Av. Països Catalans, 25 ? 51 ? 08950 ? Esplugues de Llobregat (Barcelona)","Cantidad Neta: 450 g","Otras menciones obligatorias en la etiqueta: Envasado en atmósfera protectora."],"ingredients":[" 97,2% Leche condensada (leche, azúcar, lactosa), agua, estabilizante (fosfato disódico)."],"ean":"8410100002231"},{"full_name":"SPREAD CREAMS crema de chocolate negro con almendras sin aceite de palma bote 320 g","name":"crema de chocolate negro con almendras sin aceite de palma bote 320 g","brand":"SPREAD CREAMS ","img":"https://sgfm.elcorteingles.es/SGFM/dctm/MEDIA03/201709/19/00120647801180____2__600x600.jpg","price":"3,85 €","price_unit":"(12,03 € / Kilo)","categories":["Supermercado","Desayunos Dulces y pan","Desayunos, dulces y pan","Cremas de cacao, cacahuete...","Crema de cacao y dulce de leche","SPREAD CREAMS crema de chocolate negro con almendras sin aceite de palma bote 320 g"],"general_information":[],"ingredients":[],"ean":"8436570480010"},{"full_name":"SPREAD CREAMS crema de dulce de leche sin gluten bote 340 g","name":"crema de dulce de leche sin gluten bote 340 g","brand":"SPREAD CREAMS ","img":"https://sgfm.elcorteingles.es/SGFM/dctm/MEDIA03/201709/19/00120647801198____2__600x600.jpg","price":"2,58 €","price_unit":"(7,59 € / Kilo)","categories":["Supermercado","Desayunos Dulces y pan","Desayunos, dulces y pan","Cremas de cacao, cacahuete...","Crema de cacao y dulce de leche","SPREAD CREAMS crema de dulce de leche sin gluten bote 340 g"],"general_information":[],"ingredients":[],"ean":"8436570480027"},{"full_name":"MARDEL dulce de leche estilo casero tarro 450 g","name":"dulce de leche estilo casero tarro 450 g","brand":"MARDEL ","img":"https://sgfm.elcorteingles.es/SGFM/dctm/MEDIA03/201604/26/00120647800760____1__600x600.jpg","price":"3,89 €","price_unit":"(8,64 € / Kilo)","categories":["Supermercado","Desayunos Dulces y pan","Desayunos, dulces y pan","Cremas de cacao, cacahuete...","Crema de cacao y dulce de leche","MARDEL dulce de leche estilo casero tarro 450 g"],"general_information":["Denominación del alimento: Dulce de leche","Nombre del operador: Caro Import S.L.","Dirección del operador: Can Illa s/n Nave A ? Pol. Ind. Can Met Sidro - 08530 La Garriga (Barcelona)","Cantidad Neta: 450 g"],"ingredients":[" Azúcar, agua, leche entera en polvo (22%), jarabe de glucosa y fructosa, leche desnatada en polvo (5%) y aroma (vainilla)."],"conservation":" Conservar a temperatura ambiente. Una vez abierto conservar en frío.","ean":"8425206001484"},{"full_name":"HAVANNA dulce de leche tradicional frasco 250 g","name":"dulce de leche tradicional frasco 250 g","brand":"HAVANNA ","img":"https://sgfm.elcorteingles.es/SGFM/dctm/MEDIA02/CONTENIDOS/201406/04/00200247800857____1__600x600.jpg","price":"4,28 €","price_unit":"(17,12 € / Kilo)","categories":["Supermercado","Desayunos Dulces y pan","Desayunos, dulces y pan","Cremas de cacao, cacahuete...","Crema de cacao y dulce de leche","HAVANNA dulce de leche tradicional frasco 250 g"],"general_information":["Denominación del alimento: Dulce de Leche","Nombre del operador: Havanna","Dirección del operador: 08908","Cantidad Neta: 250 g"],"ingredients":[" Agua, azúcar, leche enter en polvo, jarabe de glucosa, eche desnatada en polvo, aroma (Vainilla), Coadyuvantes: Bicarbonato de sodio, enzima Lactasa (B- galactosidasa). Las presentaciones industriales contienen sorbato de potasio, conservante. No contiene colorantes y ni estabilizante."],"ean":"7791875100003"},{"full_name":"CHIMBOTE crema de dulce de leche tarro 350 g","name":"crema de dulce de leche tarro 350 g","brand":"CHIMBOTE ","img":"https://sgfm.elcorteingles.es/SGFM/00/03/0/0200247800030/0200247800030000g01011.jpg","price":"3,36 €","price_unit":"(9,60 € / Kilo)","categories":["Supermercado","Desayunos Dulces y pan","Desayunos, dulces y pan","Cremas de cacao, cacahuete...","Crema de cacao y dulce de leche","CHIMBOTE crema de dulce de leche tarro 350 g"],"general_information":["Denominación del alimento: Dulce de Leche","País de origen: Francia","Nombre del operador: La Franco Argentine, S.A.","Dirección del operador: 4 Place des Prêlets 02120 Sains-Richaumont - FRANCIA","Cantidad Neta: 350 g","Otras menciones obligatorias en la etiqueta: Con leche fresca"],"ingredients":[" Leche entera fresca, azúcar, leche descremada en polvo, aroma natural de vainilla."],"conservation":" Una vez abierto, conservar en el frigorífico.","ean":"3383670000141"},{"full_name":"SAN IGNACIO crema de dulce de leche frasco 450 g","name":"crema de dulce de leche frasco 450 g","brand":"SAN IGNACIO ","img":"https://sgfm.elcorteingles.es/SGFM/00/59/2/0200247800592/0200247800592000g01011.jpg","price":"4,11 €","price_unit":"(9,13 € / Kilo)","categories":["Supermercado","Desayunos Dulces y pan","Desayunos, dulces y pan","Cremas de cacao, cacahuete...","Crema de cacao y dulce de leche","SAN IGNACIO crema de dulce de leche frasco 450 g"],"general_information":["Denominación del alimento: Dulce de leche","País de origen: Argentina","Nombre del operador: Mariano Nicolas García La Mulata","Dirección del operador: C/Francisco Catoira, 36 bajos - 15007 A Coruña","Cantidad Neta: 450 g","Otras menciones obligatorias en la etiqueta: Libre de gluten. Máximo de humedad 30%, mínimo sólidos de leche 24%, máximo de materia grasa 5.9%, máximo de cenizas 2%."],"ingredients":[" Leche, azúcar blanca, glucosa de maíz, E-500ii como regulador de acidez y aromatizado con vainilla. Contiene leche."],"conservation":" Mantener en un lugar fresco. Una vez abierto conservar refrigerado.","ean":"7790244000401"},{"full_name":"ALMENDRINA crema de almendras bote 900 g","name":"crema de almendras bote 900 g","brand":"ALMENDRINA ","img":"https://sgfm.elcorteingles.es/SGFM/dctm/MEDIA03/201602/18/00120647800141____2__600x600.jpg","price":"6,41 €","price_unit":"(7,12 € / Kilo)","categories":["Supermercado","Desayunos Dulces y pan","Desayunos, dulces y pan","Cremas de cacao, cacahuete...","Crema de almendras y cacahuete","ALMENDRINA crema de almendras bote 900 g"],"general_information":["Denominación del alimento: Crema de almendras esterilizada.","Nombre del operador: Productos Klam, S.A.","Dirección del operador: C/Joan Alcover, 4. Políg. Industr. Agro-Reus - 43208 Reus (Tarragona) - España.","Cantidad Neta: 1,0 Kilogramos","Otras menciones obligatorias en la etiqueta: Sin conservantes. Sin colorantes. Sin colesterol. Sin gluten."],"ingredients":[" Almendras, jarabe de glucosa, azúcar, agua. Puede contener trazas de otros frutos secos."],"conservation":" Una vez abierto el envase, consérvese en el frigorífico.","ean":"8410636000015"},{"full_name":"SPREAD CREAMS crema de turrón de almendras sin gluten bote 300 g","name":"crema de turrón de almendras sin gluten bote 300 g","brand":"SPREAD CREAMS ","img":"https://sgfm.elcorteingles.es/SGFM/dctm/MEDIA03/201709/19/00120647801172____2__600x600.jpg","price":"4,10 €","price_unit":"(13,67 € / Kilo)","categories":["Supermercado","Desayunos Dulces y pan","Desayunos, dulces y pan","Cremas de cacao, cacahuete...","Crema de almendras y cacahuete","SPREAD CREAMS crema de turrón de almendras sin gluten bote 300 g"],"general_information":[],"ingredients":[],"ean":"8436570480034"},{"full_name":"CAPITAN MANI crema de cacahuete crujiente tarro 510 g","name":"crema de cacahuete crujiente tarro 510 g","brand":"CAPITAN MANI ","img":"https://sgfm.elcorteingles.es/SGFM/00/12/5/0120647800125/0120647800125000g01011.jpg","price":"4,01 €","price_unit":"(7,86 € / Kilo)","categories":["Supermercado","Desayunos Dulces y pan","Desayunos, dulces y pan","Cremas de cacao, cacahuete...","Crema de almendras y cacahuete","CAPITAN MANI crema de cacahuete crujiente tarro 510 g"],"general_information":["Denominación del alimento: Crema de cacahuete crujiente","País de origen: Estados Unidos","Nombre del operador: Alimentación Varma, S.L.","Dirección del operador: C/ La granja, 15 - Pol. Industrial Alcobendas. 28108 Alcobendas (Madrid) - España","Cantidad Neta: 510 g"],"ingredients":[" Cacahuetes 90%, azúcar de caña, aceite de palma y sal."],"conservation":" Conservar en lugar fresco y seco. Mantener alejado de la luz solar.","ean":"8425190232314"},{"full_name":"CAPITAN MANI crema de cacahuete suave tarro 510 g","name":"crema de cacahuete suave tarro 510 g","brand":"CAPITAN MANI ","img":"https://sgfm.elcorteingles.es/SGFM/dctm/MEDIA03/201610/28/00120647800133____1__600x600.jpg","price":"4,01 €","price_unit":"(7,86 € / Kilo)","categories":["Supermercado","Desayunos Dulces y pan","Desayunos, dulces y pan","Cremas de cacao, cacahuete...","Crema de almendras y cacahuete","CAPITAN MANI crema de cacahuete suave tarro 510 g"],"general_information":["Denominación del alimento: Crema de cacahuete suave","País de origen: Estados Unidos","Nombre del operador: Alimentación Varma, S.L.","Dirección del operador: C/ La granja, 15 - Pol. Industrial Alcobendas. 28108 Alcobendas (Madrid) - España","Cantidad Neta: 510 g"],"ingredients":[" Cacahuetes 90%, azúcar de caña, aceite de palma y sal."],"conservation":" Conservar en lugar fresco y seco. Mantener alejado de la luz solar.","ean":"8425190232321"},{"full_name":"SKIPPY crema de cacahuete suave tarro 340 g","name":"crema de cacahuete suave tarro 340 g","brand":"SKIPPY ","img":"https://sgfm.elcorteingles.es/SGFM/dctm/MEDIA02/CONTENIDOS/201505/05/00120647800950____2__600x600.jpg","price":"4,83 €","price_unit":"(14,21 € / Kilo)","categories":["Supermercado","Desayunos Dulces y pan","Desayunos, dulces y pan","Cremas de cacao, cacahuete...","Crema de almendras y cacahuete","SKIPPY crema de cacahuete suave tarro 340 g"],"general_information":[],"ingredients":[],"ean":"0037600106481"},{"full_name":"SKIPPY crema de cacahuete crujiente tarro 340 g","name":"crema de cacahuete crujiente tarro 340 g","brand":"SKIPPY ","img":"https://sgfm.elcorteingles.es/SGFM/dctm/MEDIA02/CONTENIDOS/201505/05/00120647800968____2__600x600.jpg","price":"4,74 €","price_unit":"(13,94 € / Kilo)","categories":["Supermercado","Desayunos Dulces y pan","Desayunos, dulces y pan","Cremas de cacao, cacahuete...","Crema de almendras y cacahuete","SKIPPY crema de cacahuete crujiente tarro 340 g"],"general_information":[],"ingredients":[],"ean":"0037600222174"}]