[{"full_name":"BLUE DRAGON alga sushi nori paquete 11 g","name":"alga sushi nori paquete 11 g","brand":"BLUE DRAGON ","img":"https://sgfm.elcorteingles.es/SGFM/dctm/MEDIA02/CONTENIDOS/201502/04/00118089302683____1__600x600.jpg","price":"2,60 €","price_unit":"(236,36 € / Kilo)","categories":["Supermercado","Dietéticos","Embutidos vegetales, tofu y algas","Algas","BLUE DRAGON alga sushi nori paquete 11 g"],"general_information":["Denominación del alimento: Alga nori","País de origen: Reino Unido","Nombre del operador: Ofistrade S.A.","Dirección del operador: C/Buenos Aires 38-40, entlo. C - 08036 Barcelona","Lugar de procedencia del alimento: Inglaterra","Cantidad Neta: 11 g"],"ingredients":[" Alga tostada (100%) - 5 hojas."],"conservation":" Consérvese en lugar fresco y seco.","ean":"5010338303006"},{"full_name":"FANYA tofú fresco suave bandeja 480 g","name":"tofú fresco suave bandeja 480 g","brand":"FANYA ","img":"https://sgfm.elcorteingles.es/SGFM/dctm/MEDIA03/201602/11/00118160500668____1__600x600.jpg","price":"2,99 €","price_unit":"(6,23 € / Kilo)","categories":["Supermercado","Alimentación General","Comida Internacional","Comida oriental","FANYA tofú fresco suave bandeja 480 g"],"general_information":[],"ingredients":[],"ean":"8428764492398"},{"full_name":"PORTO MUIÑOS ensalada de algas a la japonesa ecológica tarro 335 g","name":"ensalada de algas a la japonesa ecológica tarro 335 g","brand":"PORTO MUIÑOS ","img":"https://sgfm.elcorteingles.es/SGFM/dctm/MEDIA03/201702/28/00120734500356____1__600x600.jpg","price":"4,65 €","categories":["Supermercado","Dietéticos","Embutidos vegetales, tofu y algas","Algas","PORTO MUIÑOS ensalada de algas a la japonesa ecológica tarro 335 g"],"general_information":["Denominación del alimento: algas en conserva","Nombre del operador: Porto-Muiños S.L.","Dirección del operador: Pol. Ind. O Acevedo, parcela 114 - 15185 Cerceda (A Coruña)","Lugar de procedencia del alimento: Agricultura UE-No UE","Cantidad Neta: 170 g"],"ingredients":[" Alga espagueti de mar* (Himanthalia elongata) (21%), alga wakame* (Undaria pinnatifida)(21%), alga kombu* ((Laminaria ochroleuca), aceite de oliva virgen extra*, aceite de girasol*, salsa de soja (agua, soja, trigo, sal y koji), sésamo* y sal. *Ingredientes de producción ecológica. Puede contener moluscos, crustáceos y pescado"],"conservation":" Conservar en lugar fresco y seco, una vez abierto, en refrigeración no más de 48h","ean":"8437001470389"},{"full_name":"PORTO MUIÑOS algas de Galicia en sal wakame fresco tarrina 200 g","name":"algas de Galicia en sal wakame fresco tarrina 200 g","brand":"PORTO MUIÑOS ","img":"https://sgfm.elcorteingles.es/SGFM/00/03/5/0118175000035/0118175000035000g01011.jpg","price":"4,45 €","price_unit":"(22,25 € / Kilo)","categories":["Supermercado","Frescos","Frutas y verduras","Setas y algas deshidratadas","Algas","PORTO MUIÑOS algas de Galicia en sal wakame fresco tarrina 200 g"],"general_information":["Denominación del alimento: Algas en salazón","Nombre del operador: Porto-Muiños S.L.","Dirección del operador: Pol. Ind. O Acevedo, parcela 114 - 15185 Cerceda (A Coruña)","Lugar de procedencia del alimento: Agricultura UE FAO 27","Cantidad Neta: 200 g"],"ingredients":[" Alga Wakame (Undaria pinnatifida)  y sal marina"],"conservation":" Conservar en lugar fresco (entre 2 y 12ºC). Una vez abierto guardar en su recipiente original o uno hermético y consumir antes de la fecha de consumo preferente","ean":"8437001470327"},{"full_name":"PORTO MUIÑOS Agar Agar algas en polvo envase 200 g","name":"Agar Agar algas en polvo envase 200 g","brand":"PORTO MUIÑOS ","img":"https://sgfm.elcorteingles.es/SGFM/00/21/6/0120734500216/0120734500216000g01011.jpg","price":"13,95 €","price_unit":"(69,75 € / Kilo)","categories":["Supermercado","Dietéticos","Embutidos vegetales, tofu y algas","Algas","PORTO MUIÑOS Agar Agar algas en polvo envase 200 g"],"general_information":["Denominación del alimento: Agar en polvo","Nombre del operador: Porto-Muiños S.L.","Dirección del operador: Pol. Ind. O Acevedo, parcela 114 - 15185 Cerceda (A Coruña)","Cantidad Neta: 200 g","Peso neto escurrido: 200 g"],"ingredients":[" Agar agar"],"conservation":" Conservar bien cerrado en su envase original en lugar seco","ean":"8437001476510"},{"full_name":"PORTO MUIÑOS ensalada de algas marinas bolsa 50 g","name":"ensalada de algas marinas bolsa 50 g","brand":"PORTO MUIÑOS ","img":"https://sgfm.elcorteingles.es/SGFM/dctm/MEDIA02/CONTENIDOS/201410/16/00118175200056____1__600x600.jpg","price":"3,85 €","price_unit":"(77 € / Kilo)","categories":["Supermercado","Frescos","Frutas y verduras","Setas y algas deshidratadas","Algas","PORTO MUIÑOS ensalada de algas marinas bolsa 50 g"],"general_information":["Denominación del alimento: Algas deshidratadas","Nombre del operador: Porto-Muiños S.L.","Dirección del operador: Pol. Ind. O Acevedo, parcela 114 - 15185 Cerceda (A Coruña)","Lugar de procedencia del alimento: Agricultura UE/ no UE","Cantidad Neta: 50 g"],"ingredients":[" Alga wakame (Undaria pinnatifida), alga nori (Porphyra spp.) y alga lechuga de mar (Ulva spp.).Puede contener moluscos, crustáceos y pescado."],"conservation":" Conservar hermeticamente en lugar seco una vez abierto.","ean":"8437001476015"},{"full_name":"PORTO MUIÑOS tartar de algas a la aceituna negra de producción ecológica lata 180 g","name":"tartar de algas a la aceituna negra de producción ecológica lata 180 g","brand":"PORTO MUIÑOS ","img":"https://sgfm.elcorteingles.es/SGFM/dctm/MEDIA03/201701/16/00120734500364____1__600x600.jpg","price":"4,35 €","categories":["Supermercado","Dietéticos","Embutidos vegetales, tofu y algas","Algas","PORTO MUIÑOS tartar de algas a la aceituna negra de producción ecológica lata 180 g"],"general_information":["Denominación del alimento: Tartar","Nombre del operador: Porto-Muiños S.L.","Dirección del operador: Pol. Ind. O Acevedo, parcela 114 - 15185 Cerceda (A Coruña)","Cantidad Neta: 170 g","Peso neto escurrido: 170 g"],"ingredients":[" Alga espagueti de mar (Himanthalia elongata), alga wakame (Undaria pinnatifida), alga lechuga de mar (Ulva, spp.), aceite de oliva vírgen extra, pepinillo, aceite de girasol, cebolla, alcaparra, aceituna negra, agua, sal y especias Puede contener moluscos, crustáceos y pescado."],"conservation":" conservar en lugar fresco y seco, una vez abierto en refrigeración, no más de 5 días","ean":"8437001470358"},{"full_name":"PORTO MUIÑOS algas deshidratadas espaguetis de mar bolsa 50 g","name":"algas deshidratadas espaguetis de mar bolsa 50 g","brand":"PORTO MUIÑOS ","img":"https://sgfm.elcorteingles.es/SGFM/dctm/MEDIA02/CONTENIDOS/201411/14/00118175200023____2__600x600.jpg","price":"3,85 €","price_unit":"(77 € / Kilo)","categories":["Supermercado","Frescos","Frutas y verduras","Setas y algas deshidratadas","Algas","PORTO MUIÑOS algas deshidratadas espaguetis de mar bolsa 50 g"],"general_information":["Denominación del alimento: Algas deshidratadas","Nombre del operador: Porto-Muiños S.L.","Dirección del operador: Pol. Ind. O Acevedo, parcela 114 - 15185 Cerceda (A Coruña)","Lugar de procedencia del alimento: FAO 27 / Pesca de Rías","Cantidad Neta: 50 g"],"ingredients":[" Alga espagueti de mar (Himanthalia elongata) Puede contener moluscos, crustáceos y pescado."],"conservation":" Conservar hermeticamente en lugar seco una vez abierto.","ean":"8437001476312"},{"full_name":"PORTO MUIÑOS algas deshidratadas nori en copos bolsa 50 g","name":"algas deshidratadas nori en copos bolsa 50 g","brand":"PORTO MUIÑOS ","img":"https://sgfm.elcorteingles.es/SGFM/dctm/MEDIA02/CONTENIDOS/201410/16/00118175200072____1__600x600.jpg","price":"3,85 €","price_unit":"(77 € / Kilo)","categories":["Supermercado","Frescos","Frutas y verduras","Setas y algas deshidratadas","Algas","PORTO MUIÑOS algas deshidratadas nori en copos bolsa 50 g"],"general_information":["Denominación del alimento: Algas deshidratadas","Nombre del operador: Porto-Muiños S.L.","Dirección del operador: Pol. Ind. O Acevedo, parcela 114 - 15185 Cerceda (A Coruña)","Lugar de procedencia del alimento: Agricultura no UE","Cantidad Neta: 50 g"],"ingredients":[" Alga Nori (Porphyra spp.).Puede contener moluscos, crustáceos y pescado."],"conservation":" Conservar hermeticamente en lugar seco una vez abierto.","ean":"8437001476817"},{"full_name":"PORTO MUIÑOS algas al natural espagueti de mar lata 85 g neto escurrido","name":"algas al natural espagueti de mar lata 85 g neto escurrido","brand":"PORTO MUIÑOS ","img":"https://sgfm.elcorteingles.es/SGFM/00/12/1/0118030000121/0118030000121000g01011.jpg","price":"2,75 €            ","price_unit":"(27,65 € / Kilo)","categories":["Supermercado","Dietéticos","Embutidos vegetales, tofu y algas","Algas","PORTO MUIÑOS algas al natural espagueti de mar lata 85 g neto escurrido"],"general_information":["Denominación del alimento: Espagueti de mar al natural","Nombre del operador: Porto-Muiños S.L.","Dirección del operador: Pol. Ind. O Acevedo, parcela 114 - 15185 Cerceda (A Coruña)","Lugar de procedencia del alimento: Pesca de Rías","Cantidad Neta: 120 g","Peso neto escurrido: 85 g"],"ingredients":[" Alga Espagueti de mar (Himathalia elongata), agua y sal. Puede contener moluscos, crustáceos y pescado."],"conservation":" Conservar a temperatura ambiente en un lugar seco y fresco.","ean":"8437001476329"},{"full_name":"FANYA selección especial de algas procedentes de Japón bolsa 35 g","name":"selección especial de algas procedentes de Japón bolsa 35 g","brand":"FANYA ","img":"https://sgfm.elcorteingles.es/SGFM/00/10/6/0118175200106/0118175200106000g01011.jpg","price":"6,99 €","price_unit":"(199,71 € / Kilo)","categories":["Supermercado","Frescos","Frutas y verduras","Setas y algas deshidratadas","Algas","FANYA selección especial de algas procedentes de Japón bolsa 35 g"],"general_information":[],"ingredients":[],"ean":"8428764885305"},{"full_name":"SPECIAL LINE Bio tofu natural ecológico envase 250 g","name":"Bio tofu natural ecológico envase 250 g","brand":"SPECIAL LINE ","img":"https://sgfm.elcorteingles.es/SGFM/02/88/1/0120771702881/0120771702881000g01011.jpg","price":"2,29 €","price_unit":"(9,16 € / Kilo)","categories":["Supermercado","Dietéticos","Embutidos vegetales, tofu y algas","Embutidos vegetales y tofu","SPECIAL LINE Bio tofu natural ecológico envase 250 g"],"general_information":["Denominación del alimento: TOFU NATURAL","Nombre del operador: Elaborado para el Grupo El Corte Inglés\nHermosilla, 112 ? 28009 Madrid\nEspaña por NIF: A-42015198","Cantidad Neta: 250 g","Número de raciones por envase: 2"],"ingredients":[" Ingredientes: Tofu* fresco (agua, habas de soja* y cloruro de magnesio (nigari)).\n* Procedente de agricultura ecológica."],"conservation":" Conservar refrigerado a temperatura < 4ºC. Una vez abierto mantener en refrigeración durante no más de 5 días.","ean":"8433329034555"},{"full_name":"SPECIAL LINE Bio tofu natural ahumado ecológico envase 250 g","name":"Bio tofu natural ahumado ecológico envase 250 g","brand":"SPECIAL LINE ","img":"https://sgfm.elcorteingles.es/SGFM//00/40/2/0120729100402/0120729100402000g01011.jpg","price":"2,89 €","price_unit":"(11,56 € / Kilo)","categories":["Supermercado","Dietéticos","Embutidos vegetales, tofu y algas","Embutidos vegetales y tofu","SPECIAL LINE Bio tofu natural ahumado ecológico envase 250 g"],"general_information":["Denominación del alimento: TOFU AHUMADO","Nombre del operador: Elaborado para el Grupo El Corte Inglés\nHermosilla, 112 ? 28009 Madrid\nEspaña por NIF: A-42015198","Cantidad Neta: 250 g","Número de raciones por envase: 2"],"ingredients":[" Ingredientes: Tofu* ahumado (agua, habas de soja* y cloruro de magnesio (nigari)).\n* Procedente de agricultura ecológica."],"conservation":" Conservar refrigerado a temperatura < 4ºC. Una vez abierto mantener en refrigeración durante no más de 5 días.","ean":"8433329034562"},{"full_name":"SPECIAL LINE Bio tofu ahumado en lonchas ecológico envase 150 g","name":"Bio tofu ahumado en lonchas ecológico envase 150 g","brand":"SPECIAL LINE ","img":"https://sgfm.elcorteingles.es/SGFM/dctm/MEDIA03/201706/07/00120729100857____6__600x600.jpg","price":"2,75 €","price_unit":"(18,33 € / Kilo)","categories":["Supermercado","Dietéticos","Embutidos vegetales, tofu y algas","Embutidos vegetales y tofu","SPECIAL LINE Bio tofu ahumado en lonchas ecológico envase 150 g"],"general_information":["Denominación del alimento: Preparado vegetal a base de tofu","Nombre del operador: Elaborado para el Grupo El Corte Inglés. C/Hermosilla 112, 28009 Madid - España por CIF:B50840255","Cantidad Neta: 150 g","Número de raciones por envase: 2"],"ingredients":[" Ingredientes: Tofu* (42.18%)(habas de soja*, agua, \ncoagulante: sulfato de calcio), gluten de trigo*, cebolla*, aceite de girasol*, sazonador*, almidón de maíz*, levadura de cerveza*, humo (sal común, \naroma naturales de humo), sal marina, extracto de levadura*,emulgente (lecitina de soja).\n*Ingredientes procedentes de la Agricultura ecológica. Puede contener trazas de lácteos, frutos de cáscara, cacahuetes,altramuces, sésamo, mostaza, apio y huevos."],"conservation":" Conservar en frigorífico, entre 0º y 6º. Una vez abierto consumir en 24h.","ean":"8433329072489"},{"full_name":"SPECIAL LINE Bio hamburguesa vegetal de alcachofa ecológica sin gluten 2x80g envase 160 g","name":"Bio hamburguesa vegetal de alcachofa ecológica sin gluten 2x80g envase 160 g","brand":"SPECIAL LINE ","img":"https://sgfm.elcorteingles.es/SGFM/dctm/MEDIA03/201602/11/00120729200491____2__600x600.jpg","price":"2,59 €","price_unit":"(16,19 € / Kilo)","categories":["Supermercado","Dietéticos","Embutidos vegetales, tofu y algas","Embutidos vegetales y tofu","SPECIAL LINE Bio hamburguesa vegetal de alcachofa ecológica sin gluten 2x80g envase 160 g"],"general_information":["Denominación del alimento: HAMBURGUESA VEGETAL DE ALCACHOFA","Nombre del operador: Elaborado para el Grupo El Corte Inglés\nHermosilla, 112 ? 28009 Madrid\nEspaña por NIF: A-42015198","Lugar de procedencia del alimento: Producto de España","Cantidad Neta: 160 g","Número de raciones por envase: 2"],"ingredients":[" Ingredientes: Tofu fresco* (agua, habas de soja*, cloruro de magnesio (nigari)), alcachofa* (19%), arroz integral* cocido (agua y arroz integral*), proteina de soja* texturizada, cebolla*, aceite de oliva virgen*, salsa de soja* (agua, habas de soja* en proporcion variable 33-46%, sal marina y koji), almidón de tapioca*, gelificante (carragenano), panela integral*, sal marina, pimienta negra*\n* Procedente de agricultura ecológica. Puede contener trazas de sésamo y frutos secos."],"conservation":" Conservar refrigerado a temperatura < 4ºC. Una vez abierto mantener en refrigeración durante no más de 5 días.","ean":"8433329061803"},{"full_name":"SPECIAL LINE Bio rollo de hamburguesa vegetal con algas y berenjenas ecológico envase 750 g","name":"Bio rollo de hamburguesa vegetal con algas y berenjenas ecológico envase 750 g","brand":"SPECIAL LINE ","img":"https://sgfm.elcorteingles.es/SGFM/dctm/MEDIA03/201706/07/00120729100865____6__600x600.jpg","price":"8,95 €","price_unit":"(11,93 € / Kilo)","categories":["Supermercado","Dietéticos","Embutidos vegetales, tofu y algas","Embutidos vegetales y tofu","SPECIAL LINE Bio rollo de hamburguesa vegetal con algas y berenjenas ecológico envase 750 g"],"general_information":["Denominación del alimento: Preparado vegetal con algas y berenjenas tipo rollo de hamburguesa.","Nombre del operador: Elaborado para el Grupo El Corte Inglés. C/Hermosilla 112, 28009 Madid - España por CIF:B50840255","Cantidad Neta: 750 g","Número de raciones por envase: 10"],"ingredients":[" Ingredientes: Berenjena*(13,3%), copos de avena*, algas espagueti* (10%), aceite de oliva*, gluten de trigo*, albúmina de huevo*, cebolla*, sal marina, especias*(contiene apio*). *Ingredientes procedentes de la Agricultura ecológica. Puede contener trazas de lácteos, soja, frutos de cáscara, cacahuetes, sésamo, mostaza, crustáceos, moluscos y pescado."],"conservation":" Conservar en frigorífico, entre 0º y 6º. Una vez abierto consumir en 24h.","ean":"8433329072472"},{"full_name":"SPECIAL LINE Bio hamburguesa vegetal de brócoli ecológica sin gluten 2x80g envase 160 g","name":"Bio hamburguesa vegetal de brócoli ecológica sin gluten 2x80g envase 160 g","brand":"SPECIAL LINE ","img":"https://sgfm.elcorteingles.es/SGFM/dctm/MEDIA03/201602/11/00120729200483____2__600x600.jpg","price":"2,59 €","price_unit":"(16,19 € / Kilo)","categories":["Supermercado","Dietéticos","Embutidos vegetales, tofu y algas","Embutidos vegetales y tofu","SPECIAL LINE Bio hamburguesa vegetal de brócoli ecológica sin gluten 2x80g envase 160 g"],"general_information":["Denominación del alimento: HAMBURGUESA VEGETAL\nDE BRÓCOLI","Nombre del operador: Elaborado para el Grupo El Corte Inglés\nHermosilla, 112 ? 28009 Madrid\nEspaña por NIF: A-42015198","Lugar de procedencia del alimento: Producto de España","Cantidad Neta: 160 g","Número de raciones por envase: 2"],"ingredients":[" Ingredientes: Tofu* fresco (agua, habas de soja*, cloruro de magnesio (nigari)), brócoli* (23%), proteína de soja* texturizada, arroz integral* cocido (agua y arroz integral*), zanahoria*, cebolla*, aceite de oliva virgen*, almidón de tapioca*, salsa de soja* (agua, habas de soja* en proporción variable 33-46%, sal marina y koji), gelificante (carragenato),sésamo*, sal marina, ajo*, pimentón dulce*, pimienta negra*.\n* Procedente de agricultura ecológica. Puede contener trazas de frutos secos."],"conservation":" Conservar refrigerado a temperatura < 4ºC. Una vez abierto mantener en refrigeración durante no más de 5 días.","ean":"8433329061810"},{"full_name":"SPECIAL LINE Bio hamburguesa vegetal de setas y manzana sin gluten ecológica 2x75g envase 150 g","name":"Bio hamburguesa vegetal de setas y manzana sin gluten ecológica 2x75g envase 150 g","brand":"SPECIAL LINE ","img":"https://sgfm.elcorteingles.es/SGFM//00/24/4/0120729200244/0120729200244000g01011.jpg","price":"2,95 €","price_unit":"(19,67 € / Kilo)","categories":["Supermercado","Dietéticos","Embutidos vegetales, tofu y algas","Embutidos vegetales y tofu","SPECIAL LINE Bio hamburguesa vegetal de setas y manzana sin gluten ecológica 2x75g envase 150 g"],"general_information":["Denominación del alimento: HAMBURGUESA VEGETAL\nSETAS Y MANZANAS","Nombre del operador: Elaborado para el Grupo El Corte Inglés \nHermosilla, 112 ? 28009 Madrid \nEspaña por NIF: B57388340","Cantidad Neta: 150 g","Número de raciones por envase: 2"],"ingredients":[" Ingredientes: Tofu* (habas de soja*, agua, nigari), cebolla*, arroz integral*, girgolas (14%)*, manzanas (6%)*almidón de mandioca*, tamari* (soja*, sal marina, koji* y agua),sal marina, aceite de girasol*, proteína de guisante, especias*, goma xantana. *Procedente de agricultura ecológica."],"conservation":" Conservar entre 0 y 4ºC.","ean":"8433329030663"},{"full_name":"SPECIAL LINE Bio hamburguesa vegetal de calabaza y pasas sin gluten ecológica 2X75g envase 150 g","name":"Bio hamburguesa vegetal de calabaza y pasas sin gluten ecológica 2X75g envase 150 g","brand":"SPECIAL LINE ","img":"https://sgfm.elcorteingles.es/SGFM//00/25/1/0120729200251/0120729200251000g01011.jpg","price":"2,95 €","price_unit":"(19,67 € / Kilo)","categories":["Supermercado","Dietéticos","Embutidos vegetales, tofu y algas","Embutidos vegetales y tofu","SPECIAL LINE Bio hamburguesa vegetal de calabaza y pasas sin gluten ecológica 2X75g envase 150 g"],"general_information":["Denominación del alimento: HAMBURGUESA VEGETAL\nCALABAZA Y PASAS","Nombre del operador: Elaborado para el Grupo El Corte Inglés \nHermosilla, 112 ? 28009 Madrid \nEspaña por NIF: B57388340","Cantidad Neta: 150 g","Número de raciones por envase: 2"],"ingredients":[" Ingredientes: Calabaza * (28%), tofu* (habas de soja*, agua, nigari), cebolla*, arroz integral*, almidón de mandioca*, pasas sultanas* (4.5%), tamari*(soja), sal marina, aceite de girasol*, proteína de guisante, goma xantana, especias*. *Procedente de cultivo ecológico."],"conservation":" Conservar entre 0 y 4ºC.","ean":"8433329030670"},{"full_name":"SPECIAL LINE Bio hamburguesa vegetal Shiit-take sin gluten ecológica 2x75g envase 150 g","name":"Bio hamburguesa vegetal Shiit-take sin gluten ecológica 2x75g envase 150 g","brand":"SPECIAL LINE ","img":"https://sgfm.elcorteingles.es/SGFM//00/26/9/0120729200269/0120729200269000g01011.jpg","price":"2,95 €","price_unit":"(19,67 € / Kilo)","categories":["Supermercado","Dietéticos","Embutidos vegetales, tofu y algas","Embutidos vegetales y tofu","SPECIAL LINE Bio hamburguesa vegetal Shiit-take sin gluten ecológica 2x75g envase 150 g"],"general_information":["Denominación del alimento: HAMBURGUESA VEGETAL\nSHII-TAKE","Nombre del operador: Elaborado para el Grupo El Corte Inglés \nHermosilla, 112 ? 28009 Madrid \nEspaña por NIF: B57388340","Cantidad Neta: 150 g","Número de raciones por envase: 2"],"ingredients":[" Ingredientes: Tofu* (habas de soja*, agua, nigari), cebolla*, arroz integral*, shii-take* (9%), almidón de mandioca*, tamari* (soja*, sal marina, koji* y agua), sal marina, aceite de girasol*, proteína de guisante, especias*, perejil*, goma xantana.              *Procedente de agricultura ecológica."],"conservation":" Conservar entre 0 y 4ºC.","ean":"8433329030687"},{"full_name":"SPECIAL LINE Bio hamburguesa vegetal mediterránea ecológica sin gluten 2x80g envase 160 g","name":"Bio hamburguesa vegetal mediterránea ecológica sin gluten 2x80g envase 160 g","brand":"SPECIAL LINE ","img":"https://sgfm.elcorteingles.es/SGFM/dctm/MEDIA03/201602/11/00200329200356____2__600x600.jpg","price":"2,59 €","price_unit":"(16,19 € / Kilo)","categories":["Supermercado","Dietéticos","Embutidos vegetales, tofu y algas","Embutidos vegetales y tofu","SPECIAL LINE Bio hamburguesa vegetal mediterránea ecológica sin gluten 2x80g envase 160 g"],"general_information":["Denominación del alimento: HAMBURGUESA VEGETAL MEDITERRÁNEA","Nombre del operador: Elaborado para el Grupo El Corte Inglés\nHermosilla, 112 ? 28009 Madrid\nEspaña por NIF: A-42015198","Lugar de procedencia del alimento: Producto de España","Cantidad Neta: 160 g","Número de raciones por envase: 2"],"ingredients":[" Ingredientes: Tofu* fresco (agua, habas de soja* y cloruro de magnesio (nigari)),  arroz integral* cocido (agua y arroz integral*), proteína de soja* texturizada, sofrito de tomate* (agua, tomate*(18%), cebolla*,  puerro*, zanahoria*, aceite de oliva virgen*, pimiento rojo*, ajo*, azúcar de caña*, sal marina), zanahoria*, cebollla*, pasta de aceitunas verdes* aliñadas (agua, aceitunas verdes* (42%), sal marina, ajo* y ajedrea), pasta de aceitunas negras* naturales deshidratadas (aceitunas negras* naturales (62,5%) y sal marina), aceite de oliva virgen*, salsa de soja* (agua, habas de soja* en proporción variable 33-46%, sal marina y koji), almidón de tapioca*, gelificante (carragenano), ajo*, sal marina, pimentón dulce*, orégano* y tomillo*.\n* Procedente de agricultura ecológica. Puede contener trazas de sésamo y frutos secos."],"conservation":" Conservar refrigerado a temperatura < 4ºC. Una vez abierto mantener en refrigeración durante no más de 5 días.","ean":"8433329061858"},{"full_name":"SPECIAL LINE Bio hamburguesa vegetal hortelana ecológica sin gluten 2x80g envase 160 g","name":"Bio hamburguesa vegetal hortelana ecológica sin gluten 2x80g envase 160 g","brand":"SPECIAL LINE ","img":"https://sgfm.elcorteingles.es/SGFM/dctm/MEDIA03/201602/11/00120729200475____2__600x600.jpg","price":"2,59 €","price_unit":"(16,19 € / Kilo)","categories":["Supermercado","Dietéticos","Embutidos vegetales, tofu y algas","Embutidos vegetales y tofu","SPECIAL LINE Bio hamburguesa vegetal hortelana ecológica sin gluten 2x80g envase 160 g"],"general_information":["Denominación del alimento: HAMBURGUESA VEGETAL HORTELANA","Nombre del operador: Elaborado para el Grupo El Corte Inglés\nHermosilla, 112 ? 28009 Madrid\nEspaña por NIF: A-42015198","Lugar de procedencia del alimento: Producto de España","Cantidad Neta: 160 g","Número de raciones por envase: 2"],"ingredients":[" Tofu* fresco (agua, habas de soja*, y cloruro de magnesio (nigari)), zanahoria*, arroz integral* cocido (agua y arroz integral*), proteína de soja* texturizada, pimiento rojo*, pimiento verde*, almidón de tapioca*, aceite de oliva virgen*, cebolla*,salsa de soja * (agua, habas de soja* en proporción variable 33-46%, sal marina y koji), gelificante (carragenano), sal marina, ajo*, panela integral*, pimienta* negra, comino*,\n* Procedente de agricultura ecológica. Puede contener trazas de sésamo y frutos secos."],"conservation":" Conservar refrigerado a temperatura < 4ºC. Una vez abierto mantener en refrigeración durante no más de 5 días.","ean":"8433329061827"},{"full_name":"SPECIAL LINE Bio rollo de hamburguesa vegetal con tofu y algas ecológico envase 750 g","name":"Bio rollo de hamburguesa vegetal con tofu y algas ecológico envase 750 g","brand":"SPECIAL LINE ","img":"https://sgfm.elcorteingles.es/SGFM/dctm/MEDIA02/CONTENIDOS/201508/18/00120729100808____2__600x600.jpg","price":"8,95 €","price_unit":"(11,93 € / Kilo)","categories":["Supermercado","Dietéticos","Embutidos vegetales, tofu y algas","Embutidos vegetales y tofu","SPECIAL LINE Bio rollo de hamburguesa vegetal con tofu y algas ecológico envase 750 g"],"general_information":["Denominación del alimento: PREPARADO VEGETAL CON TOFU Y ALGAS TIPO ROLLO DE HAMBURGUESA","Nombre del operador: Elaborado para el Grupo El Corte Inglés. C/Hermosilla 112, 28009 Madid - España por CIF:B50840255","Cantidad Neta: 750 g","Número de raciones por envase: 5"],"ingredients":[" Ingredientes: Tofu*(13.3%) (agua, habas de soja*,  coagulante: sulfato de calcio), copos de avena*, aceite de oliva*, gluten de trigo*, borraja*, brócoli*, albúmina de huevo*, tomate*, cebolla*, salsa de soja* (contiene trigo*), ajo*, sal marina, algas wakame*(0.8%), orégano*, pimienta blanca*. *Ingredientes procedentes de la Agricultura ecológica Puede contener trazas de lácteos, apio, frutos de cáscara, cacahuetes, sésamo, mostaza, crustáceos, moluscos y pescado."],"conservation":" Conservar en frigorífico, entre 0º y 6º. Una vez abierto consumir en 24h.","ean":"8433329062312"},{"full_name":"SPECIAL LINE Bio rollo de hamburguesa vegetal con setas y pimientos ecológico envase 750 g","name":"Bio rollo de hamburguesa vegetal con setas y pimientos ecológico envase 750 g","brand":"SPECIAL LINE ","img":"https://sgfm.elcorteingles.es/SGFM/dctm/MEDIA02/CONTENIDOS/201508/18/00120729100816____2__600x600.jpg","price":"8,95 €","price_unit":"(11,93 € / Kilo)","categories":["Supermercado","Dietéticos","Embutidos vegetales, tofu y algas","Embutidos vegetales y tofu","SPECIAL LINE Bio rollo de hamburguesa vegetal con setas y pimientos ecológico envase 750 g"],"general_information":["Denominación del alimento: PREPARADO VEGETAL CON SETAS Y PIMIENTOS TIPO ROLLO DE HAMBURGUESA","Nombre del operador: Elaborado para el Grupo El Corte Inglés. C/Hermosilla 112, 28009 Madid - España por CIF:B50840255","Cantidad Neta: 750 g","Número de raciones por envase: 5"],"ingredients":[" Ingredientes: Pimiento entreverado*(21%), copos de avena*, gluten de trigo*, setas shi take*(6,67%), aceite de oliva*, cebolla frita*(contiene trigo), tomate*, sal marina, especias*(contiene apio*), cebolla*.  *Ingredientes procedentes de la Agricultura ecológica Puede contener cacahuetes, frutos de cáscara, granos de sésamo, leche, mostaza, huevos y soja."],"conservation":" Conservar en frigorífico, entre 0º y 6º. Una vez abierto consumir antes de 24h.","ean":"8433329062329"},{"full_name":"SPECIAL LINE Bio seitán laminado ecológico envase 300 g","name":"Bio seitán laminado ecológico envase 300 g","brand":"SPECIAL LINE ","img":"https://sgfm.elcorteingles.es/SGFM//00/51/9/0120729100519/0120729100519000g01011.jpg","price":"3,15 €","price_unit":"(10,50 € / Kilo)","categories":["Supermercado","Dietéticos","Embutidos vegetales, tofu y algas","Embutidos vegetales y tofu","SPECIAL LINE Bio seitán laminado ecológico envase 300 g"],"general_information":["Denominación del alimento: SEITAN LAMINADO","Nombre del operador: Elaborado para el Grupo El Corte Inglés\nHermosilla, 112 ? 28009 Madrid\nEspaña por NIF: A-42015198","Cantidad Neta: 300 g","Número de raciones por envase: 4"],"ingredients":[" Ingredientes: Seitán (83%): Agua, gluten de trigo*, harina de trigo*, caldo de alga kombu (agua y alga kombu (16%)), salsa de soja* (agua, habas de soja* en proporcion variable 33-46%, sal y koji), sal marina, ajo*, jengibre*.\nCALDO DE COCCION: agua, salsa de soja (agua, habas de soja* en proporcion variable 33-46%, sal y koji), ajo*, jengibre*, laurel*.\n*Procedente de agricultura Ecológica."],"conservation":" Conservar refrigerado a temperatura < 4ºC. Una vez abierto mantener en refrigeración durante no más de 5 días.","ean":"8433329040396"},{"full_name":"SPECIAL LINE Bio salchichas vegetales de tofu y quinoa ecológicas envase 200 g","name":"Bio salchichas vegetales de tofu y quinoa ecológicas envase 200 g","brand":"SPECIAL LINE ","img":"https://sgfm.elcorteingles.es/SGFM/dctm/MEDIA02/CONTENIDOS/201508/18/00120729100824____2__600x600.jpg","price":"2,85 €","price_unit":"(14,25 € / Kilo)","categories":["Supermercado","Dietéticos","Embutidos vegetales, tofu y algas","Embutidos vegetales y tofu","SPECIAL LINE Bio salchichas vegetales de tofu y quinoa ecológicas envase 200 g"],"general_information":["Denominación del alimento: PREPARADO VEGETAL CON TOFU Y QUINOA TIPO SALCHICHA","Nombre del operador: Elaborado para el Grupo El Corte Inglés. C/Hermosilla 112, 28009 Madid - España por CIF:B50840255","Cantidad Neta: 200 g","Número de raciones por envase: 2"],"ingredients":[" Ingredientes: Tofu*(23,8%)(agua, habas de soja*, coagulante: sulfato de calcio), gluten de trigo*, quinoa cocida*(11,4%)(agua, quinoa*, sal marina), aceite de girasol*, zanahoria*, cebolla frita* (contiene trigo*) , caldo vegetal*, cebolla*, sal marina, almidón de maíz*, ajo*, espesantes(goma xantana y carragenato), pimentón dulce*, emulgente (lecitina de soja). Ecológica).*Ingredientes procedentes de la Agricultura ecológica Puede contener trazas de lácteos, huevo, apio, sésamo, cacahuete, frutos de cáscara y mostaza."],"conservation":" Conservar en frigorífico, entre 0º y 6º. Una vez abierto consumir antes de 24h.","ean":"8433329062336"},{"full_name":"SPECIAL LINE Bio salchicha vegetal alemana ecológica envase 200 g","name":"Bio salchicha vegetal alemana ecológica envase 200 g","brand":"SPECIAL LINE ","img":"https://sgfm.elcorteingles.es/SGFM/dctm/MEDIA03/201706/07/00120729100840____1__600x600.jpg","price":"3,30 €","price_unit":"(16,50 € / Kilo)","categories":["Supermercado","Dietéticos","Embutidos vegetales, tofu y algas","Embutidos vegetales y tofu","SPECIAL LINE Bio salchicha vegetal alemana ecológica envase 200 g"],"general_information":["Denominación del alimento: Preparado vegetal tipo salchicha alemana","Nombre del operador: Elaborado para el Grupo El Corte Inglés. C/Hermosilla 112, 28009 Madid - España por CIF:B50840255","Cantidad Neta: 200 g","Número de raciones por envase: 2"],"ingredients":[" Ingredientes: Gluten de trigo*, tofu*(habas de soja*, agua, coagulante: sulfato de calcio), aceite de girasol*, levadura de cerveza*, sal marina, almidón de maíz*, especias*, salsa de soja* (contiene trigo*), pimentón dulce*, espesante(goma xantana), ajo*, espesante(carragenato), vinagre de manzana*, humo (sal común, aromas naturales de humo), emulgente (lecitina de soja).\n*Ingredientes procedentes de la Agricultura ecológica. Puede contener trazas de lácteos, frutos de cáscara, cacahuetes,altramuces, sésamo, mostaza, apio y huevos."],"conservation":" Conservar en frigorífico, entre 0º y 6º. Una vez abierto consumir en 24h.","ean":"8433329072496"},{"full_name":"SPECIAL LINE delicias de soja envase 250 g","name":"delicias de soja envase 250 g","brand":"SPECIAL LINE ","img":"https://sgfm.elcorteingles.es/SGFM/dctm/MEDIA03/201706/14/00120771703871____1__600x600.jpg","price":"2,39 €","categories":["Supermercado","Dietéticos","Embutidos vegetales, tofu y algas","Embutidos vegetales y tofu","SPECIAL LINE delicias de soja envase 250 g"],"general_information":["Denominación del alimento: Preparado vegetal de soja texturizada","Nombre del operador: Elaborado para el Grupo El Corte Inglés. C/Hermosilla 112, 28009 Madid - España por CIF:B50840255","Cantidad Neta: 250 g","Número de raciones por envase: 2"],"ingredients":[" Ingredientes: Soja hidratada (81,7%), tomate frito (tomate, almidón de maíz, aceite de girasol, azúcar, sal, acidulante: ácido cítrico, cebolla y ajo), sal atlántica, ajo y orégano. Puede contener trazas de apio, huevo, \nlácteos, frutos de cáscara, cacahuetes, \nsésamo y mostaza."],"conservation":" Conservar a temperatura ambiente.\nUna vez abierto consumir en 24 horas.","ean":"8433329072458"},{"full_name":"SORIA NATURAL seitán esponjoso al curry ecológico calentar y listo frasco 375 g","name":"seitán esponjoso al curry ecológico calentar y listo frasco 375 g","brand":"SORIA NATURAL ","img":"https://sgfm.elcorteingles.es/SGFM/dctm/MEDIA02/CONTENIDOS/201511/05/00120752900728____1__600x600.jpg","price":"4,19 €","price_unit":"(11,17 € / Kilo)","categories":["Supermercado","Dietéticos","Embutidos vegetales, tofu y algas","Embutidos vegetales y tofu","SORIA NATURAL seitán esponjoso al curry ecológico calentar y listo frasco 375 g"],"general_information":["Denominación del alimento: Sitán esponjoso al Curry","País de origen: España","Nombre del operador: Soria Natural S.A.","Dirección del operador: Poligono La Sacea,s/n -42162 Garray (Soria)","Lugar de procedencia del alimento: España","Cantidad Neta: 375 g","Otras menciones obligatorias en la etiqueta: No contiene conservantes"],"ingredients":[" Seitán esponjoso (27%): Agua, gluten de trigo*, harina de trigo*, levadura*, sal marina.Salsa de curry (73%): Bebida de soja* (agua, habas de soja*, sirope de arroz*, alga Lithothamnium calcareum, sal, aroma natural), cebolla*, aceite de girasol*, curry* (1%)(cilantro*, jengibre* en polvo, comino*, hinojo*, cúrcuma*, mostaza*, pimienta* negra, chile*), sal marina.*Procedente de Agricultura Ecológica.Puede contener trazas de sésamo y frutos de cáscara."],"conservation":" Conservar en lugar fresco, seco y protegido de la luz. Una vez abierto, mantener en refrigeración durante no más de 5 días","ean":"8422947520038"},{"full_name":"SORIA NATURAL seitán en lonchas ecológico envase 300 g","name":"seitán en lonchas ecológico envase 300 g","brand":"SORIA NATURAL ","img":"https://sgfm.elcorteingles.es/SGFM//00/35/8/0200329100358/0200329100358000g01011.jpg","price":"4,20 €","price_unit":"(14 € / Kilo)","categories":["Supermercado","Dietéticos","Embutidos vegetales, tofu y algas","Embutidos vegetales y tofu","SORIA NATURAL seitán en lonchas ecológico envase 300 g"],"general_information":["Denominación del alimento: Seitán en lonchas","País de origen: España","Nombre del operador: Soria Natural S.A.","Dirección del operador: Poligono La Sacea,s/n -42162 Garray (Soria)","Lugar de procedencia del alimento: España","Cantidad Neta: 300 g","Otras menciones obligatorias en la etiqueta: Producto pasteurizado. Envasado al vacío. No contiene conservantes"],"ingredients":[" SEITÁN 83%: Agua, gluten de trigo*, harina de trigo*, caldo de alga kombu (agua y alga kombu), salsa de soja* (agua, habas de soja* en proporción variable 33-46%, sal marina y koji), sal marina, ajo*, jengibre* en polvo.CALDO DE COCCIÓN: agua,  salsa de soja* (agua, habas de soja* en proporción variable 33-46%, sal marina y koji), ajo*, jengibre* en polvo, laurel.*Procedente de Agricultura Ecológica."],"conservation":" Mantener refrigerado a temperatura = 4°C. Una vez abierto mantener en refrigeración durante no más de 5 días.","ean":"8422947520014"},{"full_name":"SORIA NATURAL hamburguesa vegetal ecológica a la barbacoa sin gluten y sin lactosa bandeja 160 g","name":"hamburguesa vegetal ecológica a la barbacoa sin gluten y sin lactosa bandeja 160 g","brand":"SORIA NATURAL ","img":"https://sgfm.elcorteingles.es/SGFM/dctm/MEDIA03/201702/28/00120729200525____1__600x600.jpg","price":"3,39 €","price_unit":"(21,19 € / Kilo)","categories":["Supermercado","Dietéticos","Embutidos vegetales, tofu y algas","Embutidos vegetales y tofu","SORIA NATURAL hamburguesa vegetal ecológica a la barbacoa sin gluten y sin lactosa bandeja 160 g"],"general_information":["Denominación del alimento: Hamburguesa vegetal a la barbacoa","País de origen: España","Nombre del operador: Soria Natural S.A.","Dirección del operador: Poligono La Sacea,s/n -42162 Garray (Soria)","Lugar de procedencia del alimento: España","Cantidad Neta: 160 g","Otras menciones obligatorias en la etiqueta: Envasado al vacío.No contiene conservantes"],"ingredients":[" Tofu* ahumado (agua, habas de soja*, cloruro de magnesio (nigari)), arroz* integral cocido (agua, arroz* integral), pimiento* rojo, pimiento* verde, aceite de oliva virgen*, proteína de soja* texturizada, salsa de soja* (agua, habas de soja* en proporción variable 33-46%, sal marina y koji), almidón de tapioca*, tomate* (4.0%), cebolla*, gelificante: carragenano, ajo*, pimentón* picante, sal marina, perejil* en polvo, pimienta* blanca, pimienta* negra, orégano* en polvo.* Procedente de Agricultura Ecológica.Puede contener trazas de sésamo y frutos cáscara."],"conservation":" Mantener refrigerado a temperatura= 4°C. Una vez abierto, mantener en refrigeración durante no más de 5 días","ean":"8422947510374"},{"full_name":"SORIA NATURAL hamburguesa vegetal ecológica al curry sin gluten y sin lactosa bandeja 160 g","name":"hamburguesa vegetal ecológica al curry sin gluten y sin lactosa bandeja 160 g","brand":"SORIA NATURAL ","img":"https://sgfm.elcorteingles.es/SGFM/dctm/MEDIA03/201702/28/00120729200533____1__600x600.jpg","price":"3,39 €","price_unit":"(21,19 € / Kilo)","categories":["Supermercado","Dietéticos","Embutidos vegetales, tofu y algas","Embutidos vegetales y tofu","SORIA NATURAL hamburguesa vegetal ecológica al curry sin gluten y sin lactosa bandeja 160 g"],"general_information":["Denominación del alimento: Hamburguesa vegetal al curry","País de origen: España","Nombre del operador: Soria Natural S.A.","Dirección del operador: Poligono La Sacea,s/n -42162 Garray (Soria)","Lugar de procedencia del alimento: España","Cantidad Neta: 160 g","Otras menciones obligatorias en la etiqueta: Envasado al vacío.No contiene conservantes"],"ingredients":[" Tofu* fresco (agua, habas de soja*, cloruro de magnesio (nigari)), zanahoria*, arroz* integral cocido (agua, arroz* integral), cebolla*, aceite de oliva virgen*, proteína de soja* texturizada, almidón de tapioca*, gelificante: carragenano, curry* (1%)(cilantro*, jengibre*, comino*, hinojo*, cúrcuma*, pimienta* negra, chili*), sal marina.* Procedente de Agricultura Ecológica.Puede contener trazas de sésamo y frutos secos."],"conservation":" Mantener refrigerado a temperatura= 4°C. Una vez abierto, mantener en refrigeración durante no más de 5 días","ean":"8422947510381"},{"full_name":"SORIA NATURAL hamburguesa vegetal de quinoa ecológica, sin gluten y sin lactosa bandeja 160 g","name":"hamburguesa vegetal de quinoa ecológica, sin gluten y sin lactosa bandeja 160 g","brand":"SORIA NATURAL ","img":"https://sgfm.elcorteingles.es/SGFM/dctm/MEDIA03/201702/28/00120729200558____1__600x600.jpg","price":"3,35 €","price_unit":"(20,94 € / Kilo)","categories":["Supermercado","Dietéticos","Embutidos vegetales, tofu y algas","Embutidos vegetales y tofu","SORIA NATURAL hamburguesa vegetal de quinoa ecológica, sin gluten y sin lactosa bandeja 160 g"],"general_information":[],"ingredients":[],"ean":"8422947510190"},{"full_name":"SORIA NATURAL hamburguesa vegetal de chía ecológica, sin gluten y sin lactosa bandeja 160 g","name":"hamburguesa vegetal de chía ecológica, sin gluten y sin lactosa bandeja 160 g","brand":"SORIA NATURAL ","img":"https://sgfm.elcorteingles.es/SGFM/dctm/MEDIA03/201702/28/00120729200566____1__600x600.jpg","price":"3,83 €","price_unit":"(23,94 € / Kilo)","categories":["Supermercado","Dietéticos","Embutidos vegetales, tofu y algas","Embutidos vegetales y tofu","SORIA NATURAL hamburguesa vegetal de chía ecológica, sin gluten y sin lactosa bandeja 160 g"],"general_information":[],"ingredients":[],"ean":"8422947510244"},{"full_name":"SORIA NATURAL croquetas de boletus refrigeradas ecológicas envase 250 g","name":"croquetas de boletus refrigeradas ecológicas envase 250 g","brand":"SORIA NATURAL ","img":"https://sgfm.elcorteingles.es/SGFM/01/92/1/0200371701921/0200371701921000g01011.jpg","price":"3,90 €","price_unit":"(15,60 € / Kilo)","categories":["Supermercado","Dietéticos","Embutidos vegetales, tofu y algas","Embutidos vegetales y tofu","SORIA NATURAL croquetas de boletus refrigeradas ecológicas envase 250 g"],"general_information":["Denominación del alimento: Croquetas de boletus ecológicas","País de origen: España","Nombre del operador: Soria Natural S.A.","Dirección del operador: Poligono La Sacea,s/n -42162 Garray (Soria)","Lugar de procedencia del alimento: España","Cantidad Neta: 250 g","Otras menciones obligatorias en la etiqueta: Envasado en atmósfera protectora.No contiene conservantes"],"ingredients":[" Bebida de soja* (agua, habas de soja*, sirope de arroz*, alga Lithothamnium calcareum, sal y aroma natural), cebolla*, harina de arroz* integral, setas* Boletus sp (12%), rebozado* (pan de arroz* rallado (almidón de tapioca*, harina de arroz* integral, harina de garbanzo* integral, levadura*, azúcar* de caña, espesante: goma xantana, sal, aceite de oliva* virgen, emulgente: lecitina de soja*), bebida de soja* (agua, habas de soja*, sirope de arroz*, alga Lithothamnium calcareum, sal y aroma natural)), almidón de tapioca*, aceite de girasol*, ajo*, sal, pimienta* negra, nuez* moscada.* Procedente de Agricultura Ecológica.Puede contener trazas de sésamo y frutos de cáscara."],"conservation":" Mantener refrigerado a temperatura = 4°C. Una vez abierto, conservar en refrigeración y consumir antes de 5 días.","ean":"8422947510329"},{"full_name":"SANTIVERI carnita vegetal lata 300 g","name":"carnita vegetal lata 300 g","brand":"SANTIVERI ","img":"https://sgfm.elcorteingles.es/SGFM/00/07/4/0120752900074/0120752900074000g01011.jpg","price":"4,05 €","price_unit":"(13,50 € / Kilo)","categories":["Supermercado","Dietéticos","Embutidos vegetales, tofu y algas","Embutidos vegetales y tofu","SANTIVERI carnita vegetal lata 300 g"],"general_information":["Denominación del alimento: PREPARADO VEGETAL","Nombre del operador: CASA SANTIVERI S.L.","Dirección del operador: ENCUNY 8, 08038 BARCELONA","Cantidad Neta: 300 g"],"ingredients":[" agua, GLUTEN!##, SOJA, ALMENDRA, HARINA DE TRIGO, sal marina, hidrolizado de proteínas, aceite de girasol, aceite de oliva, EXTRACTO DE LEVADURA, canela"],"ean":"8412170000315"},{"full_name":"NATURSOY Chik & Veggie milanesa de tofu con queso ecológica envase 170 g","name":"Chik & Veggie milanesa de tofu con queso ecológica envase 170 g","brand":"NATURSOY ","img":"https://sgfm.elcorteingles.es/SGFM/dctm/MEDIA02/CONTENIDOS/201407/04/00120729100022____1__600x600.jpg","price":"3,95 €","price_unit":"(23,24 € / Kilo)","categories":["Supermercado","Dietéticos","Embutidos vegetales, tofu y algas","Embutidos vegetales y tofu","NATURSOY Chik & Veggie milanesa de tofu con queso ecológica envase 170 g"],"general_information":["Denominación del alimento: Chick & veggie queso. Alimento a base de tofu. Alimento precocinado","Nombre del operador: Nutrition & Santé Iberia, S.L.","Dirección del operador: c/ Jesús Serra i Santamans, nº 4 - 1ª planta. 08174 Sant Cugat del Vallés - Barcelona","Cantidad Neta: 170 g","Otras menciones obligatorias en la etiqueta: Bio, Agricultura UE/ no UE, Vegano. Envasado en atmósfera protectora."],"ingredients":[" Tofu* (66%) (agua, soja*, coagulante: nigari), pan rallado* (harina de trigo*, agua, sal, levadura), queso emmental* (9%), gluten de trigo*, aceite de girasol*, encolante* (harina de trigo*, almidón de maíz, huevo en polvo*), sal marina, ajo en polvo*, pimienta negra*, *= de Cultivo ecológico certificado. Puede contener trazas de cacahuete, frutos de cácara, apio, mostaza y sésamo."],"conservation":" Conservar entre +2°C Y +4°C","ean":"8428159005905"},{"full_name":"NATURSOY Chik & Veggie milanesas de tofu ecológicas envase 170 g","name":"Chik & Veggie milanesas de tofu ecológicas envase 170 g","brand":"NATURSOY ","img":"https://sgfm.elcorteingles.es/SGFM/dctm/MEDIA02/CONTENIDOS/201407/04/00120729100014____1__600x600.jpg","price":"3,95 €","price_unit":"(23,24 € / Kilo)","categories":["Supermercado","Dietéticos","Embutidos vegetales, tofu y algas","Embutidos vegetales y tofu","NATURSOY Chik & Veggie milanesas de tofu ecológicas envase 170 g"],"general_information":["Denominación del alimento: Chick&Veggie. Alimento a base de tofu. Alimento precocinado","Nombre del operador: Nutrition & Santé Iberia, S.L.","Dirección del operador: c/ Jesús Serra i Santamans, nº 4 - 1ª planta. 08174 Sant Cugat del Vallés - Barcelona","Cantidad Neta: 170 g","Otras menciones obligatorias en la etiqueta: Bio, Agricultura UE/ no UE, Vegano. Envasado en atmósfera protectora."],"ingredients":[" Tofu* (75%) (agua, soja*, coagulante: nigari), pan rallado* (harina de trigo*, agua, sal, levadura), gluten de trigo*, aceite de girasol*, encolante* (harina de trigo*, almidón de maíz*, huevo en polvo*), sal marina, ajo en polvo*, pimienta negra*. *= De cultivo ecológico certificado. Puede contener trazas de cacahuete, leche, frutos de cáscara, apio, mostaza y sésamo."],"conservation":" Conservar entre +2°C Y +4°C","ean":"8428159005899"},{"full_name":"NATURSOY falafel tradicional con tofu ecológico envase 250 g","name":"falafel tradicional con tofu ecológico envase 250 g","brand":"NATURSOY ","img":"https://sgfm.elcorteingles.es/SGFM//00/73/3/0120729100733/0120729100733000g01011.jpg","price":"3,09 €","price_unit":"(12,36 € / Kilo)","categories":["Supermercado","Dietéticos","Embutidos vegetales, tofu y algas","Embutidos vegetales y tofu","NATURSOY falafel tradicional con tofu ecológico envase 250 g"],"general_information":["Denominación del alimento: Falafel. Alimento precocinado","Nombre del operador: Nutrition & Santé Iberia, S.L.","Dirección del operador: c/ Jesús Serra i Santamans, nº 4 - 1ª planta. 08174 Sant Cugat del Vallés - Barcelona","Cantidad Neta: 250 g","Otras menciones obligatorias en la etiqueta: Bio, Agricultura UE/ no UE, Vegano. Envasado en atmósfera protectora."],"ingredients":[" Tofu* (37%) (agua, soja*, gelificante: nigari), garbanzos*, guisantes*, pan rallado* (harina de trigo*, agua, sal, levadura), agua, cebolla*, aceite de oliva vírgen*, aceite de girasol*, sal marina, comino en polvo*, ajo*. *=De cultivo ecológico certificado. Puede contener trazas de huevo, cacahuete, leche, frutos de cáscara, apio y sésamo."],"conservation":" Conservar entre 2°C y 4° C.","ean":"8428159005233"},{"full_name":"NATURSOY bio tofu fresco envase 250 g","name":"bio tofu fresco envase 250 g","brand":"NATURSOY ","img":"https://sgfm.elcorteingles.es/SGFM//00/18/8/0120729100188/0120729100188000g01011.jpg","price":"3,49 €","price_unit":"(13,96 € / Kilo)","categories":["Supermercado","Dietéticos","Embutidos vegetales, tofu y algas","Embutidos vegetales y tofu","NATURSOY bio tofu fresco envase 250 g"],"general_information":["Denominación del alimento: Tofu. Alimento elaborado a base de soja","Nombre del operador: Nutrition & Santé Iberia, S.L.","Dirección del operador: c/ Jesús Serra i Santamans, nº 4 - 1ª planta. 08174 Sant Cugat del Vallés - Barcelona","Cantidad Neta: 250 g","Otras menciones obligatorias en la etiqueta: Bio, Agricultura UE/ no UE, Vegano"],"ingredients":[" Agua, soja*, coagulante: nigari. *= De Cultivo Ecológico Certificado. Puede contener trazas de gluten, huevo, cacahuete, leche, frutos de cáscara, apio, mostaza y sésamo."],"conservation":" Conservar entre +2°C Y +4°C","ean":"8428159100013"},{"full_name":"NATURSOY bio tofu con ajo y perejil envase 250 g","name":"bio tofu con ajo y perejil envase 250 g","brand":"NATURSOY ","img":"https://sgfm.elcorteingles.es/SGFM//00/74/1/0120729100741/0120729100741000g01011.jpg","price":"2,90 €","price_unit":"(11,60 € / Kilo)","categories":["Supermercado","Dietéticos","Embutidos vegetales, tofu y algas","Embutidos vegetales y tofu","NATURSOY bio tofu con ajo y perejil envase 250 g"],"general_information":["Denominación del alimento: Tofu ajo y perejil. Alimento elaborado a base de soja","Nombre del operador: Nutrition & Santé Iberia, S.L.","Dirección del operador: c/ Jesús Serra i Santamans, nº 4 - 1ª planta. 08174 Sant Cugat del Vallés - Barcelona","Cantidad Neta: 250 g","Otras menciones obligatorias en la etiqueta: Bio, Agricultura UE/ no UE, Vegano."],"ingredients":[" Agua, soja*(24%), coagulante: nigari, ajo en polvo* (1%), perejil*(0,6%), sal marina. *= De cultivo ecológico certificado. Puede contener trazas de gluten, huevo, cacahuete, leche, frutos de cáscara, apio, mostaza y sésamo."],"conservation":" Conservar entre +2°C y +4° C.","ean":"8428159005677"},{"full_name":"NATURSOY bio tofu italiana envase 250 g","name":"bio tofu italiana envase 250 g","brand":"NATURSOY ","img":"https://sgfm.elcorteingles.es/SGFM//00/19/6/0120729100196/0120729100196000g01011.jpg","price":"2,90 €","price_unit":"(11,60 € / Kilo)","categories":["Supermercado","Dietéticos","Embutidos vegetales, tofu y algas","Embutidos vegetales y tofu","NATURSOY bio tofu italiana envase 250 g"],"general_information":["Denominación del alimento: Tofu Italiana","Nombre del operador: Nutrition & Santé Iberia, S.L.","Dirección del operador: c/ Jesús Serra i Santamans, nº 4 - 1ª planta. 08174 Sant Cugat del Vallés - Barcelona","Cantidad Neta: 250 g","Otras menciones obligatorias en la etiqueta: Bio, Agricultura UE/ no UE, Vegano"],"ingredients":[" Agua, soja* (23%), coagulante: nigari, sal marina, mezcla de plantas aromáticas* (contiene apio). *= De Cultivo Ecológico Certificado. Puede contener trazas de gluten, huevo, cacahuete, leche, frutos de cáscara, mostaza y sésamo."],"conservation":" Conservar entre +2°C Y +4°C","ean":"8428159100037"},{"full_name":"NATURSOY bio tofu ahumado envase 250 g","name":"bio tofu ahumado envase 250 g","brand":"NATURSOY ","img":"https://sgfm.elcorteingles.es/SGFM//00/17/0/0120729100170/0120729100170000g01011.jpg","price":"3,95 €","price_unit":"(15,80 € / Kilo)","categories":["Supermercado","Dietéticos","Embutidos vegetales, tofu y algas","Embutidos vegetales y tofu","NATURSOY bio tofu ahumado envase 250 g"],"general_information":["Denominación del alimento: Tofu ahumado. Alimento elaborado a base de soja","Nombre del operador: Nutrition & Santé Iberia, S.L.","Dirección del operador: c/ Jesús Serra i Santamans, nº 4 - 1ª planta. 08174 Sant Cugat del Vallés - Barcelona","Cantidad Neta: 250 g","Otras menciones obligatorias en la etiqueta: Bio, Agricultura UE/ no UE, Vegano"],"ingredients":[" Agua, soja* (23%), coagulante: nigari, sal marina. Ahumado con madera de haya. *= de cultivo ecológico certificado. Puede contener trazas de gluten, huevo, cacahuete, leche, frutos de cáscara, apio, mostaza y sésamo."],"conservation":" Conservar entre +2°C Y +4°C","ean":"8428159105926"},{"full_name":"NATURSOY bio tofu en lonchas envase 150 g","name":"bio tofu en lonchas envase 150 g","brand":"NATURSOY ","img":"https://sgfm.elcorteingles.es/SGFM//00/21/2/0120729100212/0120729100212000g01011.jpg","price":"4,29 €","price_unit":"(28,60 € / Kilo)","categories":["Supermercado","Dietéticos","Embutidos vegetales, tofu y algas","Embutidos vegetales y tofu","NATURSOY bio tofu en lonchas envase 150 g"],"general_information":["Denominación del alimento: Preparado alimenticio a base de tofu","Nombre del operador: Nutrition & Santé Iberia, S.L.","Dirección del operador: c/ Jesús Serra i Santamans, nº 4 - 1ª planta. 08174 Sant Cugat del Vallés - Barcelona","Cantidad Neta: 150 g","Otras menciones obligatorias en la etiqueta: Bio, Agricultura UE/ no UE, Vegano"],"ingredients":[" Tofu* (37%) (agua, soja*, gelificante:nigari), gluten de trigo*, agua, aceite de girasol*, salsa de soja (agua, soja*, trigo*, sal), hortalizas en proporción variable* (cebolla*, zanahoria*, pimiento*, perejil*, puerro*, tomate*, apio*, levístico*), sal marina, mezcla de especias*, sirope de arroz*, mezcla de plantas aromáticas*. *= de agricultura ecológica certificada.. Puede contener trazas de altramuz."],"conservation":" Conservar entre +4°C Y +6°C","ean":"8428159114829"},{"full_name":"NATURSOY Frankfurt salchichas de tofu ecológicas envase 200 g","name":"Frankfurt salchichas de tofu ecológicas envase 200 g","brand":"NATURSOY ","img":"https://sgfm.elcorteingles.es/SGFM/dctm/MEDIA02/CONTENIDOS/201407/04/00120729100048____1__600x600.jpg","price":"3,75 €","price_unit":"(18,75 € / Kilo)","categories":["Supermercado","Dietéticos","Embutidos vegetales, tofu y algas","Embutidos vegetales y tofu","NATURSOY Frankfurt salchichas de tofu ecológicas envase 200 g"],"general_information":["Denominación del alimento: Preparado alimenticio vegetal a base de tofu","Nombre del operador: Nutrition & Santé Iberia, S.L.","Dirección del operador: c/ Jesús Serra i Santamans, nº 4 - 1ª planta. 08174 Sant Cugat del Vallés - Barcelona","Cantidad Neta: 200 g","Otras menciones obligatorias en la etiqueta: Bio, Agricultura UE/ no UE, Vegano"],"ingredients":[" Tofu* (60%) (agua, soja*, gelificante: nigari), aceite de girasol*, gluten de trigo*, almidón de trigo*, salsa de soja* (agua, soja*, trigo*, sal), hortalizas en proporción variable* (cebolla*, zanahoria*, puerro*, tomate*, apio*, levístico*), sal marina, mezcla de especias*. Ahumado con madera de haya. *= De Cultivo Ecológico Certificado . Puede contener trazas de altramuz"],"conservation":" Conservar entre +4°C Y +6°C","ean":"8428159114690"},{"full_name":"NATURSOY hamburguesa de tofu queso pack 2 unidades estuche 150 g","name":"hamburguesa de tofu queso pack 2 unidades estuche 150 g","brand":"NATURSOY ","img":"https://sgfm.elcorteingles.es/SGFM//00/04/6/0120729200046/0120729200046000g01011.jpg","price":"3,49 €","price_unit":"(23,27 € / Kilo)","categories":["Supermercado","Dietéticos","Embutidos vegetales, tofu y algas","Embutidos vegetales y tofu","NATURSOY hamburguesa de tofu queso pack 2 unidades estuche 150 g"],"general_information":["Denominación del alimento: Hamburguesa vegetariana de tofu queso. Alimento precocinado","Nombre del operador: Nutrition & Santé Iberia, S.L.","Dirección del operador: c/ Jesús Serra i Santamans, nº 4 - 1ª planta. 08174 Sant Cugat del Vallés - Barcelona","Cantidad Neta: 150 g","Número de raciones por envase: 2","Otras menciones obligatorias en la etiqueta: Bio, Agricultura UE/ no UE, Vegano"],"ingredients":[" Tofu* (40%) (agua, soja*, coagulante: nigari), arroz integral*, cebolla*, harina de trigo integral*, queso (10%), shoyu* (agua, soja*, trigo*, sal marina, koji (Aspergillus oryzae)), aceite de girasol*, sal marina, perejil*, orégano*, pimienta negra*. *=de cultivo ecológico certificado. Puede contener trazas de huevo, cacahuete, frutos de cáscara, apio, mostaza y sésamo."],"conservation":" Conservar entre +2°C Y +4°C","ean":"8428159100105"},{"full_name":"NATURSOY hamburguesa de tofu y espinacas pack 2 unidades estuche 150 g","name":"hamburguesa de tofu y espinacas pack 2 unidades estuche 150 g","brand":"NATURSOY ","img":"https://sgfm.elcorteingles.es/SGFM//00/05/3/0120729200053/0120729200053000g01011.jpg","price":"3,49 €","price_unit":"(23,27 € / Kilo)","categories":["Supermercado","Dietéticos","Embutidos vegetales, tofu y algas","Embutidos vegetales y tofu","NATURSOY hamburguesa de tofu y espinacas pack 2 unidades estuche 150 g"],"general_information":["Denominación del alimento: Hamburguesa vegetal de tofu espinacas. Alimento precocinado","Nombre del operador: Nutrition & Santé Iberia, S.L.","Dirección del operador: c/ Jesús Serra i Santamans, nº 4 - 1ª planta. 08174 Sant Cugat del Vallés - Barcelona","Cantidad Neta: 150 g","Otras menciones obligatorias en la etiqueta: Bio, Agricultura UE/ no UE, Vegano"],"ingredients":[" Tofu* (36%) (agua, soja*, coagulante: nigari), espinacas* (14%), arroz integral*, cebolla*, tofu ahumado* (8%) (agua, soja*, coagulante: nigari, sal marina; ahumado con madera de haya), harina de trigo integral*, aceite de girasol*, shoyu* (agua, soja*, trigo*, sal marina, Koji (aspergillus oryzae)), ajo en polvo*, sal marina. *= de cultivo ecológico certificado. Puede contener trazas de huevo, cacahuete, leche, frutos de cáscara, apio, mostaza y sésamo"],"conservation":" Conservar entre +2°C Y +4°C","ean":"8428159100167"},{"full_name":"NATURSOY hamburguesa de tofu con espelta calabacín y berenjena pack 2 unidades estuche 150 g","name":"hamburguesa de tofu con espelta calabacín y berenjena pack 2 unidades estuche 150 g","brand":"NATURSOY ","img":"https://sgfm.elcorteingles.es/SGFM//00/11/1/0120729200111/0120729200111000g01011.jpg","price":"3,89 €","price_unit":"(25,93 € / Kilo)","categories":["Supermercado","Dietéticos","Embutidos vegetales, tofu y algas","Embutidos vegetales y tofu","NATURSOY hamburguesa de tofu con espelta calabacín y berenjena pack 2 unidades estuche 150 g"],"general_information":["Denominación del alimento: Hamburguesa vegetal de tofu espelta, berenjena y calabacín. Alimento precocinado","Nombre del operador: Nutrition & Santé Iberia, S.L.","Dirección del operador: c/ Jesús Serra i Santamans, nº 4 - 1ª planta. 08174 Sant Cugat del Vallés - Barcelona","Cantidad Neta: 150 g","Número de raciones por envase: 2","Otras menciones obligatorias en la etiqueta: Bio, Agricultura UE/ no UE, Vegano"],"ingredients":[" Tofu* (30%) (agua, soja*, coagulante:nigari), arroz integral*, harina de trigo espelta integral* (12%), calabacín* (12%), berenjena* (12%), cebolla*, tofu ahumado* (6%) (agua, soja*, coagulante: nigari, sal marina; ahumado con madera de haya),  aceite de girasol*, shoyu* (agua, soja*, trigo*, sal marina, Koji (Aspergillus oryzae)), ajo en polvo*, sal marina, nuez moscada*, orégano*, pimienta negra*. *=de cultivo ecológico certificado. Puede contener trazas de huevo, cacahuete, leche, frutos de cáscara, apio, mostaza y sésamo."],"conservation":" Conservar entre +2°C Y +4°C","ean":"8428159100372"},{"full_name":"NATURSOY hamburguesa de tofu y champiñones pack 2 unidades estuche 150 g","name":"hamburguesa de tofu y champiñones pack 2 unidades estuche 150 g","brand":"NATURSOY ","img":"https://sgfm.elcorteingles.es/SGFM//00/06/1/0120729200061/0120729200061000g01011.jpg","price":"3,49 €","price_unit":"(23,27 € / Kilo)","categories":["Supermercado","Dietéticos","Embutidos vegetales, tofu y algas","Embutidos vegetales y tofu","NATURSOY hamburguesa de tofu y champiñones pack 2 unidades estuche 150 g"],"general_information":["Denominación del alimento: Hamburguesa vegetal de tofu champiñón. Alimento precocinado","Nombre del operador: Nutrition & Santé Iberia, S.L.","Dirección del operador: c/ Jesús Serra i Santamans, nº 4 - 1ª planta. 08174 Sant Cugat del Vallés - Barcelona","Cantidad Neta: 150 g","Número de raciones por envase: 2","Otras menciones obligatorias en la etiqueta: Bio, Agricultura UE/ no UE, Vegano"],"ingredients":[" Tofu* (36%) (agua, soja*, coagulante: nigari), champiñón (21%), arroz integral*, cebolla*, harina de trigo integral*, aceite de girasol*, shoyu* (agua, soja*, trigo*, sal marina, koji (aspergillus oryzae)), sal marina, perejil*, ajo en polvo*, orégano*. *= de cultivo ecológico certificado. Puede contener trazas de huevo, cacahuete, leche, frutos de cáscara, apio, mostaza y sésamo."],"conservation":" Conservar entre +2°C Y +4°C","ean":"8428159100112"},{"full_name":"NATURSOY hamburguesa de tofu y algas pack 2 unidades estuche 150 g","name":"hamburguesa de tofu y algas pack 2 unidades estuche 150 g","brand":"NATURSOY ","img":"https://sgfm.elcorteingles.es/SGFM//00/08/7/0120729200087/0120729200087000g01011.jpg","price":"3,49 €","price_unit":"(23,27 € / Kilo)","categories":["Supermercado","Dietéticos","Embutidos vegetales, tofu y algas","Embutidos vegetales y tofu","NATURSOY hamburguesa de tofu y algas pack 2 unidades estuche 150 g"],"general_information":["Denominación del alimento: Hamburguesa vegetal de tofu y algas . Alimento precocinado","Nombre del operador: Nutrition & Santé Iberia, S.L.","Dirección del operador: c/ Jesús Serra i Santamans, nº 4 - 1ª planta. 08174 Sant Cugat del Vallés - Barcelona","Cantidad Neta: 150 g","Número de raciones por envase: 2","Otras menciones obligatorias en la etiqueta: Bio, Agricultura UE/ no UE, Vegano"],"ingredients":[" Tofu* (39%) (agua, soja*, coagulante: nigari), arroz integral*, cebolla*, harina de trigo integral*, tofu ahumado* (10%) (agua, soja*, coagulante: nigari, sal marina; ahumado con madera de haya), aceite de girasol*, shoyu* (agua, soja*, trigo*, sal marina, Koji (Aspergillus oryzae)), alga arame (1,3%), sal marina, perejil*. *=de cultivo ecológico certifcado. Puede contener trazas de huevo, cacahuete, leche, frutos de cáscara, apio, mostaza y sésamo."],"conservation":" Conservar entre +2°C Y +4°C","ean":"8428159100174"},{"full_name":"NATURSOY hamburguesa de tofu y zanahoria pack 2 unidades estuche 150 g","name":"hamburguesa de tofu y zanahoria pack 2 unidades estuche 150 g","brand":"NATURSOY ","img":"https://sgfm.elcorteingles.es/SGFM//00/09/5/0120729200095/0120729200095000g01011.jpg","price":"3,49 €","price_unit":"(23,27 € / Kilo)","categories":["Supermercado","Dietéticos","Embutidos vegetales, tofu y algas","Embutidos vegetales y tofu","NATURSOY hamburguesa de tofu y zanahoria pack 2 unidades estuche 150 g"],"general_information":["Denominación del alimento: Hamburguesa vegetal de tofu zanahoria. Alimento precocinado","Nombre del operador: Nutrition & Santé Iberia, S.L.","Dirección del operador: c/ Jesús Serra i Santamans, nº 4 - 1ª planta. 08174 Sant Cugat del Vallés - Barcelona","Cantidad Neta: 150 g","Número de raciones por envase: 2","Otras menciones obligatorias en la etiqueta: Bio, Agricultura UE/ no UE, Vegano"],"ingredients":[" Tofu* (40%) (agua, soja*, coagulante: nigari), arroz integral*, zanahoria* (12%), cebolla*, harina de trigo integral*, aceite de girasol*, shoyu* (agua, soja*, trigo*, sal marina, Koji (Aspergillus oryzae)), sal marina, perejil*, orégano*. *=de cultivo ecológico certificado. Puede contener trazas de huevo, cacahuete, leche, frutos de cáscara, apio y sésamo."],"conservation":" Conservar entre +2°C Y +4°C","ean":"8428159100068"},{"full_name":"NATURSOY hamburguesa de tofu a la jardinera pack 2 unidades estuche 150 g","name":"hamburguesa de tofu a la jardinera pack 2 unidades estuche 150 g","brand":"NATURSOY ","img":"https://sgfm.elcorteingles.es/SGFM//00/10/3/0120729200103/0120729200103000g01011.jpg","price":"3,89 €","price_unit":"(25,93 € / Kilo)","categories":["Supermercado","Dietéticos","Embutidos vegetales, tofu y algas","Embutidos vegetales y tofu","NATURSOY hamburguesa de tofu a la jardinera pack 2 unidades estuche 150 g"],"general_information":["Denominación del alimento: Hamburguesa vegetal de tofu a la jardinera. Alimento precocinado","Nombre del operador: Nutrition & Santé Iberia, S.L.","Dirección del operador: c/ Jesús Serra i Santamans, nº 4 - 1ª planta. 08174 Sant Cugat del Vallés - Barcelona","Cantidad Neta: 150 g","Número de raciones por envase: 2","Otras menciones obligatorias en la etiqueta: Bio, Agricultura UE/ no UE, Vegano"],"ingredients":[" Tofu* (29%) (agua, soja*, gelificante: nigari), arroz integral*, hortalizas en proporción variable* (24%) (pimiento rojo*, zanahoria* (6%), guisante*, maíz dulce*), cebolla*(10%), harina de trigo integral*, tofu ahumado* (7%) (agua, soja*, gelificante: nigari; ahumado con madera de haya), shoyu* (agua, soja*, trigo*, sal marina, Koji (aspergillus oryzae)), aceite de girasol*, ajo en polvo*, sal marina, nuez moscada*, orégano*, pimienta negra*. *= de cultivo ecológico certificado. Puede contener trazas de huevo, cacahuete, leche, frutos de cáscara, apio, mostaza y sésamo."],"conservation":" Conservar entre +2° y +4°C","ean":"8428159110234"},{"full_name":"NATURSOY hamburguesa de tofu a la vasca pack 2 unidades estuche 150 g","name":"hamburguesa de tofu a la vasca pack 2 unidades estuche 150 g","brand":"NATURSOY ","img":"https://sgfm.elcorteingles.es/SGFM//00/12/9/0120729200129/0120729200129000g01011.jpg","price":"3,49 €","price_unit":"(23,27 € / Kilo)","categories":["Supermercado","Dietéticos","Embutidos vegetales, tofu y algas","Embutidos vegetales y tofu","NATURSOY hamburguesa de tofu a la vasca pack 2 unidades estuche 150 g"],"general_information":["Denominación del alimento: Hamburguesa vegetal de tofu a la vasca. Alimento precocinado","Nombre del operador: Nutrition & Santé Iberia, S.L.","Dirección del operador: c/ Jesús Serra i Santamans, nº 4 - 1ª planta. 08174 Sant Cugat del Vallés - Barcelona","Cantidad Neta: 150 g","Número de raciones por envase: 2","Otras menciones obligatorias en la etiqueta: Bio, Agricultura UE/ no UE, Vegano"],"ingredients":[" Tofu* (24%) (agua, soja*, coagulante: nigari), tofu ahumado* (21%) (agua, soja*, coagulante: nigari, sal marina; ahumado con madera de haya), arroz integral* cebolla*, harina de trigo integral*, aceite de girasol*, shoyu* (agua, soja*, trigo*, sal marina, Koji (Aspergillus oryzae)), tomate en polvo*, sal marina, pimentón dulce*, ajo en polvo*, sirope de agave*, pimentón picante*. *= de cultivo ecológico certifcado. Puede contener trazas de huevo, cacahuete, leche, frutos de cáscara, apio, mostaza y sésamo."],"conservation":" Conservar entre +2° y +4°C","ean":"8428159100570"},{"full_name":"NATURSOY hamburguesa de cereales oriental pack 2 unidades estuche 150 g","name":"hamburguesa de cereales oriental pack 2 unidades estuche 150 g","brand":"NATURSOY ","img":"https://sgfm.elcorteingles.es/SGFM//00/17/8/0120729200178/0120729200178000g01011.jpg","price":"2,89 €","price_unit":"(18,06 € / Kilo)","categories":["Supermercado","Dietéticos","Embutidos vegetales, tofu y algas","Embutidos vegetales y tofu","NATURSOY hamburguesa de cereales oriental pack 2 unidades estuche 150 g"],"general_information":["Denominación del alimento: Hamburguesa vegetal de cereales oriental. Alimento precocinado","Nombre del operador: Nutrition & Santé Iberia, S.L.","Dirección del operador: c/ Jesús Serra i Santamans, nº 4 - 1ª planta. 08174 Sant Cugat del Vallés - Barcelona","Cantidad Neta: 160 g","Número de raciones por envase: 2","Otras menciones obligatorias en la etiqueta: Bio, Agricultura UE/ no UE, Vegano"],"ingredients":[" Cereales* (54%)(arroz integral*, polenta de maíz*, bulgur de trigo*, quinoa*, copos de avena*), pasas sultanas*, sésamo integral tostado*, agua, aceite de girasol*, harina de avena*, sal marina, ajo en polvo*, cúrcuma*, cebolla en polvo*, comino*, curry*. *= de cultivo ecológico certificado. Puede contener trazas de huevo, cacahuete, soja, leche, frutos de cáscara y apio."],"conservation":" Conservar entre +2° y +4° C.","ean":"8428159001075"},{"full_name":"NATURSOY Bio hamburguesa vegetal de cereales tipo Jardinera pack 2 unidades envase 155 g","name":"Bio hamburguesa vegetal de cereales tipo Jardinera pack 2 unidades envase 155 g","brand":"NATURSOY ","img":"https://sgfm.elcorteingles.es/SGFM/dctm/MEDIA02/CONTENIDOS/201504/17/00120729200442____1__600x600.jpg","price":"2,89 €","price_unit":"(18,65 € / Kilo)","categories":["Supermercado","Dietéticos","Embutidos vegetales, tofu y algas","Embutidos vegetales y tofu","NATURSOY Bio hamburguesa vegetal de cereales tipo Jardinera pack 2 unidades envase 155 g"],"general_information":["Denominación del alimento: Hamburguesa vegetal de cereales jardinera. Alimento precocinado","Nombre del operador: Nutrition & Santé Iberia, S.L.","Dirección del operador: c/ Jesús Serra i Santamans, nº 4 - 1ª planta. 08174 Sant Cugat del Vallés - Barcelona","Cantidad Neta: 155 g","Número de raciones por envase: 2","Otras menciones obligatorias en la etiqueta: Bio, Agricultura UE/ no UE, Vegano"],"ingredients":[" Cereales* (51%) (arroz integral*, copos de avena*, bulgur de trigo*, quinoa*, polenta de maíz*), vegetales* (40%) (zanahoria*, maíz*, pimiento*, guisante*, cebolla*), aceite de girasol*, harina de avena*, sal marina, ajo en polvo*, cebolla en polvo*, mezcla de plantas aromáticas*, pimienta negra*. *=de cultivo ecológico certificado. Puede contener trazas de huevo, cacahuete, soja, leche, frutos de cáscara, apio, mostaza y sésamo."],"conservation":" Conservar entre +2° y +4° C.","ean":"8428159001082"},{"full_name":"NATURSOY Bio hamburguesa vegetal de cereales tipo Provenzal pack 2 unidades envase 160 g","name":"Bio hamburguesa vegetal de cereales tipo Provenzal pack 2 unidades envase 160 g","brand":"NATURSOY ","img":"https://sgfm.elcorteingles.es/SGFM/dctm/MEDIA02/CONTENIDOS/201504/17/00120729200459____1__600x600.jpg","price":"2,89 €","price_unit":"(18,06 € / Kilo)","categories":["Supermercado","Dietéticos","Embutidos vegetales, tofu y algas","Embutidos vegetales y tofu","NATURSOY Bio hamburguesa vegetal de cereales tipo Provenzal pack 2 unidades envase 160 g"],"general_information":["Denominación del alimento: Hamburguesa vegetal de cereales provenzal. Alimento precocinado","Nombre del operador: Nutrition & Santé Iberia, S.L.","Dirección del operador: c/ Jesús Serra i Santamans, nº 4 - 1ª planta. 08174 Sant Cugat del Vallés - Barcelona","Cantidad Neta: 160 g","Número de raciones por envase: 2","Otras menciones obligatorias en la etiqueta: Bio, Agricultura UE/ no UE, Vegano"],"ingredients":[" Cereales* (54%)(arroz integral*, bulgur de TRIGO*, quinoa*, polenta de maíz*, copos de AVENA*), pimiento rojo*, aceite de girasol*, harina en polvo*, sal marina, pimentón dulce*, ajo en polvo*, cebolla en polvo*, sirope de ágave*, pimentón picante*. *=de cultivo ecológico certificado. Puede contener trazas de huevo, cacahuete, soja, leche, frutos de cáscara, apio y sésamo."],"conservation":" Conservar entre +2° y +4° C.","ean":"8428159001099"},{"full_name":"NATURSOY seitán fresco 100% vegetal envase 250 g","name":"seitán fresco 100% vegetal envase 250 g","brand":"NATURSOY ","img":"https://sgfm.elcorteingles.es/SGFM//00/20/4/0120729100204/0120729100204000g01011.jpg","price":"4,29 €","price_unit":"(17,16 € / Kilo)","categories":["Supermercado","Dietéticos","Embutidos vegetales, tofu y algas","Embutidos vegetales y tofu","NATURSOY seitán fresco 100% vegetal envase 250 g"],"general_information":["Denominación del alimento: Seitán. Alimento precocinado, elaborado a base de trigo","Nombre del operador: Nutrition & Santé Iberia, S.L.","Dirección del operador: c/ Jesús Serra i Santamans, nº 4 - 1ª planta. 08174 Sant Cugat del Vallés - Barcelona","Cantidad Neta: 250 g","Otras menciones obligatorias en la etiqueta: Bio, Agricultura UE/ no UE, Vegano"],"ingredients":[" Harina de trigo (56%), agua, tamari* (soja*, agua, sal marina, mikawa mirin* (arroz dulce*, agua, arroz*), harina de cebada tostada*, koji (aspegillus oryzae)), ajo en polvo*, jengibre*, alga kombu. *=De Cultivo Ecológico Certificado.  Puede contener trazas de huevo, cacahuete, leche, frutos de cáscara, apio, mostaza y sésamo."],"conservation":" Conservar entre +2°C Y +4°C","ean":"8428159100143"},{"full_name":"NATURSOY Fibra Burger hamburguesa con queso y cebolla ecológica envase 150 g","name":"Fibra Burger hamburguesa con queso y cebolla ecológica envase 150 g","brand":"NATURSOY ","img":"https://sgfm.elcorteingles.es/SGFM//00/40/0/0120729200400/0120729200400000g01011.jpg","price":"3,49 €","price_unit":"(23,27 € / Kilo)","categories":["Supermercado","Dietéticos","Embutidos vegetales, tofu y algas","Embutidos vegetales y tofu","NATURSOY Fibra Burger hamburguesa con queso y cebolla ecológica envase 150 g"],"general_information":["Denominación del alimento: Fibra burguer queso y cebolla. Alimento precocinado","Nombre del operador: Nutrition & Santé Iberia, S.L.","Dirección del operador: c/ Jesús Serra i Santamans, nº 4 - 1ª planta. 08174 Sant Cugat del Vallés - Barcelona","Cantidad Neta: 150 g","Número de raciones por envase: 2","Otras menciones obligatorias en la etiqueta: Bio, Agricultura UE/ no UE, Vegano."],"ingredients":[" Fibra de soja*, polenta de maíz*, queso emmental* (14,8%) (leche), aceite de girasol*, cebolla* (6,4%), sal marina, sirope de agave en polvo*, curcuma*. *= de cultivo ecológico certificado. Puede contener trazas de glúten, frutos de cáscara, cacahuetes, huevo, apio, mostaza y sésamo."],"conservation":" Conservar entre +2° y +4° C.","ean":"8428159005707"},{"full_name":"NATURSOY Fibra Burger hamburguesa de pimiento asado y curry ecológica envase 150 g","name":"Fibra Burger hamburguesa de pimiento asado y curry ecológica envase 150 g","brand":"NATURSOY ","img":"https://sgfm.elcorteingles.es/SGFM//00/39/2/0120729200392/0120729200392000g01011.jpg","price":"3,49 €","price_unit":"(23,27 € / Kilo)","categories":["Supermercado","Dietéticos","Embutidos vegetales, tofu y algas","Embutidos vegetales y tofu","NATURSOY Fibra Burger hamburguesa de pimiento asado y curry ecológica envase 150 g"],"general_information":["Denominación del alimento: Fibra burguer pimiento asado y curry. Alimento precocinado","Nombre del operador: Nutrition & Santé Iberia, S.L.","Dirección del operador: c/ Jesús Serra i Santamans, nº 4 - 1ª planta. 08174 Sant Cugat del Vallés - Barcelona","Cantidad Neta: 150 g","Número de raciones por envase: 2","Otras menciones obligatorias en la etiqueta: Bio, Agricultura UE/ no UE, Vegano."],"ingredients":[" Fibra de soja*, polenta de maíz*, aceite de girasol*, pimiento rojo asado* (7,13%), pimiento rojo*, sal marina, sirope de agave en polvo*, curry* (0,19%) (contiene mostaza), mezcla de hierbas aromáticas*, ajo en polvo*, comino*, pimienta negra*. *= de cultivo ecológico certificado. Puede contener trazas de gluten, frutos de cáscara, cacahuetes, huevo, leche, apio y sésamo."],"conservation":" Conservar entre +2° y +4° C.","ean":"8428159005691"},{"full_name":"NATURSOY croquetas de mijo ecológicas envase 210 g","name":"croquetas de mijo ecológicas envase 210 g","brand":"NATURSOY ","img":"https://sgfm.elcorteingles.es/SGFM/02/77/4/0120771702774/0120771702774000g01011.jpg","price":"3,95 €","price_unit":"(18,81 € / Kilo)","categories":["Supermercado","Dietéticos","Embutidos vegetales, tofu y algas","Embutidos vegetales y tofu","NATURSOY croquetas de mijo ecológicas envase 210 g"],"general_information":[" Croquetas vegetales de mijo. 100% biológicas.\nEl mijo es un cereal muy energético, con más de un 65% de contenido en hidratos de carbono. Muy rico en hierro y magnesio.","Consejos: Ideal para aportar energía. Por su bajo contenido en grasa está recomendado también para dietas bajas en colesterol.","Preparación: Alimento precocinado. Sólo hay que calentarlo en una sartén con un poco de aceite."],"ingredients":["Ingredientes: Bebida de soja 48,6% (agua, soja descascarillada), cebolla, harina de mijo integral 12%, aceite de girasol, pan rallado, copos de patata (patata, emulsionante: lecitina, antioxidante: ácido cítrico), fibra de avena, sal marina, espesante: goma guar, ajo en polvo, pimienta negra. \nRebozado: Pan rallado. \nIngredientes prodecentes de la agricultura ecológica."],"ean":"8428159003802"},{"full_name":"GRANOVITA Veganmeat carne vegetal tradicional Bio envase 250 g","name":"Veganmeat carne vegetal tradicional Bio envase 250 g","brand":"GRANOVITA ","img":"https://sgfm.elcorteingles.es/SGFM/dctm/MEDIA02/CONTENIDOS/201411/05/00200353500226____1__600x600.jpg","price":"4,08 €","price_unit":"(16,32 € / Kilo)","categories":["Supermercado","Dietéticos","Embutidos vegetales, tofu y algas","Embutidos vegetales y tofu","GRANOVITA Veganmeat carne vegetal tradicional Bio envase 250 g"],"general_information":[],"ingredients":[],"ean":"8423266205101"},{"full_name":"GRANOVITA salchichas vegetales Frankfurt frasco 340 g","name":"salchichas vegetales Frankfurt frasco 340 g","brand":"GRANOVITA ","img":"https://sgfm.elcorteingles.es/SGFM//03/80/6/0120771703806/0120771703806000g01011.jpg","price":"5,19 €","price_unit":"(15,26 € / Kilo)","categories":["Supermercado","Dietéticos","Embutidos vegetales, tofu y algas","Embutidos vegetales y tofu","GRANOVITA salchichas vegetales Frankfurt frasco 340 g"],"general_information":[],"ingredients":[],"ean":"4083900014793"},{"full_name":"SOJHAPPY tofu con frutas ecológico envase 175 g","name":"tofu con frutas ecológico envase 175 g","brand":"SOJHAPPY ","img":"https://sgfm.elcorteingles.es/SGFM//00/11/3/0120729100113/0120729100113000g01011.jpg","price":"2,95 €","price_unit":"(16,86 € / Kilo)","categories":["Supermercado","Dietéticos","Embutidos vegetales, tofu y algas","Embutidos vegetales y tofu","SOJHAPPY tofu con frutas ecológico envase 175 g"],"general_information":[],"ingredients":[],"ean":"8436542890205"},{"full_name":"SOJHAPPY tofu con naranja ecológico envase 175 g","name":"tofu con naranja ecológico envase 175 g","brand":"SOJHAPPY ","img":"https://sgfm.elcorteingles.es/SGFM//00/09/7/0120729100097/0120729100097000g01011.jpg","price":"2,75 €","price_unit":"(15,71 € / Kilo)","categories":["Supermercado","Dietéticos","Embutidos vegetales, tofu y algas","Embutidos vegetales y tofu","SOJHAPPY tofu con naranja ecológico envase 175 g"],"general_information":[],"ingredients":[],"ean":"8436542890236"},{"full_name":"MALLORCABIO hamburguesa de puerro al curry envase 150 g","name":"hamburguesa de puerro al curry envase 150 g","brand":"MALLORCABIO ","img":"https://sgfm.elcorteingles.es/SGFM/dctm/MEDIA02/CONTENIDOS/201503/09/00120729200152____1__600x600.jpg","price":"2,95 €","price_unit":"(19,67 € / Kilo)","categories":["Supermercado","Dietéticos","Embutidos vegetales, tofu y algas","Embutidos vegetales y tofu","MALLORCABIO hamburguesa de puerro al curry envase 150 g"],"general_information":[],"ingredients":[],"ean":"8420681200018"},{"full_name":"MALLORCABIO hamburguesas de seitán y olivas envase 150 g","name":"hamburguesas de seitán y olivas envase 150 g","brand":"MALLORCABIO ","img":"https://sgfm.elcorteingles.es/SGFM/dctm/MEDIA02/CONTENIDOS/201503/09/00120729200137____1__600x600.jpg","price":"2,99 €","price_unit":"(19,93 € / Kilo)","categories":["Supermercado","Dietéticos","Embutidos vegetales, tofu y algas","Embutidos vegetales y tofu","MALLORCABIO hamburguesas de seitán y olivas envase 150 g"],"general_information":[],"ingredients":[],"ean":"8420681100097"},{"full_name":"MALLORCABIO seitán ecológico envase 250 g","name":"seitán ecológico envase 250 g","brand":"MALLORCABIO ","img":"https://sgfm.elcorteingles.es/SGFM/dctm/MEDIA03/201703/09/00120729100378____1__600x600.jpg","price":"3,70 €","price_unit":"(14,80 € / Kilo)","categories":["Supermercado","Dietéticos","Embutidos vegetales, tofu y algas","Embutidos vegetales y tofu","MALLORCABIO seitán ecológico envase 250 g"],"general_information":[],"ingredients":[],"ean":"8420681100141"},{"full_name":"HIJAS DEL SOL salchichas chipolatas vegetales ecológicas 2 unidades paquete 200 g","name":"salchichas chipolatas vegetales ecológicas 2 unidades paquete 200 g","brand":"HIJAS DEL SOL ","img":"https://sgfm.elcorteingles.es/SGFM//00/33/1/0120751900331/0120751900331000g01011.jpg","price":"4,29 €","price_unit":"(21,45 € / Kilo)","categories":["Supermercado","Dietéticos","Embutidos vegetales, tofu y algas","Embutidos vegetales y tofu","HIJAS DEL SOL salchichas chipolatas vegetales ecológicas 2 unidades paquete 200 g"],"general_information":[],"ingredients":[],"ean":"8412016292119"},{"full_name":"HIJAS DEL SOL salchichas vegetales de seitán ecológicas paquete 200 g","name":"salchichas vegetales de seitán ecológicas paquete 200 g","brand":"HIJAS DEL SOL ","img":"https://sgfm.elcorteingles.es/SGFM//00/32/3/0120751900323/0120751900323000g01011.jpg","price":"4,19 €","price_unit":"(20,95 € / Kilo)","categories":["Supermercado","Dietéticos","Embutidos vegetales, tofu y algas","Embutidos vegetales y tofu","HIJAS DEL SOL salchichas vegetales de seitán ecológicas paquete 200 g"],"general_information":[],"ingredients":[],"ean":"8412016291891"},{"full_name":"CEREAL BIO hamburguesa vegetal con bulgur y espelta con verduras ecológica envase 200 g","name":"hamburguesa vegetal con bulgur y espelta con verduras ecológica envase 200 g","brand":"CEREAL BIO ","img":"https://sgfm.elcorteingles.es/SGFM//00/29/3/0120729200293/0120729200293000g01011.jpg","price":"4,20 €","price_unit":"(21 € / Kilo)","categories":["Supermercado","Dietéticos","Embutidos vegetales, tofu y algas","Embutidos vegetales y tofu","CEREAL BIO hamburguesa vegetal con bulgur y espelta con verduras ecológica envase 200 g"],"general_information":["Denominación del alimento: Hamburguesa vegetal Bio de bulgur y espelta con verduras","Nombre del operador: Nutrition & Santé Iberia, S.L.","Dirección del operador: Paseo de Gracia, nº 11 , Escalera B, 1ª planta. 08007 Barcelona","Cantidad Neta: 200 g","Número de raciones por envase: 2","Otras menciones obligatorias en la etiqueta: Envasado en atmósfera protectora"],"ingredients":[" Bulgur de trigo precocido* 44,3%, trigo espelta* precocido 13,5%, aceites* vegetales (girasol alto oléico* y girasol*), zanahoria* 6,2%, cebolla* 5,0%, copos de trigo* integral, copos de avena* integral, concentrado de tomate*, pimiento rojo* 3,4%, harina de arroz*, apionabo* 1,4%, ajo*, uvas pasas*, sal marina, gluten de trigo*, especias* (comino*, cúrcuma*, ciliantro*, jengibre*, canela*, fenogreco*, pimienta*, clavo*, nuez moscada*). *Ingredientes procedentes de Agricultura Ecológica. Puede contener trazas de soja, frutos de cáscara, sésamo, leche, huevo y derivados de los mismos."],"conservation":" Conservar en un lugar fresco y seco. Una vez abierto mantener refrigerado un máximo de 3 días.","ean":"3175681028098"},{"full_name":"CEREAL BIO hamburguesa vegetal de quinoa y bulgur con tomate ecológica envase 200 g","name":"hamburguesa vegetal de quinoa y bulgur con tomate ecológica envase 200 g","brand":"CEREAL BIO ","img":"https://sgfm.elcorteingles.es/SGFM/dctm/MEDIA03/201702/13/00120729200285____1__600x600.jpg","price":"4,20 €","price_unit":"(21 € / Kilo)","categories":["Supermercado","Dietéticos","Embutidos vegetales, tofu y algas","Embutidos vegetales y tofu","CEREAL BIO hamburguesa vegetal de quinoa y bulgur con tomate ecológica envase 200 g"],"general_information":["Denominación del alimento: Hamburguesa vegetal Bio de quinoa, bulgur y tomate","Nombre del operador: Nutrition & Santé Iberia, S.L.","Dirección del operador: Paseo de Gracia, nº 11 , Escalera B, 1ª planta. 08007 Barcelona","Cantidad Neta: 200 g","Número de raciones por envase: 2","Otras menciones obligatorias en la etiqueta: Envasado en atmósfera protectora"],"ingredients":[" Bulgur de trigo* precocido 45,5%, quinoa* precocida 11,9%, aceites* vegetales (girasol alto oléico* y girasol*),  pimientos rojos*7,5%, cebolla*6,1%, copos de trigo* integral, copos de avena* integral, concentrado de tomate* 3,3%, harina de arroz*, maíz dulce*, plantas aromáticas* (ajo* orégano), sal marina, especias* (pimentón dulce*, coriandro*, comino*), remolacha*, gluten de trigo*, cacao*.*Ingredientes procedentes de Agricultura Ecológica. Puede contener trazas de soja, apio, frutos de cáscara, sésamo, leche, huevo y derivados de los mismos."],"conservation":" Conservar en un lugar fresco y seco. Una vez abierto mantener refrigerado un máximo de 3 días.","ean":"3175681028111"},{"full_name":"CEREAL BIO hamburguesa de bulgur, trigo sarraceno y queso emmental ecológica 2x100g estuche 201 g","name":"hamburguesa de bulgur, trigo sarraceno y queso emmental ecológica 2x100g estuche 201 g","brand":"CEREAL BIO ","img":"https://sgfm.elcorteingles.es/SGFM/dctm/MEDIA03/201607/11/00120729200509____1__600x600.jpg","price":"4,89 €","price_unit":"(24,33 € / Kilo)","categories":["Supermercado","Dietéticos","Embutidos vegetales, tofu y algas","Embutidos vegetales y tofu","CEREAL BIO hamburguesa de bulgur, trigo sarraceno y queso emmental ecológica 2x100g estuche 201 g"],"general_information":["Denominación del alimento: Hamburguesa Bio de bulgur, trigo sarraceno y queso emmental","Nombre del operador: Nutrition & Santé Iberia, S.L.","Dirección del operador: Paseo de Gracia, nº 11 , Escalera B, 1ª planta. 08007 Barcelona","Cantidad Neta: 200 g","Número de raciones por envase: 2","Otras menciones obligatorias en la etiqueta: Envadaso en atmósfera protectora."],"ingredients":[" Bulgur de trigo* precocido 48,5%, trigo sarraceno* precocinado 18,3%, queso emmental 10.8%, aceites* vegetales (girasol alto oleico* y girasol*), copos de trigo* integral 5,6%, cebollas*, copos de avena* integrales, harina de trigo*, sal marina. *Ingredientes procedentes de Agricultura Ecológica. Puede contener trazas de soja, apio, frutos de cáscara, sésamo, huevo, y derivados de los mismos."],"conservation":" Conservar en lugar fresco y seco. Una vez abierto, conservar en la nevera por un máximo de 3 días.","ean":"3175681182646"},{"full_name":"CEREAL BIO seitán con verduras al toque de curry ecológico 2x100g estuche 202 g","name":"seitán con verduras al toque de curry ecológico 2x100g estuche 202 g","brand":"CEREAL BIO ","img":"https://sgfm.elcorteingles.es/SGFM/dctm/MEDIA03/201607/11/00120729200517____1__600x600.jpg","price":"4,89 €","price_unit":"(24,21 € / Kilo)","categories":["Supermercado","Dietéticos","Embutidos vegetales, tofu y algas","Embutidos vegetales y tofu","CEREAL BIO seitán con verduras al toque de curry ecológico 2x100g estuche 202 g"],"general_information":["Denominación del alimento: Especialidad vegetal a base de seitan de trigo, verduras y arroz.","Nombre del operador: Nutrition & Santé Iberia, S.L.","Dirección del operador: c/ Jesús Serra i Santamans, nº 4 - 1ª planta. 08174 Sant Cugat del Vallés - Barcelona","Cantidad Neta: 200 g","Número de raciones por envase: 2","Otras menciones obligatorias en la etiqueta: Envasado en atmósfera protectora. Ecológico."],"ingredients":[" Verduras* 40,4% (guisantes*, calabacines*, cebollas*, zanahoria*), seitán* 39,5% (agua, gluten de trigo*, harina de trigo*, sal marina), arroz integral* precocido, aceite de girasol alto oleico*, harina de garbanzos*, harina de trigo*, semillas de girasol* tostadas, harina integral de avena*, sal, aceite de girasol*, espesante: goma guar; curry* 0,24% (cúrcuma*, cilantro*, jengibre*, canela*, fenogreco*, cebolla*, pimienta negra*, clavo*, nuez moscada*), cilantro*, comino*, jengibre*, pimentón*. *Ingredientes procedentes de Agricultura Ecológica. Elaborado en una fábrica que utiliza huevo, pescado, soja, leche, frutos de cáscara, apio y sésamo."],"conservation":" Conservar en lugar fresco y seco.","ean":"3175681170162"},{"full_name":"CEREAL GRILL VEGETAL burger de soja y trigo 100% vegetal 2x90g bandeja 180 g","name":"GRILL VEGETAL burger de soja y trigo 100% vegetal 2x90g bandeja 180 g","brand":"CEREAL ","img":"https://sgfm.elcorteingles.es/SGFM/dctm/MEDIA02/CONTENIDOS/201510/20/00120770400487____1__600x600.jpg","price":"3,69 €","price_unit":"(20,50 € / Kilo)","categories":["Supermercado","Dietéticos","Embutidos vegetales, tofu y algas","Embutidos vegetales y tofu","CEREAL GRILL VEGETAL burger de soja y trigo 100% vegetal 2x90g bandeja 180 g"],"general_information":["Denominación del alimento: Especialidad vegetal a base de soja y trigo","Nombre del operador: Nutrition & Santé Iberia, S.L.","Dirección del operador: Paseo de Gracia, nº 11 , Escalera B, 1ª planta. 08007 Barcelona","Cantidad Neta: 180 g","Número de raciones por envase: 2","Otras menciones obligatorias en la etiqueta: Envasada en atmósfera protectora."],"ingredients":[" Agua, concentrado de proteínas de soja 16%, aceites vegetales 9,3% (aceite girasol alto oleico, aceite de girasol), gluten de trigo 5,6%, cebolla 3%, harina integral de soja 2,8%, fibras de soja 2,8%, aromas naturales, fibras de trigo y plántago 1,6%, sal marina, extracto de malta de cebada, espesante: metilcelulosa, pimentón picante. Puede contener trazas de huevo, leche, frutos de cáscara, apio, sésamo y derivados de los mismos."],"conservation":" Conservar a 4°C. Una vez abierto conservar en nevera y consumir en los 3 días siguientes a su apertura.","ean":"3175681188082"},{"full_name":"CEREAL GRILL VEGETAL burger de soja y trigo sabor barbacoa 100% vegetal bandeja 180 g","name":"GRILL VEGETAL burger de soja y trigo sabor barbacoa 100% vegetal bandeja 180 g","brand":"CEREAL ","img":"https://sgfm.elcorteingles.es/SGFM/dctm/MEDIA02/CONTENIDOS/201510/20/00120770400495____1__600x600.jpg","price":"3,69 €","price_unit":"(20,50 € / Kilo)","categories":["Supermercado","Dietéticos","Embutidos vegetales, tofu y algas","Embutidos vegetales y tofu","CEREAL GRILL VEGETAL burger de soja y trigo sabor barbacoa 100% vegetal bandeja 180 g"],"general_information":["Denominación del alimento: Especialidad vegetal a base de soja y trigo","Nombre del operador: Nutrition & Santé Iberia, S.L.","Dirección del operador: Paseo de Gracia, nº 11 , Escalera B, 1ª planta. 08007 Barcelona","Cantidad Neta: 180 g","Número de raciones por envase: 2","Otras menciones obligatorias en la etiqueta: Envasado en atmósfera protectora"],"ingredients":[" Agua, concentrado de proteínas de soja 16,6%, aceite de girasol alto oleico 8,5%, gluten de trigo 5,7%, concentrado de tomate 3,1%, harina integral de soja 2,9%, fibras de soja 2,9%, vinagre de sidra, aromas naturales*, fibras de trigo y plántago 1,5%, sal marina, azúcar, extracto de malta de cebada, espesante: metilcelulosa, especias, aroma de humo.  Puede contener trazas de huevo, leche frutos de cáscara, apio, sésamo , pescado y derivados de los mismos"],"conservation":" Conservar a 4°C. Una vez abierto conservar en nevera y consumir en los 3 días siguientes a su apertura.","ean":"3175681188440"},{"full_name":"GERBLE nuggets de soja y trigo 100% vegetal bandeja 180 g","name":"nuggets de soja y trigo 100% vegetal bandeja 180 g","brand":"GERBLE ","img":"https://sgfm.elcorteingles.es/SGFM/dctm/MEDIA02/CONTENIDOS/201510/20/00120770400503____1__600x600.jpg","price":"3,69 €","price_unit":"(24,60 € / Kilo)","categories":["Supermercado","Dietéticos","Embutidos vegetales, tofu y algas","Embutidos vegetales y tofu","GERBLE nuggets de soja y trigo 100% vegetal bandeja 180 g"],"general_information":["Denominación del alimento: Especialidad vegetal a base de soja y trigo","Nombre del operador: Nutrition & Santé Iberia, S.L.","Dirección del operador: Paseo de Gracia, nº 11 , Escalera B, 1ª planta. 08007 Barcelona","Cantidad Neta: 150 g","Número de raciones por envase: 6","Otras menciones obligatorias en la etiqueta: Envasada en atmósfera protectora."],"ingredients":[" Agua, concentrado de proteínas  de soja 14,3%, pan de trigo rallado 10,9%, aceite girasol alto oleico 9,2%, gluten de trigo 5%, harina de trigo 3,6%, puré de cebolla 2,9% ( cebolla 2,1%, aceite de girasol, sal), harina integral de soja 2,5%, fibras de soja 2,5%, aromas naturales, sal marina, espesante: metilcelulosa, fibras de trigo y plántago 0,5%. Puede contener trazas de huevo,leche, frutos de cáscara, apio, sésamo y derivados de los mismos."],"conservation":" Conservar a 4°C. Una vez abierto conservar en nevera y consumir en los 3 días siguientes a su apertura.","ean":"3175681187993"},{"full_name":"CEREAL GRILL VEGETAL escalopes de soja y trigo 100% vegetal 2x90g bandeja 180 g","name":"GRILL VEGETAL escalopes de soja y trigo 100% vegetal 2x90g bandeja 180 g","brand":"CEREAL ","img":"https://sgfm.elcorteingles.es/SGFM/dctm/MEDIA02/CONTENIDOS/201510/20/00120770400511____1__600x600.jpg","price":"3,69 €","price_unit":"(5,12 € / Kilo)","categories":["Supermercado","Dietéticos","Embutidos vegetales, tofu y algas","Embutidos vegetales y tofu","CEREAL GRILL VEGETAL escalopes de soja y trigo 100% vegetal 2x90g bandeja 180 g"],"general_information":["Denominación del alimento: Especialidad vegetal a base de soja y trigo","Nombre del operador: Nutrition & Santé Iberia, S.L.","Dirección del operador: Paseo de Gracia, nº 11 , Escalera B, 1ª planta. 08007 Barcelona","Cantidad Neta: 180 g","Número de raciones por envase: 2","Otras menciones obligatorias en la etiqueta: Envasada en atmósfera protectora."],"ingredients":[" Agua, concentrado de proteínas de soja 14,3%, pan de trigo rallado 8,8% (harina de trigo, sal, levadura, pimentón, cúrcuma), aceite girasol alto oleico 6,2%, gluten de trigo 5,0%, harina de trigo 3,5%, aceite de girasol 3,1%, harina integral de soja 2,5%, fibras de soja 2,5%,  aromas naturales, puré de cebolla 1,9% (cebolla, aceite de girasol, sal), sal marina, espesante: metilcelulosa, fibras de trigo y plántago 0,57%. Puede contener trazas de huevo, leche, frutos de cáscara, apio, sésamo, pescado y derivados de los mismos."],"conservation":" Conservar a 4°C. Una vez abierto conservar en nevera y consumir en los 3 días siguientes a su apertura.","ean":"3175681188051"},{"full_name":"CEREAL GRILL VEGETAL tiras de soja y trigo 100% vegetal 2x75g bandeja 150 g","name":"GRILL VEGETAL tiras de soja y trigo 100% vegetal 2x75g bandeja 150 g","brand":"CEREAL ","img":"https://sgfm.elcorteingles.es/SGFM/dctm/MEDIA02/CONTENIDOS/201510/20/00120770400529____1__600x600.jpg","price":"3,69 €","price_unit":"(24,60 € / Kilo)","categories":["Supermercado","Dietéticos","Embutidos vegetales, tofu y algas","Embutidos vegetales y tofu","CEREAL GRILL VEGETAL tiras de soja y trigo 100% vegetal 2x75g bandeja 150 g"],"general_information":["Denominación del alimento: Especialidad vegetal a base de soja y trigo","Nombre del operador: Nutrition & Santé Iberia, S.L.","Dirección del operador: Paseo de Gracia, nº 11 , Escalera B, 1ª planta. 08007 Barcelona","Cantidad Neta: 150 g","Otras menciones obligatorias en la etiqueta: Envasada en atmósfera protectora."],"ingredients":[" Agua, concentrado de proteínas de soja 17,5%, gluten de trigo 7,5%, harina integral de soja 4,2%, aromas naturales, aceite de oliva 1,1%, sal marina. Puede contener trazas de huevo, leche, frutos de cáscara, apio, sésamo y derivados de los mismos."],"conservation":" Conservar a 4°C. Una vez abierto conservar en nevera y consumir en los 3 días siguientes a su apertura.","ean":"3175681188020"},{"full_name":"VIVIBIO tofu ahumado ecológico elaborado a base de soja unidad 200 g","name":"tofu ahumado ecológico elaborado a base de soja unidad 200 g","brand":"VIVIBIO ","img":"https://sgfm.elcorteingles.es/SGFM/dctm/MEDIA03/201707/21/00120729100915____1__600x600.jpg","price":"3,75 €","price_unit":"(18,75 € / Kilo)","categories":["Supermercado","Dietéticos","Embutidos vegetales, tofu y algas","Embutidos vegetales y tofu","VIVIBIO tofu ahumado ecológico elaborado a base de soja unidad 200 g"],"general_information":["Denominación del alimento: Alimento ecológico ahumado elaborado a base de soja","País de origen: Italia","Nombre del operador: La Finestra sul Cielo España, SL","Dirección del operador: Passeig del Riu Besós, 1 - 08160 Montmeló (Barcelona)","Cantidad Neta: 200 g","Número de raciones por envase: 2","Otras menciones obligatorias en la etiqueta: Producto ecológico: IT-BIO-006 Agricultura UE/no UE, Gluten Free, Vegan"],"ingredients":[" Tofu* (95%) (soja* (51%), agua, gelificante: cloruro magnésico), tamari* (soja*, agua, sal marina, shochu* (arroz*, koji: Aspergillus oryzae)), aroma de humo natural (1,5%). *de agricultura ecológica"],"conservation":" Conservar en el frigorífico a 4ºC. Una vez abierto, consumir en 2 días. Si el producto está fuera del frigorífico más de 4 horas se recomienda no consumirlo","ean":"8436545624678"},{"full_name":"SOJHAPPY tofu de té con albaricoque ecológico envase 175 g","name":"tofu de té con albaricoque ecológico envase 175 g","brand":"SOJHAPPY ","img":"https://sgfm.elcorteingles.es/SGFM//00/08/9/0120729100089/0120729100089000g01011.jpg","price":"2,95 €","price_unit":"(16,86 € / Kilo)","categories":["Supermercado","Dietéticos","Embutidos vegetales, tofu y algas","Embutidos vegetales y tofu","SOJHAPPY tofu de té con albaricoque ecológico envase 175 g"],"general_information":[],"ingredients":[],"ean":"8436542890175"},{"full_name":"SOJHAPPY Chocotofu tofu de chocolate ecológico envase 175 g","name":"Chocotofu tofu de chocolate ecológico envase 175 g","brand":"SOJHAPPY ","img":"https://sgfm.elcorteingles.es/SGFM//00/06/3/0120729100063/0120729100063000g01011.jpg","price":"3,10 €","price_unit":"(17,71 € / Kilo)","categories":["Supermercado","Dietéticos","Embutidos vegetales, tofu y algas","Embutidos vegetales y tofu","SOJHAPPY Chocotofu tofu de chocolate ecológico envase 175 g"],"general_information":[],"ingredients":[],"ean":"8436542890182"},{"full_name":"TAIFUN tofu ecológico con curry y mango envase 200 g","name":"tofu ecológico con curry y mango envase 200 g","brand":"TAIFUN ","img":"https://sgfm.elcorteingles.es/SGFM/dctm/MEDIA03/201705/12/00120729100881____1__600x600.jpg","price":"3,79 €","price_unit":"(18,95 € / Kilo)","categories":["Supermercado","Dietéticos","Embutidos vegetales, tofu y algas","Embutidos vegetales y tofu","TAIFUN tofu ecológico con curry y mango envase 200 g"],"general_information":[],"ingredients":[],"ean":"4012359114501"},{"full_name":"TAIFUN tofu ecológico con albahaca envase 200 g","name":"tofu ecológico con albahaca envase 200 g","brand":"TAIFUN ","img":"https://sgfm.elcorteingles.es/SGFM/dctm/MEDIA03/201705/17/00120729100899____1__600x600.jpg","price":"3,79 €","price_unit":"(18,95 € / Kilo)","categories":["Supermercado","Dietéticos","Embutidos vegetales, tofu y algas","Embutidos vegetales y tofu","TAIFUN tofu ecológico con albahaca envase 200 g"],"general_information":[],"ingredients":[],"ean":"4012359114204"},{"full_name":"TAIFUN tofu ahumado ecológico con almendra y sésamo envase 200 g","name":"tofu ahumado ecológico con almendra y sésamo envase 200 g","brand":"TAIFUN ","img":"https://sgfm.elcorteingles.es/SGFM/dctm/MEDIA03/201705/12/00120729100873____1__600x600.jpg","price":"3,95 €","price_unit":"(19,75 € / Kilo)","categories":["Supermercado","Dietéticos","Embutidos vegetales, tofu y algas","Embutidos vegetales y tofu","TAIFUN tofu ahumado ecológico con almendra y sésamo envase 200 g"],"general_information":[],"ingredients":[],"ean":"4012359113108"},{"full_name":"TAIFUN hamburguesa ecológica de tofu y arroz con curry y piña envase 200 g","name":"hamburguesa ecológica de tofu y arroz con curry y piña envase 200 g","brand":"TAIFUN ","img":"https://sgfm.elcorteingles.es/SGFM/dctm/MEDIA03/201705/12/00120729200574____1__600x600.jpg","price":"4,15 €","price_unit":"(20,75 € / Kilo)","categories":["Supermercado","Dietéticos","Embutidos vegetales, tofu y algas","Embutidos vegetales y tofu","TAIFUN hamburguesa ecológica de tofu y arroz con curry y piña envase 200 g"],"general_information":[],"ingredients":[],"ean":"4012359140104"},{"full_name":"TAIFUN salchicha vienesas de tofu ecológicas envase 300 g","name":"salchicha vienesas de tofu ecológicas envase 300 g","brand":"TAIFUN ","img":"https://sgfm.elcorteingles.es/SGFM/dctm/MEDIA03/201705/17/00120770301347____1__600x600.jpg","price":"5,25 €","price_unit":"(17,50 € / Kilo)","categories":["Supermercado","Dietéticos","Embutidos vegetales, tofu y algas","Embutidos vegetales y tofu","TAIFUN salchicha vienesas de tofu ecológicas envase 300 g"],"general_information":[],"ingredients":[],"ean":"4012359133007"},{"full_name":"TAIFUN salchicha de soja para la barbacoa o para freir paquete 250 g","name":"salchicha de soja para la barbacoa o para freir paquete 250 g","brand":"TAIFUN ","img":"https://sgfm.elcorteingles.es/SGFM/dctm/MEDIA03/201711/03/00120770301321____10__600x600.jpg","price":"4,69 €","price_unit":"(18,76 € / Kilo)","categories":["Supermercado","Dietéticos","Embutidos vegetales, tofu y algas","Embutidos vegetales y tofu","TAIFUN salchicha de soja para la barbacoa o para freir paquete 250 g"],"general_information":[],"ingredients":[],"ean":"4012359138101"},{"full_name":"TAIFUN salchichas de soja y tofu mini vienesas ecológicas envase 160 g","name":"salchichas de soja y tofu mini vienesas ecológicas envase 160 g","brand":"TAIFUN ","img":"https://sgfm.elcorteingles.es/SGFM/dctm/MEDIA03/201705/17/00120770301339____1__600x600.jpg","price":"3,25 €","price_unit":"(20,31 € / Kilo)","categories":["Supermercado","Dietéticos","Embutidos vegetales, tofu y algas","Embutidos vegetales y tofu","TAIFUN salchichas de soja y tofu mini vienesas ecológicas envase 160 g"],"general_information":[],"ingredients":[],"ean":"4012359136107"},{"full_name":"CEM PORCENTO salchichas de soja tipo frankfurt frasco 260 g","name":"salchichas de soja tipo frankfurt frasco 260 g","brand":"CEM PORCENTO ","img":"https://sgfm.elcorteingles.es/SGFM//00/34/9/0120751900349/0120751900349000g01011.jpg","price":"3,69 €","price_unit":"(14,19 € / Kilo)","categories":["Supermercado","Dietéticos","Embutidos vegetales, tofu y algas","Embutidos vegetales y tofu","CEM PORCENTO salchichas de soja tipo frankfurt frasco 260 g"],"general_information":[],"ingredients":[],"ean":"5604321026463"},{"full_name":"VIVIBIO tofu natural ecológico y sin gluten unidad 200 g","name":"tofu natural ecológico y sin gluten unidad 200 g","brand":"VIVIBIO ","img":"https://sgfm.elcorteingles.es/SGFM/dctm/MEDIA03/201707/21/00120729100907____1__600x600.jpg","price":"2,55 €","price_unit":"(12,75 € / Kilo)","categories":["Supermercado","Dietéticos","Embutidos vegetales, tofu y algas","Embutidos vegetales y tofu","VIVIBIO tofu natural ecológico y sin gluten unidad 200 g"],"general_information":["Denominación del alimento: Alimento ecológico elaborado a base de soja sin gluten","País de origen: Italia","Nombre del operador: La Finestra sul Cielo España, SL","Dirección del operador: Passeig del Riu Besós, 1 - 08160 Montmeló (Barcelona)","Cantidad Neta: 200 g","Número de raciones por envase: 2","Otras menciones obligatorias en la etiqueta: Producto ecológico: IT-BIO-006 Agricultura Italia, Gluten Free, Vegan"],"ingredients":[" Soja* (54%), agua, gelificante: cloruro magnésico *de agricultura ecológica"],"conservation":" Conservar en el frigorífico a 4ºC. Una vez abierto, consumir en 2 días. Si el producto está fuera del frigorífico más de 4 horas se recomienda no consumirlo","ean":"8436545624692"},{"full_name":"SPECIAL LINE Bio paté vegetal de pimientos y olivas ecológico sin lactosa tarrina 125 g","name":"Bio paté vegetal de pimientos y olivas ecológico sin lactosa tarrina 125 g","brand":"SPECIAL LINE ","img":"https://sgfm.elcorteingles.es/SGFM/dctm/MEDIA02/CONTENIDOS/201601/18/00120752900702____3__600x600.jpg","price":"2,10 €","price_unit":"(16,80 € / Kilo)","categories":["Supermercado","Dietéticos","Embutidos vegetales, tofu y algas","Patés vegetales","SPECIAL LINE Bio paté vegetal de pimientos y olivas ecológico sin lactosa tarrina 125 g"],"general_information":["Denominación del alimento: Paté vegetal de pimientos y olivas","Nombre del operador: Elaborado para el Grupo El Corte Inglés, Hermosilla 112, 28009 MADRID - España por CIF A-46911020","Cantidad Neta: 125 g","Número de raciones por envase: 5"],"ingredients":[" Ingredientes: agua, grasa de palma no hidrogenada*, anacardo*, pimiento rojo* (7%), harina de patata*, cebolla*, levadura*, aceite de girasol no hidrogenado*, aceitunas verdes* (3%), aceitunas moradas* (2%), tomate concentrado*, extracto de levadura*, vinagre de manzana*, sal marina, pimienta negra*, ajo*, tomillo*, clavo*, nuez moscada*.\n*De agricultura ecológica"],"conservation":" Almacenar a temperatura ambiente, en un lugar fresco y seco. Una vez abierto, guardar en frigorífico y consumir antes de 5 días.","ean":"8433329050777"},{"full_name":"EL CORTE INGLES BIO paté vegetal de champiñón ecológico sin gluten y sin lactosa lata 125 g","name":"paté vegetal de champiñón ecológico sin gluten y sin lactosa lata 125 g","brand":"EL CORTE INGLES BIO ","img":"https://sgfm.elcorteingles.es/SGFM/dctm/MEDIA03/201711/14/00120752900926____6__600x600.jpg","price":"2,10 €","price_unit":"(16,80 € / Kilo)","categories":["Supermercado","Dietéticos","Embutidos vegetales, tofu y algas","Patés vegetales","EL CORTE INGLES BIO paté vegetal de champiñón ecológico sin gluten y sin lactosa lata 125 g"],"general_information":["Denominación del alimento: Conserva vegetal con champiñones","Nombre del operador: Elaborado para El Corte Inglés por \nGranovita, S.A.\nPoligono industrial Belcaire, 608\n31580 La Vall  D'uixo (Valencia)\nEspaña","Cantidad Neta: 125 g","Número de raciones por envase: 5"],"ingredients":[" Ingredientes: Agua, champiñón* (18,01%), aceite de girasol*, patata en polvo*, tofu* (habas de soja*, agua, cloruro de magnesio: nigari), levadura*, fécula de patata*, cebolla*, cebolla deshidratada*, sal marina, zumo de limón*, pimentón dulce*, tomillo*, clavo*, nuez moscada*, ajo*, pimienta de cayena*.\n*Procedente de agricultura ecológica"],"conservation":" Almacenar a temperatura ambiente, en un lugar fresco y seco. Una vez abierto, guardar en refrigeración y consumir antes de 5 días.","ean":"8433329079891"},{"full_name":"EL CORTE INGLES BIO paté vegetal de shiitake ecológico sin gluten y sin lactosa lata 00125 g","name":"paté vegetal de shiitake ecológico sin gluten y sin lactosa lata 00125 g","brand":"EL CORTE INGLES BIO ","img":"https://sgfm.elcorteingles.es/SGFM/dctm/MEDIA03/201711/14/00120752900934____6__600x600.jpg","price":"2,10 €","price_unit":"(16,80 € / Kilo)","categories":["Supermercado","Dietéticos","Embutidos vegetales, tofu y algas","Patés vegetales","EL CORTE INGLES BIO paté vegetal de shiitake ecológico sin gluten y sin lactosa lata 00125 g"],"general_information":["Denominación del alimento: Conserva vegetal con shiitake","Nombre del operador: Elaborado para El Corte Inglés por \nGranovita, S.A.\nPoligono industrial Belcaire, 608\n31580 La Vall  D'uixo (Valencia)\nEspaña","Cantidad Neta: 125 g","Número de raciones por envase: 5"],"ingredients":[" Ingredientes: Agua, aceite de girasol*, patata en polvo*, tofu* (habas de soja*, agua, cloruro de magnesio: nigari), levadura*, shiitake deshidratado* (2,8%), fécula de patata*, cebolla deshidratada*, sal marina, zumo de limón*, cebolla*, pimentón dulce*, tomillo*, clavo*, nuez moscada*, ajo*, pimienta de cayena*.\n*Procedente de agricultura ecológica"],"conservation":" Almacenar a temperatura ambiente, en un lugar fresco y seco. Una vez abierto, guardar en refrigeración y consumir antes de 5 días.","ean":"8433329079914"},{"full_name":"EL CORTE INGLES BIO paté vegetal de pimientos y olivas ecológico sin gluten y sin lactosa lata 125 g","name":"paté vegetal de pimientos y olivas ecológico sin gluten y sin lactosa lata 125 g","brand":"EL CORTE INGLES BIO ","img":"https://sgfm.elcorteingles.es/SGFM/dctm/MEDIA03/201711/17/00120752900942____5__600x600.jpg","price":"2,10 €","price_unit":"(16,80 € / Kilo)","categories":["Supermercado","Dietéticos","Embutidos vegetales, tofu y algas","Patés vegetales","EL CORTE INGLES BIO paté vegetal de pimientos y olivas ecológico sin gluten y sin lactosa lata 125 g"],"general_information":["Denominación del alimento: Conserva vegetal de pimientos y olivas","Nombre del operador: Elaborado para El Corte Inglés por \nGranovita, S.A.\nPoligono industrial Belcaire, 608\n31580 La Vall  D'uixo (Valencia)\nEspaña","Cantidad Neta: 125 g","Número de raciones por envase: 5"],"ingredients":[" Ingredientes: Agua, aceite de girasol*, anacardo*, pimiento rojo* (7%), fécula de patata*, cebolla*, levadura*, olivas verdes* (3%), tomate concentrado*, aceitunas moradas* (2%), papata en polvo*, extracto de levadura*, vinagre de manzana*, sal marina, pimienta negra*, ajo*, tomillo*, clavo*, nuez moscada*.\n*Procedente de agricultura ecológica"],"conservation":" Almacenar a temperatura ambiente, en un lugar fresco y seco. Una vez abierto, guardar en refrigeración y consumir antes de 5 días.","ean":"8433329079907"},{"full_name":"SANTIVERI Fuagrín paté vegetal con setas envase 125 g","name":"Fuagrín paté vegetal con setas envase 125 g","brand":"SANTIVERI ","img":"https://sgfm.elcorteingles.es/SGFM/00/15/8/0120708600158/0120708600158000g01011.jpg","price":"3,29 €","price_unit":"(26,32 € / Kilo)","categories":["Supermercado","Dietéticos","Embutidos vegetales, tofu y algas","Patés vegetales","SANTIVERI Fuagrín paté vegetal con setas envase 125 g"],"general_information":["Denominación del alimento: FUAGRIN SETAS","Nombre del operador: CASA SANTIVERI S.L.","Dirección del operador: ENCUNY 8, 08038 BARCELONA","Cantidad Neta: 125 g"],"ingredients":[" agua, champiñón (20,7%), aceite de girasol, TRIGO, ALMIDÓN DE TRIGO, PROTEÍNA DE SOJA, sal, aroma, fructosa, ALBÚMINA DE HUEVO, carragenato (espesante), cloruro potásico"],"ean":"8412170010468"},{"full_name":"SANTIVERI Naturalia Bio Fuagrín paté ecológico de aceitunas negras envase 125 g","name":"Naturalia Bio Fuagrín paté ecológico de aceitunas negras envase 125 g","brand":"SANTIVERI ","img":"https://sgfm.elcorteingles.es/SGFM/dctm/MEDIA03/201702/03/00120752900512____1__600x600.jpg","price":"4,15 €","price_unit":"(33,20 € / Kilo)","categories":["Supermercado","Dietéticos","Embutidos vegetales, tofu y algas","Patés vegetales","SANTIVERI Naturalia Bio Fuagrín paté ecológico de aceitunas negras envase 125 g"],"general_information":["Denominación del alimento: PATE DE ACEITUNAS NEGRAS BIO","Nombre del operador: CASA SANTIVERI S.L.","Dirección del operador: ENCUNY 8, 08038 BARCELONA","Cantidad Neta: 125 g"],"ingredients":[" aceitunas negras ecológicas (99%), sal marina, plantas aromáticas ecológicas"],"ean":"8412170022355"},{"full_name":"SANTIVERI Fuagrín paté vegetal a las finas hierbas envase 125 g","name":"Fuagrín paté vegetal a las finas hierbas envase 125 g","brand":"SANTIVERI ","img":"https://sgfm.elcorteingles.es/SGFM/00/13/3/0120708600133/0120708600133000g01011.jpg","price":"2,79 €","price_unit":"(22,32 € / Kilo)","categories":["Supermercado","Dietéticos","Embutidos vegetales, tofu y algas","Patés vegetales","SANTIVERI Fuagrín paté vegetal a las finas hierbas envase 125 g"],"general_information":[],"ingredients":[],"ean":"8412170010451"},{"full_name":"ALECOSOR paté vegetal de aceituna negra bio envase 50 g","name":"paté vegetal de aceituna negra bio envase 50 g","brand":"ALECOSOR ","img":"https://sgfm.elcorteingles.es/SGFM//00/54/6/0120752900546/0120752900546000g01011.jpg","price":"0,50 €","price_unit":"(10 € / Kilo)","categories":["Supermercado","Dietéticos","Embutidos vegetales, tofu y algas","Patés vegetales","ALECOSOR paté vegetal de aceituna negra bio envase 50 g"],"general_information":["Denominación del alimento: Paté vegetal de aceituna negra","País de origen: España","Nombre del operador: Soria Natural S.A.","Dirección del operador: Poligono La Sacea,s/n -42162 Garray (Soria)","Lugar de procedencia del alimento: España","Cantidad Neta: 50 g","Otras menciones obligatorias en la etiqueta: No contiene conservantes"],"ingredients":[" Pasta de aceitunas* negras naturales deshidratadas (34%)(aceitunas* negras naturales (62,5%) y sal marina), agua, aceite de oliva* virgen, pimiento rojo*, almidón de tapioca*, levadura* de cerveza, ajo*, sal marina, albahaca*, gelificante: carragenano.*Procedente de la Agricultura Ecológica.*Puede contener trazas de soja, sésamo y frutos de cáscara."],"conservation":" Una vez abierto, mantener en refrigeración durante no más de 5 días","ean":"8422947520205"},{"full_name":"SORIA NATURAL paté vegetal con tofu al estilo jardinera ecológico envase 50 g","name":"paté vegetal con tofu al estilo jardinera ecológico envase 50 g","brand":"SORIA NATURAL ","img":"https://sgfm.elcorteingles.es/SGFM//00/55/3/0120752900553/0120752900553000g01011.jpg","price":"1,15 €","price_unit":"(23 € / Kilo)","categories":["Supermercado","Dietéticos","Embutidos vegetales, tofu y algas","Patés vegetales","SORIA NATURAL paté vegetal con tofu al estilo jardinera ecológico envase 50 g"],"general_information":["Denominación del alimento: Paté vegetal con tofu estilo Jardinera","País de origen: España","Nombre del operador: Soria Natural S.A.","Dirección del operador: Poligono La Sacea,s/n -42162 Garray (Soria)","Lugar de procedencia del alimento: España","Cantidad Neta: 50 g","Otras menciones obligatorias en la etiqueta: No contiene conservantes"],"ingredients":[" Tofu* natural (44,3%)(agua, habas de soja* y cloruro de magnesio (nigari)), aceite de girasol*, agua, zanahoria*(9,8%), aceite de oliva* virgen(8,6%), pimiento rojo*(8,6%), sal marina y orégano*.*Procedente de la Agricultura Ecológica.*Puede contener trazas de sésamo y frutos de cáscara."],"conservation":" Una vez abierto, mantener en refrigeración durante no más de 5 días","ean":"8422947520120"},{"full_name":"SORIA NATURAL paté vegetal con tofu al estilo oriental ecológico envase 50 g","name":"paté vegetal con tofu al estilo oriental ecológico envase 50 g","brand":"SORIA NATURAL ","img":"https://sgfm.elcorteingles.es/SGFM//00/56/1/0120752900561/0120752900561000g01011.jpg","price":"1,15 €","price_unit":"(23 € / Kilo)","categories":["Supermercado","Dietéticos","Embutidos vegetales, tofu y algas","Patés vegetales","SORIA NATURAL paté vegetal con tofu al estilo oriental ecológico envase 50 g"],"general_information":[" Paté con tofu, 100% vegetal. Libre de colesterol. Exento de grasas de fritura.","Consejos: Ideal para sandwiches, canapés, tostadas, bocadillos, preparación de salsas y rellenos (berenjenas, canelones, tomates, etc.)."],"ingredients":["Ingredientes: Tofu, 35% (haba de soja, nigari, agua), aceite de girasol, aceite de oliva, sésamo, almendra, soyu, agua microfiltrada y albahaca."],"conservation":" Una vez abierto, mantener en refrigeración.","ean":"8422947520137"},{"full_name":"SORIA NATURAL paté vegetal de alcachofa libre de colesterol ecológico envase 50 g","name":"paté vegetal de alcachofa libre de colesterol ecológico envase 50 g","brand":"SORIA NATURAL ","img":"https://sgfm.elcorteingles.es/SGFM//00/52/0/0120752900520/0120752900520000g01011.jpg","price":"1,15 €","price_unit":"(23 € / Kilo)","categories":["Supermercado","Dietéticos","Embutidos vegetales, tofu y algas","Patés vegetales","SORIA NATURAL paté vegetal de alcachofa libre de colesterol ecológico envase 50 g"],"general_information":["Denominación del alimento: Paté vegetal de Alcachofa","País de origen: España","Nombre del operador: Soria Natural S.A.","Dirección del operador: Poligono La Sacea,s/n -42162 Garray (Soria)","Lugar de procedencia del alimento: España","Cantidad Neta: 50 g","Otras menciones obligatorias en la etiqueta: No contiene conservantes"],"ingredients":[" Alcachofa* (66,3%), aceite de oliva* virgen, almidón de tapioca*, agua, cebolla* en polvo, sal marina, gelificante: carragenano.*Procedente de la Agricultura Ecológica.Puede contener trazas soja, sésamo y frutos de cáscara."],"conservation":" Una vez abierto, mantener en refrigeración durante no más de 5 días","ean":"8422947520212"},{"full_name":"NATURGREEN paté vegetal campestre ecológico tarrina 125 g","name":"paté vegetal campestre ecológico tarrina 125 g","brand":"NATURGREEN ","img":"https://sgfm.elcorteingles.es/SGFM/dctm/MEDIA02/CONTENIDOS/201406/20/00120752900462____1__600x600.jpg","price":"3,17 €            ","price_unit":"(8,47 € / Kilo)","categories":["Supermercado","Dietéticos","Embutidos vegetales, tofu y algas","Patés vegetales","NATURGREEN paté vegetal campestre ecológico tarrina 125 g"],"general_information":["Denominación del alimento: Paté campestre Bio","Nombre del operador: Laboratorios Almond SL","Dirección del operador: Avda. Cabecicos Blancos, Parcela 18 2.B. Parque empresarial Cabecicos Blancos 30892 - Librilla, Murcia (Spain)","Cantidad Neta: 125 g","Peso neto escurrido: 125 g","Otras menciones obligatorias en la etiqueta: Ingredientes procedentes de la Agricultura Ecológica"],"ingredients":[" Agua, aceite de palmiste, cebolla (8%), harina de arroz, levadura, aceite de girasol, almidón de patata, aceite de palma, champiñón (1%), plantas aromáticas, zanahoria, chirivía, especias, sal marina, cebolla frita (0,6%), espesante: harina de semilla de algarroba, azúcar de caña moreno, extracto de cebolla."],"conservation":" El producto debe ser almacenado en su envase original, en un lugar fresco, seco y libre de oloresUna vez abierto conservar en refrigeración y consumir en los 5 días siguientes.","ean":"8437007759204"},{"full_name":"NATURGREEN paté de almendra y zanahoria ecológico tarrina 125 g","name":"paté de almendra y zanahoria ecológico tarrina 125 g","brand":"NATURGREEN ","img":"https://sgfm.elcorteingles.es/SGFM/dctm/MEDIA02/CONTENIDOS/201406/20/00120752900470____1__600x600.jpg","price":"3,17 €            ","price_unit":"(20,32 € / Kilo)","categories":["Supermercado","Dietéticos","Embutidos vegetales, tofu y algas","Patés vegetales","NATURGREEN paté de almendra y zanahoria ecológico tarrina 125 g"],"general_information":["Denominación del alimento: Paté a base de verduras con trocitos de almendra y zanahoria ecológico.","Nombre del operador: Mercontrol E.D. S.L","Dirección del operador: Calle Juan de la Cierva, 36, 28823 Coslada, Madrid (España)","Cantidad Neta: 125 g"],"ingredients":[" Zumo de zanahoria*(30%), agua, aceite de palmiste*, zanahoria*(13%), harina de arroz*, levadura*, almendras*(3%), aceite de girasol*, aceite de palma*, azúcar de caña moreno*, almidón de patata*, sal marina, jengibre*, espesante: harina de semilla de algarroba*, extracto de naranja*. *Ingredientes procedentes de la Agricultura Ecológica. Puede contener trazas de cacahuetes y otros frutos secos."],"conservation":" El producto debe ser almacenado en su envase original, en un lugar fresco, seco y libre de olores. Una vez abierto conservar en refrigeración y consumir en los 5 días siguientes.","ean":"8437007759211"},{"full_name":"NATURGREEN paté vegetal de curry ecológico tarrina 125 g","name":"paté vegetal de curry ecológico tarrina 125 g","brand":"NATURGREEN ","img":"https://sgfm.elcorteingles.es/SGFM/dctm/MEDIA02/CONTENIDOS/201406/20/00120752900488____1__600x600.jpg","price":"3,17 €            ","price_unit":"(20,32 € / Kilo)","categories":["Supermercado","Dietéticos","Embutidos vegetales, tofu y algas","Patés vegetales","NATURGREEN paté vegetal de curry ecológico tarrina 125 g"],"general_information":["Denominación del alimento: Paté al curry Bio","Nombre del operador: Laboratorios Almond SL","Dirección del operador: Avda. Cabecicos Blancos, Parcela 18 2.B. Parque empresarial Cabecicos Blancos 30892 - Librilla, Murcia (Spain)","Cantidad Neta: 125 g","Peso neto escurrido: 125 g","Otras menciones obligatorias en la etiqueta: Ingredientes procedentes de la Agricultura Ecológica"],"ingredients":[" Agua, aceite de palma, piña, harina de arroz, levadura, concentrado de zumo de piña, copos de coco, azúcar de caña moreno, almidón de patata, pimiento rojo, aceite de coco, aceite de girasol, curry(1%), extracto de levadura, especias, cebolla, zanahoria, chirivía, sal marina, espesante: harina de semilla de algarroba, plantas aromáticas."],"conservation":" El producto debe ser almacenado en su envase original, en un lugar fresco, seco y libre de olores. Una vez abierto mantener en refrigeración y consumir en los 5 días siguientes.","ean":"8437007759334"},{"full_name":"NATURGREEN paté vegetal de shiitake ecológico tarrina 125 g","name":"paté vegetal de shiitake ecológico tarrina 125 g","brand":"NATURGREEN ","img":"https://sgfm.elcorteingles.es/SGFM/dctm/MEDIA02/CONTENIDOS/201406/20/00120752900496____1__600x600.jpg","price":"3,17 €            ","price_unit":"(20,32 € / Kilo)","categories":["Supermercado","Dietéticos","Embutidos vegetales, tofu y algas","Patés vegetales","NATURGREEN paté vegetal de shiitake ecológico tarrina 125 g"],"general_information":["Denominación del alimento: Paté a base de vegetales con shiitake ecológico","Nombre del operador: Mercontrol E.D. S.L","Dirección del operador: Calle Juan de la Cierva, 36, 28823 Coslada, Madrid (España)","Cantidad Neta: 125 g"],"ingredients":[" Agua, aceite de palmiste*, harina de arroz*, levadura*, shiitake* (6%), aceite de girasol*, aceite de palma*, almidón de patata*, concentrado de tomate*, extracto de levadura*, azúcar de caña moreno*, sal marina, aroma natural (contiene trigo), espesante: harina de semilla de algarroba*, especias*.*Ingredientes procedentes de la Agricultura Ecológica."],"conservation":" El producto debe ser almacenado en su envase original, en un lugar fresco, seco y libre de olores. Una vez abierto conservar en refrigeración y consumir en los 5 días siguientes.","ean":"8437007759471"},{"full_name":"NATURGREEN hummus receta clásica ecologico, sin gluten y sin lactosa tarrina 180 g","name":"hummus receta clásica ecologico, sin gluten y sin lactosa tarrina 180 g","brand":"NATURGREEN ","img":"https://sgfm.elcorteingles.es/SGFM/dctm/MEDIA03/201704/10/00120752900785____1__600x600.jpg","price":"3,59 €            ","price_unit":"(14,94 € / Kilo)","categories":["Supermercado","Dietéticos","Embutidos vegetales, tofu y algas","Patés vegetales","NATURGREEN hummus receta clásica ecologico, sin gluten y sin lactosa tarrina 180 g"],"general_information":["Denominación del alimento: Hummus Original Bio","Nombre del operador: Laboratorios Almond SL","Dirección del operador: Avda. Cabecicos Blancos, Parcela 18 2.B. Parque empresarial Cabecicos Blancos 30892 - Librilla, Murcia (Spain)","Cantidad Neta: 180 g","Otras menciones obligatorias en la etiqueta: Ingredientes procedentes de la agricultura ecológica"],"ingredients":[" Agua, garbanzos (32%), aceite de girasol, tahin (puré de sésamo) (10%), harina de maíz, sal marina, acidificante: ácido láctico, comino, ajo, cilantro, aceite esencial de limón."],"conservation":" El producto debe ser almacenado en su envase original refrigerado entre 0-10ºC, protegido de la luz y de fuentes de calor.Una vez abierto conservar en refrigeración y consumir en los 2 días siguientes.","ean":"8436542193153"},{"full_name":"NATURGREEN hummus con olivas negras ecologico, sin gluten y sin lactosa tarrina 180 g","name":"hummus con olivas negras ecologico, sin gluten y sin lactosa tarrina 180 g","brand":"NATURGREEN ","img":"https://sgfm.elcorteingles.es/SGFM/dctm/MEDIA03/201704/10/00120752900777____1__600x600.jpg","price":"3,59 €            ","price_unit":"(14,94 € / Kilo)","categories":["Supermercado","Dietéticos","Embutidos vegetales, tofu y algas","Patés vegetales","NATURGREEN hummus con olivas negras ecologico, sin gluten y sin lactosa tarrina 180 g"],"general_information":["Denominación del alimento: Hummus Olivas Negras Bio","Nombre del operador: Laboratorios Almond SL","Dirección del operador: Avda. Cabecicos Blancos, Parcela 18 2.B. Parque empresarial Cabecicos Blancos 30892 - Librilla, Murcia (Spain)","Cantidad Neta: 180 g","Otras menciones obligatorias en la etiqueta: Ingredientes procedentes de la agricultura ecológica"],"ingredients":[" Agua, garbanzos (32%), tahin (puré de sésamo) (11%), aceite de girasol, olivas negras (5%), aceite de oliva virgen extra (4%), harina de maíz, sal marina, acidificante: ácido láctico, comino, ajo, tomillo, aceite esencial de limón, aceite esencial de hierbas aromáticas italianas."],"conservation":" El producto debe ser almacenado en su envase original refrigerado entre 0-10ºC, protegido de la luz y de fuentes de calor.Una vez abierto conservar en refrigeración y consumir en los 2 días siguientes.","ean":"8436542193160"},{"full_name":"NATURGREEN hummus ecológico con pimentón sin gluten y sin lactosa tarrina 180 g","name":"hummus ecológico con pimentón sin gluten y sin lactosa tarrina 180 g","brand":"NATURGREEN ","img":"https://sgfm.elcorteingles.es/SGFM/dctm/MEDIA03/201704/10/00120752900801____1__600x600.jpg","price":"3,59 €            ","price_unit":"(14,94 € / Kilo)","categories":["Supermercado","Dietéticos","Embutidos vegetales, tofu y algas","Patés vegetales","NATURGREEN hummus ecológico con pimentón sin gluten y sin lactosa tarrina 180 g"],"general_information":["Denominación del alimento: Hummus Pimenton Bio","Nombre del operador: Laboratorios Almond SL","Dirección del operador: Avda. Cabecicos Blancos, Parcela 18 2.B. Parque empresarial Cabecicos Blancos 30892 - Librilla, Murcia (Spain)","Cantidad Neta: 180 g","Otras menciones obligatorias en la etiqueta: Ingredientes procedentes de la agricultura ecológica"],"ingredients":[" Garbanzos (34%), agua, aceite de girasol, tahin (puré de sésamo) (11%), pimentón (3%), harina de maíz, sal marina, acidificante: ácido láctico, comino, ajo, aceite esencial de pimentón (0,2%)."],"conservation":" El producto debe ser almacenado en su envase original refrigerado entre 0-10ºC, protegido de la luz y de fuentes de calor.Una vez abierto conservar en refrigeración y consumir en los 2 días siguientes.","ean":"8436542193184"},{"full_name":"NATURGREEN hummus ecológico con tomate sin gluten y sin lactosa tarrina 180 g","name":"hummus ecológico con tomate sin gluten y sin lactosa tarrina 180 g","brand":"NATURGREEN ","img":"https://sgfm.elcorteingles.es/SGFM/dctm/MEDIA03/201704/10/00120752900793____1__600x600.jpg","price":"3,59 €            ","price_unit":"(14,94 € / Kilo)","categories":["Supermercado","Dietéticos","Embutidos vegetales, tofu y algas","Patés vegetales","NATURGREEN hummus ecológico con tomate sin gluten y sin lactosa tarrina 180 g"],"general_information":["Denominación del alimento: Hummus Tomate Bio","Nombre del operador: Laboratorios Almond SL","Dirección del operador: Avda. Cabecicos Blancos, Parcela 18 2.B. Parque empresarial Cabecicos Blancos 30892 - Librilla, Murcia (Spain)","Cantidad Neta: 180 g","Otras menciones obligatorias en la etiqueta: Ingredientes procedentes de la agricultura ecológica"],"ingredients":[" Garbanzos (32%), agua, tomates (16%), tahin (puré de sésamo) (11%), aceite de girasol, pasta de tomate(4%), harina de maíz, albahaca, sal marina, acidificante: ácido láctico,ajo, comino, aceite esencial de hierbas italianas."],"conservation":" El producto debe ser almacenado en su envase original refrigerado entre 0-10ºC, protegido de la luz y de fuentes de calor.Una vez abierto conservar en refrigeración y consumir en los 2 días siguientes.","ean":"8436542193177"},{"full_name":"GRANOVITA paté vegetal tarrina 125 g","name":"paté vegetal tarrina 125 g","brand":"GRANOVITA ","img":"https://sgfm.elcorteingles.es/SGFM/00/09/0/0120752900090/0120752900090000g01011.jpg","price":"2,75 €","price_unit":"(22 € / Kilo)","categories":["Supermercado","Dietéticos","Embutidos vegetales, tofu y algas","Patés vegetales","GRANOVITA paté vegetal tarrina 125 g"],"general_information":[],"ingredients":[],"ean":"8423266079825"},{"full_name":"CEREAL BIO paté vegetal a las tres pimientas ecológico envase 125 g","name":"paté vegetal a las tres pimientas ecológico envase 125 g","brand":"CEREAL BIO ","img":"https://sgfm.elcorteingles.es/SGFM/00/42/1/0120752900421/0120752900421000g01011.jpg","price":"3,43 €","price_unit":"(27,44 € / Kilo)","categories":["Supermercado","Dietéticos","Embutidos vegetales, tofu y algas","Patés vegetales","CEREAL BIO paté vegetal a las tres pimientas ecológico envase 125 g"],"general_information":["Denominación del alimento: Paté vegetal Bio a las 3 pimientas","Nombre del operador: Nutrition & Santé Iberia, S.L.","Dirección del operador: c/ Jesús Serra i Santamans, nº 4 - 1ª planta. 08174 Sant Cugat del Vallés - Barcelona","Cantidad Neta: 125 g"],"ingredients":[" Agua, grasa de palma no hidrogenada*, anacardo*, levadura alimenticia*, patata en polvo*, cebolla*, apio*, pimienta verde en conserva* (2%) (pimienta verde*, agua, sal marina, vinagre de flor de coco*), sal marina, pimentón*, vinagre de manzana*, tomate concentrado*, harina de algarroba*, apio de monte*, pimienta negra* (0,04%), semillas de mostaza*, laurel*, pimienta de Jamaica* (0,03%), jengibre* y cúrcuma*. *De agricultura ecológica. Elaborado en una fábrica que utiliza gluten, cacahuetes, apio, frutos de cáscara y sésamo."],"conservation":" Conservar en un lugar fresco y seco. Una vez abierto conservar en el frigorífico.","ean":"3175681132276"},{"full_name":"CEREAL BIO paté vegetal de tofu y finas hierbas ecológico envase 125 g","name":"paté vegetal de tofu y finas hierbas ecológico envase 125 g","brand":"CEREAL BIO ","img":"https://sgfm.elcorteingles.es/SGFM/00/43/9/0120752900439/0120752900439000g01011.jpg","price":"3,40 €","price_unit":"(27,20 € / Kilo)","categories":["Supermercado","Dietéticos","Embutidos vegetales, tofu y algas","Patés vegetales","CEREAL BIO paté vegetal de tofu y finas hierbas ecológico envase 125 g"],"general_information":["Denominación del alimento: Paté vegetal Bio de tofu y finas hierbas","Nombre del operador: Nutrition & Santé Iberia, S.L.","Dirección del operador: c/ Jesús Serra i Santamans, nº 4 - 1ª planta. 08174 Sant Cugat del Vallés - Barcelona","Cantidad Neta: 125 g"],"ingredients":[" Agua, grasa de palma no hidrogenada*, tofu* (15%) (habas de soja*, agua, gelificante: nigari), anacardo*, patata en polvo*, levadura alimenticia*, cebolla*, apio*, tomate concentrado*, mezcla de finas hierbas* (0,93%), sal marina, ajo*, zumo de limón*. *De agricultura ecológica. Elaborado en una fábrica que utiliza gluten, cacahuetes, apio, frutos de cáscara, mostaza y sésamo."],"conservation":" Conservar en un lugar fresco y seco. Una vez abierto conservar en el frigorífico.","ean":"3175681132238"},{"full_name":"CEREAL BIO paté vegetal de tofu y tomate ecológicos envase 125 g","name":"paté vegetal de tofu y tomate ecológicos envase 125 g","brand":"CEREAL BIO ","img":"https://sgfm.elcorteingles.es/SGFM/00/44/7/0120752900447/0120752900447000g01011.jpg","price":"3,40 €","price_unit":"(27,20 € / Kilo)","categories":["Supermercado","Dietéticos","Embutidos vegetales, tofu y algas","Patés vegetales","CEREAL BIO paté vegetal de tofu y tomate ecológicos envase 125 g"],"general_information":["Denominación del alimento: Paté vegetal Bio de tofu y tomate","Nombre del operador: Nutrition & Santé Iberia, S.L.","Dirección del operador: c/ Jesús Serra i Santamans, nº 4 - 1ª planta. 08174 Sant Cugat del Vallés - Barcelona","Cantidad Neta: 125 g"],"ingredients":[" Tomates* (55%), tofu* (21%) ( habas de soja* (25%), agua, gelificante: nigari), grasa de palma no hidrogenada*, aceite de girasol no hidrogenado*, harina de soja*, emulgente: lecitina de soja, cebolla deshidratada*, sal marina, especias* (pimienta negra*, pimentón*). *De agricultura ecológica. Elaborado en una fábrica que utiliza gluten, cacahuetes, apio, frutos de cáscara, mostaza y sésamo."],"conservation":" Conservar en un lugar fresco y seco. Una vez abierto conservar en el frigorífico.","ean":"3175681132252"},{"full_name":"CEREAL BIO paté vegetal de champiñones ecológico lata 125 g","name":"paté vegetal de champiñones ecológico lata 125 g","brand":"CEREAL BIO ","img":"https://sgfm.elcorteingles.es/SGFM/dctm/MEDIA02/CONTENIDOS/201504/14/00120752900686____1__600x600.jpg","price":"3,40 €","price_unit":"(27,20 € / Kilo)","categories":["Supermercado","Dietéticos","Embutidos vegetales, tofu y algas","Patés vegetales","CEREAL BIO paté vegetal de champiñones ecológico lata 125 g"],"general_information":["Denominación del alimento: Paté vegetal Bio de champiñones","Nombre del operador: Nutrition & Santé Iberia, S.L.","Dirección del operador: c/ Jesús Serra i Santamans, nº 4 - 1ª planta. 08174 Sant Cugat del Vallés - Barcelona","Cantidad Neta: 125 g"],"ingredients":[" Agua, champiñones*: 17,67%, grasa vegetal no hidrogenada de palma*, patata en polvo*, levadura alimenticia, tofu* (habas de soja*, agua, cloruro de magnesio: nigari), cebolla*, sal marina, zumo de limón*, cebolla deshidratada*, pimentón*, nuez moscada*, tomillo*, clavo*, ajo*, pimienta de cayena*. *De agricultura ecológica. Elaborado en una fábrica que utiliza gluten, cacahuetes, apio, frutos de cáscara, mostaza y sésamo."],"conservation":" Conservar en lugar fresco y seco.","ean":"3175681160132"}]