[{"full_name":"CARMENCITA kit para paella envase 415 g","name":"kit para paella envase 415 g","brand":"CARMENCITA ","img":"https://sgfm.elcorteingles.es/SGFM/dctm/MEDIA02/CONTENIDOS/201506/30/00118005700952____1__600x600.jpg","price":"9,03 €","price_unit":"(21,76 € / Kilo)","categories":["Supermercado","Alimentación General","Arroz","Arroz grano redondo","CARMENCITA kit para paella envase 415 g"],"general_information":["Denominación del alimento: \"Paella kit\" contiene: 1 sobre de caldo deshidratado para paella de pescado y marisco, 1 paquete de arroz y 1 botellita de aceite de oliva virgen extra.","País de origen: España","Nombre del operador: JESÚS NAVARRO, S.A.","Dirección del operador: C/ISAAC PERAL, 46 03660 NOVELDA (ALICANTE)","Cantidad Neta: 415 g"],"ingredients":[" Arroz. Aceite. Caldo deshidratado: Extracto de pescado y marisco (contiene crustáceos) (30%), sal, especias (pimentón, ajo, cúrcuma y azafrán 0,15%), tomate deshidratado y extracto de levadura."],"conservation":" Conservar en lugar fresco y seco.","ean":"8413700590894"},{"full_name":"EL CORTE INGLES azafrán en rama bolsa 1 g","name":"azafrán en rama bolsa 1 g","brand":"EL CORTE INGLES ","img":"https://sgfm.elcorteingles.es/SGFM/dctm/MEDIA03/201604/08/00118145600286____1__600x600.jpg","price":"6,55 €","price_unit":"(6.550 € / Kilo)","categories":["Supermercado","Alimentación General","Especias, sazonadores y ayudas para cocinar","Azafrán y colorantes","EL CORTE INGLES azafrán en rama bolsa 1 g"],"general_information":["Denominación del alimento: AZAFRÁN EN HEBRAS","Nombre del operador: Envasado para El Corte Inglés por\nLa Especiera del Norte, S.A. Polvorín de las Rebolledas, 3-5 Burgos - España","Lugar de procedencia del alimento: Origen España","Cantidad Neta: 1 g"],"ingredients":[],"conservation":" Conservar alejado de la luz, del calor y de la humedad","ean":"8433329069427"},{"full_name":"DUCROS azafrán molido caja 0,3 g","name":"azafrán molido caja 0,3 g","brand":"DUCROS ","img":"https://sgfm.elcorteingles.es/SGFM/dctm/MEDIA03/201610/19/00200445102908____1__600x600.jpg","price":"3,19 €","price_unit":"(10.633,33 € / Kilo)","categories":["Supermercado","Alimentación General","Especias, sazonadores y ayudas para cocinar","Azafrán y colorantes","DUCROS azafrán molido caja 0,3 g"],"general_information":["Denominación del alimento: azafrán molido","País de origen: Portugal","Nombre del operador: McCormick España, S.A.","Dirección del operador: Av. Francesc Macià, 38 p. 11\n08208 Sadabell","Cantidad Neta: 0.300 g","Otras menciones obligatorias en la etiqueta: 3 Sobres de 100mg"],"ingredients":[" INGREDIENTE: : Azafrán molido."],"conservation":" Conservar alejado de la luz, del calor y de la humedad.","ean":"8410219874743"},{"full_name":"DUCROS colorante alimentario frasco 310 g","name":"colorante alimentario frasco 310 g","brand":"DUCROS ","img":"https://sgfm.elcorteingles.es/SGFM/dctm/MEDIA03/201610/18/00120945103883____1__600x600.jpg","price":"5,25 €","price_unit":"(16,94 € / Kilo)","categories":["Supermercado","Alimentación General","Especias, sazonadores y ayudas para cocinar","Azafrán y colorantes","DUCROS colorante alimentario frasco 310 g"],"general_information":["Denominación del alimento: preparación de colorante alimentario","País de origen: Alemania","Nombre del operador: McCormick España, S.A.","Dirección del operador: Av. Francesc Macià, 38 p. 11 08208 Sadabell","Cantidad Neta: 310 g","Otras menciones obligatorias en la etiqueta: Puede tener efectos negativos sobre la actividad y la atención de los niños."],"ingredients":[" INGREDIENTES: Harina de maíz, sal, colorantes: tartrazina, amarillo anaranjado S."],"conservation":"Modo de empleo: Cantidad: Máximo 1 cucharadita para 4 personas.","ean":"3166291014021"},{"full_name":"DUCROS colorante alimentario frasco 60 g","name":"colorante alimentario frasco 60 g","brand":"DUCROS ","img":"https://sgfm.elcorteingles.es/SGFM/dctm/MEDIA03/201610/18/00120945101085____1__600x600.jpg","price":"1,42 €            ","price_unit":"(22,83 € / Kilo)","categories":["Supermercado","Alimentación General","Especias, sazonadores y ayudas para cocinar","Azafrán y colorantes","DUCROS colorante alimentario frasco 60 g"],"general_information":["Denominación del alimento: preparación de colorante alimentario","País de origen: Alemania","Nombre del operador: McCormick España, S.A.","Dirección del operador: Av. Francesc Macià, 38 p. 11 08208 Sadabell","Cantidad Neta: 0.060 Kilogramos","Otras menciones obligatorias en la etiqueta: Puede tener efectos negativos sobre la actividad y atención de los niños."],"ingredients":[" INGREDIENTES: Harina de maíz, sal, colorantes: tartrazina, amarillo anaranjado S."],"conservation":"Modo de empleo: Cantidad: Máximo 1 cucharadita para 4 personas.","ean":"3166290204027"},{"full_name":"DUCROS colorante alimentario x 25 carteritas caja 35 g","name":"colorante alimentario x 25 carteritas caja 35 g","brand":"DUCROS ","img":"https://sgfm.elcorteingles.es/SGFM/dctm/MEDIA03/201703/06/00120945104212____1__600x600.jpg","price":"2,10 €","price_unit":"(60 € / Kilo)","categories":["Supermercado","Alimentación General","Especias, sazonadores y ayudas para cocinar","Azafrán y colorantes","DUCROS colorante alimentario x 25 carteritas caja 35 g"],"general_information":[],"ingredients":[],"ean":"3166296208494"},{"full_name":"DUCROS azafrán en hebras caja 0,5 g","name":"azafrán en hebras caja 0,5 g","brand":"DUCROS ","img":"https://sgfm.elcorteingles.es/SGFM/dctm/MEDIA03/201610/18/00120945101978____1__600x600.jpg","price":"4,20 €","categories":["Supermercado","Alimentación General","Especias, sazonadores y ayudas para cocinar","Azafrán y colorantes","DUCROS azafrán en hebras caja 0,5 g"],"general_information":["Denominación del alimento: azafrán hebras","País de origen: Portugal","Nombre del operador: McCormick España, S.A.","Dirección del operador: Av. Francesc Macià, 38 p. 11\n08208 Sadabell","Cantidad Neta: 0.500 g"],"ingredients":[" INGREDIENTE: Azafrán hebras."],"conservation":" Conservar alejado de la luz, del calor y de la humedad.","ean":"3166298084805"},{"full_name":"DUCROS azafrán molido caja 0,5 g","name":"azafrán molido caja 0,5 g","brand":"DUCROS ","img":"https://sgfm.elcorteingles.es/SGFM/dctm/MEDIA03/201610/19/00120945100103____1__600x600.jpg","price":"4,20 €","categories":["Supermercado","Alimentación General","Especias, sazonadores y ayudas para cocinar","Azafrán y colorantes","DUCROS azafrán molido caja 0,5 g"],"general_information":["Denominación del alimento: azafrán molido","País de origen: Portugal","Nombre del operador: McCormick España, S.A.","Dirección del operador: Av. Francesc Macià, 38 p. 11\n08208 Sadabell","Cantidad Neta: 0.500 g","Otras menciones obligatorias en la etiqueta: Producto sujeto a desecación"],"ingredients":[" INGREDIENTE: Azafrán molido."],"conservation":" Conservar alejado de la luz, del calor y de la humedad.","ean":"8410219847648"},{"full_name":"DUCROS azafrán en hebras 100% natural 4 sobres caja 0,3 g","name":"azafrán en hebras 100% natural 4 sobres caja 0,3 g","brand":"DUCROS ","img":"https://sgfm.elcorteingles.es/SGFM/dctm/MEDIA03/201610/19/00120945102695____1__600x600.jpg","price":"2,96 €","price_unit":"(9.866,67 € / Kilo)","categories":["Supermercado","Alimentación General","Especias, sazonadores y ayudas para cocinar","Azafrán y colorantes","DUCROS azafrán en hebras 100% natural 4 sobres caja 0,3 g"],"general_information":["Denominación del alimento: azafrán hebras","País de origen: Portugal","Nombre del operador: McCormick España, S.A.","Dirección del operador: Av. Francesc Macià, 38 p. 11\n08208 Sadabell","Cantidad Neta: 0.300 g"],"ingredients":[" INGREDIENTE: : Azafrán hebras."],"conservation":" Conservar alejado de la luz, del calor y de la humedad.","ean":"8410219871599"},{"full_name":"DUCROS cúrcuma frasco 37 g","name":"cúrcuma frasco 37 g","brand":"DUCROS ","img":"https://sgfm.elcorteingles.es/SGFM/dctm/MEDIA03/201610/18/00120945100095____1__600x600.jpg","price":"1,70 €","price_unit":"(45,95 € / Kilo)","categories":["Supermercado","Alimentación General","Especias, sazonadores y ayudas para cocinar","Azafrán y colorantes","DUCROS cúrcuma frasco 37 g"],"general_information":["Denominación del alimento: cúrcuma","País de origen: Francia","Nombre del operador: McCormick España, S.A.","Dirección del operador: Av. Francesc Macià, 38 p. 11\n08208 Sadabell","Cantidad Neta: 0.037 Kilogramos"],"ingredients":[" INGREDIENTE: Cúrcuma ."],"conservation":" Conservar alejado de la luz, del calor y de la humedad.","ean":"3166298902178"},{"full_name":"POTE azafrán molido pack 4 envases 0,2 g","name":"azafrán molido pack 4 envases 0,2 g","brand":"POTE ","img":"https://sgfm.elcorteingles.es/SGFM//02/63/8/0120945102638/0120945102638000g01011.jpg","price":"6,23 €","categories":["Supermercado","Alimentación General","Especias, sazonadores y ayudas para cocinar","Azafrán y colorantes","POTE azafrán molido pack 4 envases 0,2 g"],"general_information":["Denominación del alimento: Azafrán molido","Nombre del operador: Verdu Canto SaffronSpain S.L","Dirección del operador: Sargento Navarro, 7 - 03660 Novelda, Alicante, España","Cantidad Neta: 0.8 g"],"ingredients":[" Azafrán"],"ean":"8412206000364"},{"full_name":"POTE azafrán selecto en hebras 100% natural caja 4 unidades","name":"azafrán selecto en hebras 100% natural caja 4 unidades","brand":"POTE ","img":"https://sgfm.elcorteingles.es/SGFM/02/31/5/0120945102315/0120945102315000g01011.jpg","price":"2,56 €","categories":["Supermercado","Alimentación General","Especias, sazonadores y ayudas para cocinar","Azafrán y colorantes","POTE azafrán selecto en hebras 100% natural caja 4 unidades"],"general_information":["Denominación del alimento: Azafrán en hebras","Nombre del operador: Verdu Canto Saffron","Dirección del operador: Sargento Navarro, 7. 03660 Novelda, (Alicante) España","Cantidad Neta: 400,0 mg","Número de raciones por envase: 4","Otras menciones obligatorias en la etiqueta: Calidad selecta."],"ingredients":[" Azafrán."],"conservation":" Conservar en lugar fresco y seco.","ean":"8412206003235"},{"full_name":"POTE azafrán molido calidad selecta caja 4 sobres","name":"azafrán molido calidad selecta caja 4 sobres","brand":"POTE ","img":"https://sgfm.elcorteingles.es/SGFM//02/32/3/0120945102323/0120945102323000g01011.jpg","price":"2,55 €","categories":["Supermercado","Alimentación General","Especias, sazonadores y ayudas para cocinar","Azafrán y colorantes","POTE azafrán molido calidad selecta caja 4 sobres"],"general_information":["Denominación del alimento: Azafrán molido","Nombre del operador: Verdu Canto Saffron","Dirección del operador: Sargento Navarro, 7. 03660 Novelda, (Alicante) España","Cantidad Neta: 400,0 mg","Número de raciones por envase: 4","Otras menciones obligatorias en la etiqueta: Calidad selecta."],"ingredients":[" Azafrán."],"conservation":" Conservar en lugar fresco y seco.","ean":"8412206003242"},{"full_name":"POTE colorante alimentario caja 24 sobres","name":"colorante alimentario caja 24 sobres","brand":"POTE ","img":"https://sgfm.elcorteingles.es/SGFM/00/97/0/0120945100970/0120945100970000g01011.jpg","price":"1,16 €","categories":["Supermercado","Alimentación General","Especias, sazonadores y ayudas para cocinar","Azafrán y colorantes","POTE colorante alimentario caja 24 sobres"],"general_information":["Denominación del alimento: Colorante alimentario","Nombre del operador: Verdu Canto Saffron","Dirección del operador: Sargento Navarro, 7. 03660 Novelda, (Alicante) España","Cantidad Neta: 19,2 g","Número de raciones por envase: 24","Otras menciones obligatorias en la etiqueta: Pueden tener efectos negativos sobre la actividad y la atención de los niños."],"ingredients":[" Harina de maíz, clorantes: tartracina (E-102), rojo ponceau (E-124), azorrubina (E-122) y azul indigotina (E-132)."],"conservation":" Conservar en lugar fresco y seco.","ean":"8412206110254"},{"full_name":"SAFRINA azafrán molido en 20 cápsulas individuales frasco 2,5 g","name":"azafrán molido en 20 cápsulas individuales frasco 2,5 g","brand":"SAFRINA ","img":"https://sgfm.elcorteingles.es/SGFM/dctm/MEDIA03/201706/29/00120945101481____1__600x600.jpg","price":"16,68 €","categories":["Supermercado","Alimentación General","Especias, sazonadores y ayudas para cocinar","Azafrán y colorantes","SAFRINA azafrán molido en 20 cápsulas individuales frasco 2,5 g"],"general_information":["Denominación del alimento: Azafrán","Nombre del operador: Triselecta S.L.","Dirección del operador: Parque empresarial El Pinillo. C/ Manuel Franco Cubeiro, 35 29620 Málaga (España).","Cantidad Neta: 2.5 g","Número de raciones por envase: 20"],"ingredients":[" Azafrán"],"conservation":" Mantener en lugar fresco y seco.","ean":"8437001247622"},{"full_name":"SAFRINA azafrán en hebras envase 1 g","name":"azafrán en hebras envase 1 g","brand":"SAFRINA ","img":"https://sgfm.elcorteingles.es/SGFM/01/49/9/0120945101499/0120945101499000g01011.jpg","price":"6,34 €","price_unit":"(6.340 € / Kilo)","categories":["Supermercado","Alimentación General","Especias, sazonadores y ayudas para cocinar","Azafrán y colorantes","SAFRINA azafrán en hebras envase 1 g"],"general_information":["Denominación del alimento: Azafrán","Nombre del operador: Triselecta S.L.","Dirección del operador: Parque empresarial El Pinillo. C/ Manuel Franco Cubeiro, 35 29620 Málaga (España).","Cantidad Neta: 1 g"],"ingredients":[" Azafrán"],"conservation":" Mantener en lugar fresco y seco.","ean":"8437001247332"},{"full_name":"SAFRINA azafrán artesano en hebras envase 0,5 g","name":"azafrán artesano en hebras envase 0,5 g","brand":"SAFRINA ","img":"https://sgfm.elcorteingles.es/SGFM/dctm/MEDIA03/201706/29/00120945101432____1__600x600.jpg","price":"3,75 €","price_unit":"(7.500 € / Kilo)","categories":["Supermercado","Alimentación General","Especias, sazonadores y ayudas para cocinar","Azafrán y colorantes","SAFRINA azafrán artesano en hebras envase 0,5 g"],"general_information":["Denominación del alimento: Azafrán Iraní","Nombre del operador: Triselecta S.L.","Dirección del operador: Parque empresarial El Pinillo. C/ Manuel Franco Cubeiro, 35 29620 Málaga (España).","Cantidad Neta: 0.5 g"],"ingredients":[" Azafran"],"conservation":" Mantener en lugar fresco y seco.","ean":"8437001247011"},{"full_name":"SAFRINA azafrán molido superior caja 0,5 g","name":"azafrán molido superior caja 0,5 g","brand":"SAFRINA ","img":"https://sgfm.elcorteingles.es/SGFM/dctm/MEDIA02/CONTENIDOS/201505/12/00120945100053____1__600x600.jpg","price":"2,45 €","price_unit":"(4.900 € / Kilo)","categories":["Supermercado","Alimentación General","Especias, sazonadores y ayudas para cocinar","Azafrán y colorantes","SAFRINA azafrán molido superior caja 0,5 g"],"general_information":["Denominación del alimento: Azafrán","Nombre del operador: Triselecta S.L.","Dirección del operador: Parque empresarial El Pinillo. C/ Manuel Franco Cubeiro, 35 29620 Málaga (España).","Cantidad Neta: 0.5 g"],"ingredients":[" Azafrán molido superior."],"conservation":" Mantener en lugar fresco y seco.","ean":"8437001247493"},{"full_name":"SAFRINA azafrán en hebras ecológico tarro 0,5 g","name":"azafrán en hebras ecológico tarro 0,5 g","brand":"SAFRINA ","img":"https://sgfm.elcorteingles.es/SGFM/dctm/MEDIA02/CONTENIDOS/201601/15/00120945104121____1__600x600.jpg","price":"7,17 €","categories":["Supermercado","Alimentación General","Especias, sazonadores y ayudas para cocinar","Azafrán y colorantes","SAFRINA azafrán en hebras ecológico tarro 0,5 g"],"general_information":["Denominación del alimento: Azafrán","Nombre del operador: Triselecta S.L.","Dirección del operador: Parque empresarial El Pinillo. C/ Manuel Franco Cubeiro, 35 29620 Málaga (España).","Cantidad Neta: 0.5 g"],"ingredients":[" Azafrán"],"conservation":" Mantener en lugar fresco y seco.","ean":"8435046300807"},{"full_name":"SAFRINA sazonador natural con azafrán para paella caja 9 g","name":"sazonador natural con azafrán para paella caja 9 g","brand":"SAFRINA ","img":"https://sgfm.elcorteingles.es/SGFM/dctm/MEDIA03/201706/29/00120945101788____1__600x600.jpg","price":"2,55 €","price_unit":"(283,33 € / Kilo)","categories":["Supermercado","Alimentación General","Especias, sazonadores y ayudas para cocinar","Azafrán y colorantes","SAFRINA sazonador natural con azafrán para paella caja 9 g"],"general_information":["Denominación del alimento: Sazonador natural con azafrán","Nombre del operador: Triselecta S.L.","Dirección del operador: Parque empresarial El Pinillo. C/ Manuel Franco Cubeiro, 35 29620 Málaga (España).","Cantidad Neta: 9 g","Otras menciones obligatorias en la etiqueta: Sin ingredientes artificiales. Sin sal."],"ingredients":[" Ajo, pimientón, harina de arroz, extracto de azafrán, laurel, pimienta, clavo y azafrán."],"conservation":" Mantener en lugar fresco y seco.","ean":"8437001247301"},{"full_name":"LA ROSERA azafrán en hebras D.O.P. Mancha tarro 5 g","name":"azafrán en hebras D.O.P. Mancha tarro 5 g","brand":"LA ROSERA ","img":"https://sgfm.elcorteingles.es/SGFM/dctm/MEDIA02/CONTENIDOS/201409/23/00120945103388____1__600x600.jpg","price":"42,95 €","price_unit":"(8.590 € / Kilo)","categories":["Supermercado","Alimentación General","Especias, sazonadores y ayudas para cocinar","Azafrán y colorantes","LA ROSERA azafrán en hebras D.O.P. Mancha tarro 5 g"],"general_information":["Denominación del alimento: Azafrán","Nombre del operador: Bealar S.L.","Dirección del operador: Pol. Ind. Las Lomas P. 10    16200 - Motilla del Palancar","Lugar de procedencia del alimento: DO La Mancha","Cantidad Neta: 5 g"],"ingredients":[" Azafrán"],"conservation":" Conservese en lugar fresco y seco","ean":"8414310055001"},{"full_name":"LA ROSERA azafrán en hebras D.O.P. Mancha tarro 1,5 g","name":"azafrán en hebras D.O.P. Mancha tarro 1,5 g","brand":"LA ROSERA ","img":"https://sgfm.elcorteingles.es/SGFM/dctm/MEDIA02/CONTENIDOS/201407/23/00120945103909____1__600x600.jpg","price":"13,99 €","price_unit":"(9.326,67 € / Kilo)","categories":["Supermercado","Alimentación General","Especias, sazonadores y ayudas para cocinar","Azafrán y colorantes","LA ROSERA azafrán en hebras D.O.P. Mancha tarro 1,5 g"],"general_information":["Denominación del alimento: Azafrán","Nombre del operador: Bealar S.L.","Dirección del operador: Pol. Ind. Las Lomas P. 10    16200 - Motilla del Palancar","Lugar de procedencia del alimento: DO La Mancha","Cantidad Neta: 1.5 g"],"ingredients":[" Azafrán"],"conservation":" Conservese en lugar fresco y seco","ean":"8414310015500"},{"full_name":"LA ROSERA azafrán en hebras D.O.P. Mancha tarro 0,33 g","name":"azafrán en hebras D.O.P. Mancha tarro 0,33 g","brand":"LA ROSERA ","img":"https://sgfm.elcorteingles.es/SGFM/03/36/2/0120945103362/0120945103362000g01011.jpg","price":"3,49 €","price_unit":"(10.575,76 € / Kilo)","categories":["Supermercado","Alimentación General","Especias, sazonadores y ayudas para cocinar","Azafrán y colorantes","LA ROSERA azafrán en hebras D.O.P. Mancha tarro 0,33 g"],"general_information":["Denominación del alimento: Azafrán","País de origen: España","Nombre del operador: BEALAR S.L.","Dirección del operador: Pol. Ind. Las Lomas C/Gadea 4, 16200 Motilla del Palancar - Cuenca - España","Lugar de procedencia del alimento: Denominación de origen Azafrán de La Mancha.","Cantidad Neta: 0,33 g","Número de raciones por envase: 10"],"ingredients":[],"conservation":"Modo de empleo: Machacar las hebras con un poco de sal en un mortero, disolverlas en caldo y añadir al guiso o plato que Vd. está preparando.","ean":"8414310003330"},{"full_name":"AEROPLANO colorante alimentario caja 10 unidades","name":"colorante alimentario caja 10 unidades","brand":"AEROPLANO ","img":"https://sgfm.elcorteingles.es/SGFM/dctm/MEDIA02/CONTENIDOS/201410/01/00120945100947____1__600x600.jpg","price":"0,98 €","price_unit":"(0,10 € / Unidad)","categories":["Supermercado","Alimentación General","Especias, sazonadores y ayudas para cocinar","Azafrán y colorantes","AEROPLANO colorante alimentario caja 10 unidades"],"general_information":["Denominación del alimento: Colorante Alimentario","País de origen: España","Nombre del operador: Jose Maria Gomez Mira, S.A.","Dirección del operador: Viriato nº 21 - 03660 Novelda (Alicante)","Cantidad Neta: 18,0 g","Número de raciones por envase: 10","Otras menciones obligatorias en la etiqueta: Excento de Gluten"],"ingredients":[" Harina de maiz, Tartracina (colorante E-102) y sal"],"conservation":" Mantener en un sitio seco y fresco","ean":"8416200104134"},{"full_name":"ODALISCA colorante alimentario frasco 50 g","name":"colorante alimentario frasco 50 g","brand":"ODALISCA ","img":"https://sgfm.elcorteingles.es/SGFM/00/18/6/0120945100186/0120945100186000g01011.jpg","price":"1,42 €","price_unit":"(28,40 € / Kilo)","categories":["Supermercado","Alimentación General","Especias, sazonadores y ayudas para cocinar","Azafrán y colorantes","ODALISCA colorante alimentario frasco 50 g"],"general_information":["Denominación del alimento: Colorante alimentario","Nombre del operador: Jose M Fuster Hernandez","Dirección del operador: Pol. Industrial Cabezo Cortado Avda. del Este s/n - 30100- Espinardo (Murcia).","Cantidad Neta: 55,0 g"],"ingredients":[" Tartracina E102, Yellow E110, harina de maiz y sal."],"conservation":" Conservar en lugar fresco y seco, ausente de luz.","ean":"8412798600119"},{"full_name":"ARTEMIS cúrcuma ecológica 100% Bio frasco 30 g","name":"cúrcuma ecológica 100% Bio frasco 30 g","brand":"ARTEMIS ","img":"https://sgfm.elcorteingles.es/SGFM/dctm/MEDIA03/201702/10/00120950000149____1__600x600.jpg","price":"2,37 €","price_unit":"(79 € / Kilo)","categories":["Supermercado","Alimentación General","Especias, sazonadores y ayudas para cocinar","Azafrán y colorantes","ARTEMIS cúrcuma ecológica 100% Bio frasco 30 g"],"general_information":["Denominación del alimento: Cúrcuma","Nombre del operador: Herbes del Molí Coop V.","Dirección del operador: Av. Constitución, 5 - 03827 Benimarfull (Alicante)","Cantidad Neta: 30 g"],"ingredients":[" Puede contener trazas de gluten."],"conservation":" Mantener el envase bien cerrado en ambiente seco y fresco.","ean":"8428201320406"},{"full_name":"JILOCA azafrán Selecto Superior bote 1 g","name":"azafrán Selecto Superior bote 1 g","brand":"JILOCA ","img":"https://sgfm.elcorteingles.es/SGFM/dctm/MEDIA02/CONTENIDOS/201511/10/00120958301879____1__600x600.jpg","price":"7,75 €","price_unit":"(7.750 € / Kilo)","categories":["Supermercado","Alimentación General","Especias, sazonadores y ayudas para cocinar","Azafrán y colorantes","JILOCA azafrán Selecto Superior bote 1 g"],"general_information":[],"ingredients":[],"ean":"8437006951289"},{"full_name":"JILOCA azafrán selecto superior 100% natural estuche 1 g","name":"azafrán selecto superior 100% natural estuche 1 g","brand":"JILOCA ","img":"https://sgfm.elcorteingles.es/SGFM/dctm/MEDIA02/CONTENIDOS/201511/10/00120958301895____1__600x600.jpg","price":"7,09 €","price_unit":"(7.090 € / Kilo)","categories":["Supermercado","Alimentación General","Especias, sazonadores y ayudas para cocinar","Azafrán y colorantes","JILOCA azafrán selecto superior 100% natural estuche 1 g"],"general_information":[],"ingredients":[],"ean":"8437006951265"},{"full_name":"JILOCA azafrán selecto superior 100% natural caja 0,25 g","name":"azafrán selecto superior 100% natural caja 0,25 g","brand":"JILOCA ","img":"https://sgfm.elcorteingles.es/SGFM/dctm/MEDIA02/CONTENIDOS/201511/10/00120958301887____1__600x600.jpg","price":"2,89 €","price_unit":"(2.890 € / Kilo)","categories":["Supermercado","Alimentación General","Especias, sazonadores y ayudas para cocinar","Azafrán y colorantes","JILOCA azafrán selecto superior 100% natural caja 0,25 g"],"general_information":[],"ingredients":[],"ean":"8437006951814"},{"full_name":"EL CORTE INGLES orégano envase 12 g","name":"orégano envase 12 g","brand":"EL CORTE INGLES ","img":"https://sgfm.elcorteingles.es/SGFM/dctm/MEDIA03/201610/19/00120945104352____1__600x600.jpg","price":"0,55 €","price_unit":"(45,83 € / Kilo)","categories":["Supermercado","Alimentación General","Especias, sazonadores y ayudas para cocinar","Hierbas sazonadoras","EL CORTE INGLES orégano envase 12 g"],"general_information":["Denominación del alimento: OREGANO","Nombre del operador: Envasado en la UE \nDistribuido para el\nGrupo El Corte Inglés\nHermosilla, 112   28009 Madrid ? España \npor CIF: A08863680","Cantidad Neta: 12 g"],"ingredients":[],"conservation":" Conservar alejado de la luz, del calor y de la humedad","ean":"8433329069182"},{"full_name":"EL CORTE INGLES tomillo tarro 17 g","name":"tomillo tarro 17 g","brand":"EL CORTE INGLES ","img":"https://sgfm.elcorteingles.es/SGFM/dctm/MEDIA03/201612/20/00120945104386____1__600x600.jpg","price":"0,79 €","price_unit":"(46,47 € / Kilo)","categories":["Supermercado","Alimentación General","Especias, sazonadores y ayudas para cocinar","Hierbas sazonadoras","EL CORTE INGLES tomillo tarro 17 g"],"general_information":["Denominación del alimento: TOMILLO","Nombre del operador: Envasado en la UE \nDistribuido para el\nGrupo El Corte Inglés\nHermosilla, 112   28009 Madrid ? España \npor CIF: A08863680","Cantidad Neta: 17 g"],"ingredients":[],"conservation":" Conservar alejado de la luz, del calor y de la humedad","ean":"8433329069267"},{"full_name":"EL CORTE INGLES eneldo tarro 15 g","name":"eneldo tarro 15 g","brand":"EL CORTE INGLES ","img":"https://sgfm.elcorteingles.es/SGFM/dctm/MEDIA03/201705/05/00120945104519____1__600x600.jpg","price":"1,07 €","price_unit":"(71,33 € / Kilo)","categories":["Supermercado","Alimentación General","Especias, sazonadores y ayudas para cocinar","Hierbas sazonadoras","EL CORTE INGLES eneldo tarro 15 g"],"general_information":["Nombre del operador: Envasado en la UE \nDistribuido para el\nGrupo El Corte Inglés\nHermosilla, 112   28009 Madrid ? España \npor CIF: A08863680","Cantidad Neta: 15 g"],"ingredients":[],"conservation":" Conservar alejado de la luz, del calor y de la humedad","ean":"8433329069175"},{"full_name":"EL CORTE INGLES perejil tarro 6 g","name":"perejil tarro 6 g","brand":"EL CORTE INGLES ","img":"https://sgfm.elcorteingles.es/SGFM/dctm/MEDIA03/201710/16/00120945104717____1__600x600.jpg","price":"0,23 €","price_unit":"(38,33 € / Kilo)","categories":["Supermercado","Alimentación General","Especias, sazonadores y ayudas para cocinar","Hierbas sazonadoras","EL CORTE INGLES perejil tarro 6 g"],"general_information":["Denominación del alimento: PEREJIL","Nombre del operador: Envasado en la UE \nDistribuido para el\nGrupo El Corte Inglés\nHermosilla, 112   28009 Madrid ? España \npor CIF: A08863680","Cantidad Neta: 6 g"],"ingredients":[],"conservation":" Conservar alejado de la luz, del calor y de la humedad","ean":"8433329069205"},{"full_name":"EL CORTE INGLES romero tarro 24 g","name":"romero tarro 24 g","brand":"EL CORTE INGLES ","img":"https://sgfm.elcorteingles.es/SGFM/dctm/MEDIA03/201710/16/00120945104725____1__600x600.jpg","price":"0,50 €","price_unit":"(20,83 € / Kilo)","categories":["Supermercado","Alimentación General","Especias, sazonadores y ayudas para cocinar","Hierbas sazonadoras","EL CORTE INGLES romero tarro 24 g"],"general_information":["Denominación del alimento: ROMERO","Nombre del operador: Envasado en la UE \nDistribuido para el\nGrupo El Corte Inglés\nHermosilla, 112   28009 Madrid ? España \npor CIF: A08863680","Cantidad Neta: 24 g"],"ingredients":[],"conservation":" Conservar alejado de la luz, del calor y de la humedad","ean":"8433329069250"},{"full_name":"EL CORTE INGLES hierbas provenzales tarro 12 g","name":"hierbas provenzales tarro 12 g","brand":"EL CORTE INGLES ","img":"https://sgfm.elcorteingles.es/SGFM/dctm/MEDIA03/201710/16/00120945104733____1__600x600.jpg","price":"0,56 €","price_unit":"(46,67 € / Kilo)","categories":["Supermercado","Alimentación General","Especias, sazonadores y ayudas para cocinar","Hierbas sazonadoras","EL CORTE INGLES hierbas provenzales tarro 12 g"],"general_information":["Denominación del alimento: Mezcla de plantas aromáticas","Nombre del operador: Envasado en la UE \nDistribuido para el\nGrupo El Corte Inglés\nHermosilla, 112   28009 Madrid ? España \npor CIF: A08863680","Cantidad Neta: 12 g"],"ingredients":[" Ingredientes: Mejorana, albahaca, orégano, tomillo."],"conservation":" Conservar alejado de la luz, del calor y de la humedad","ean":"8433329069199"},{"full_name":"ALIADA albahaca tarro 15 g","name":"albahaca tarro 15 g","brand":"ALIADA ","img":"https://sgfm.elcorteingles.es/SGFM/dctm/MEDIA02/CONTENIDOS/201505/05/00120945103925____3__600x600.jpg","price":"0,49 €","price_unit":"(32,67 € / Kilo)","categories":["Supermercado","Alimentación General","Especias, sazonadores y ayudas para cocinar","Hierbas sazonadoras","ALIADA albahaca tarro 15 g"],"general_information":["Denominación del alimento: ALBAHACA","Nombre del operador: Envasado en la UE / Embalado na UE\nDistribuido para el / para o\nGrupo El Corte Inglés\nHermosilla, 112   28009 Madrid ? España / Espanha\npor CIF: A08863680","Cantidad Neta: 15 g"],"ingredients":[],"conservation":" Conservar alejado de la luz, del calor y de la humedad","ean":"8433329050289"},{"full_name":"DUCROS bayas de enebro frasco 150 g","name":"bayas de enebro frasco 150 g","brand":"DUCROS ","img":"https://sgfm.elcorteingles.es/SGFM/03/55/2/0120945103552/0120945103552000g01011.jpg","price":"11,80 €","price_unit":"(78,67 € / Kilo)","categories":["Supermercado","Alimentación General","Especias, sazonadores y ayudas para cocinar","Hierbas sazonadoras","DUCROS bayas de enebro frasco 150 g"],"general_information":["Denominación del alimento: bayas de enebro","País de origen: Francia","Nombre del operador: McCormick España, S.A.","Dirección del operador: Av. Francesc Macià, 38 p. 11\n08208 Sadabell","Cantidad Neta: 0.15 Kilogramos"],"ingredients":[" INGREDIENTE: Bayas de enebro."],"conservation":" Conservar alejado de la luz, del calor y de la humedad. Una vez abierto consúmase preferentemente antes de 3 meses.","ean":"3275925107746"},{"full_name":"DUCROS romero entero frasco 23 g","name":"romero entero frasco 23 g","brand":"DUCROS ","img":"https://sgfm.elcorteingles.es/SGFM/dctm/MEDIA03/201610/19/00120945101192____1__600x600.jpg","price":"1,65 €","price_unit":"(71,74 € / Kilo)","categories":["Supermercado","Alimentación General","Especias, sazonadores y ayudas para cocinar","Hierbas sazonadoras","DUCROS romero entero frasco 23 g"],"general_information":["Denominación del alimento: romero","País de origen: Francia","Nombre del operador: McCormick España, S.A.","Dirección del operador: Av. Francesc Macià, 38 p. 11\n08208 Sadabell","Cantidad Neta: 0.023 Kilogramos"],"ingredients":[" INGREDIENTE: : Romero."],"conservation":"Modo de empleo: Candidad: 1 cucharada para 4 personas.","ean":"8410219857142"},{"full_name":"DUCROS oregano frasco 65 g","name":"oregano frasco 65 g","brand":"DUCROS ","img":"https://sgfm.elcorteingles.es/SGFM/dctm/MEDIA03/201610/18/00120945103560____1__600x600.jpg","price":"5,89 €","price_unit":"(90,62 € / Kilo)","categories":["Supermercado","Alimentación General","Especias, sazonadores y ayudas para cocinar","Hierbas sazonadoras","DUCROS oregano frasco 65 g"],"general_information":["Denominación del alimento: orégano","País de origen: Francia","Nombre del operador: McCormick España, S.A.","Dirección del operador: Av. Francesc Macià, 38 p. 11\n08208 Sadabell","Cantidad Neta: 0.065 Kilogramos"],"ingredients":[" INGREDIENTE: Orégano."],"conservation":" Conservar alejado de la luz,\ndel calor y de la humedad.","ean":"3166291010757"},{"full_name":"DUCROS albahaca frasco 11 g","name":"albahaca frasco 11 g","brand":"DUCROS ","img":"https://sgfm.elcorteingles.es/SGFM/dctm/MEDIA03/201610/18/00120945101234____1__600x600.jpg","price":"1,69 €","price_unit":"(153,64 € / Kilo)","categories":["Supermercado","Alimentación General","Especias, sazonadores y ayudas para cocinar","Hierbas sazonadoras","DUCROS albahaca frasco 11 g"],"general_information":["Denominación del alimento: albahaca","País de origen: Francia","Nombre del operador: McCormick España, S.A.","Dirección del operador: Av. Francesc Macià, 38 p. 11 08208 Sadabell","Cantidad Neta: 11.000 g"],"ingredients":[" INGREDIENTE: Albahaca."],"conservation":" Conservar alejado de la luz, del calor y de la humedad.","ean":"3166296203147"},{"full_name":"DUCROS orégano molinillo envase 15 g","name":"orégano molinillo envase 15 g","brand":"DUCROS ","img":"https://sgfm.elcorteingles.es/SGFM/dctm/MEDIA02/CONTENIDOS/201601/26/00120945104154____1__600x600.jpg","price":"3,23 €            ","price_unit":"(210 € / Kilo)","categories":["Supermercado","Alimentación General","Especias, sazonadores y ayudas para cocinar","Hierbas sazonadoras","DUCROS orégano molinillo envase 15 g"],"general_information":["Denominación del alimento: Molinillo orégano","País de origen: Francia","Nombre del operador: McCormick España, S.A. Av.Francesc Macià, 38 p.11 08208 Sabadell","Cantidad Neta: 15 g"],"ingredients":[" Ingredientes: Hojas de orégano, botones florales de orégano."],"conservation":" Conservar alejado de la luz, del calor y de la humedad. NA","ean":"3166296204410"},{"full_name":"DUCROS orégano entero frasco 10 g","name":"orégano entero frasco 10 g","brand":"DUCROS ","img":"https://sgfm.elcorteingles.es/SGFM/dctm/MEDIA03/201610/18/00120945101283____1__600x600.jpg","price":"1,41 €            ","price_unit":"(136 € / Kilo)","categories":["Supermercado","Alimentación General","Especias, sazonadores y ayudas para cocinar","Hierbas sazonadoras","DUCROS orégano entero frasco 10 g"],"general_information":["Denominación del alimento: orégano","País de origen: Francia","Nombre del operador: McCormick España, S.A.","Dirección del operador: Av. Francesc Macià, 38 p. 11\n08208 Sadabell","Cantidad Neta: 10.000 g"],"ingredients":[" INGREDIENTE: Origano."],"ean":"3166290200753"},{"full_name":"DUCROS tomillo entero frasco 11 g","name":"tomillo entero frasco 11 g","brand":"DUCROS ","img":"https://sgfm.elcorteingles.es/SGFM/dctm/MEDIA03/201610/18/00120945101218____1__600x600.jpg","price":"1,47 €","price_unit":"(133,64 € / Kilo)","categories":["Supermercado","Alimentación General","Especias, sazonadores y ayudas para cocinar","Hierbas sazonadoras","DUCROS tomillo entero frasco 11 g"],"general_information":["Denominación del alimento: tomillo","País de origen: Francia","Nombre del operador: McCormick España, S.A.","Dirección del operador: Av. Francesc Macià, 38 p. 11 08208 Sadabell","Cantidad Neta: 0.011 Kilogramos"],"ingredients":[" INGREDIENTE: Tomillo."],"ean":"3166290201118"},{"full_name":"DUCROS tomillo rama bolsa 15 g","name":"tomillo rama bolsa 15 g","brand":"DUCROS ","img":"https://sgfm.elcorteingles.es/SGFM/dctm/MEDIA03/201610/18/00120945101382____1__600x600.jpg","price":"1,90 €","price_unit":"(126,67 € / Kilo)","categories":["Supermercado","Alimentación General","Especias, sazonadores y ayudas para cocinar","Hierbas sazonadoras","DUCROS tomillo rama bolsa 15 g"],"general_information":["Denominación del alimento: tomillo entero","País de origen: Francia","Nombre del operador: McCormick España, S.A.","Dirección del operador: Av. Francesc Macià, 38 p. 11\n08208 Sadabell","Cantidad Neta: 0.015 Kilogramos"],"ingredients":[" INGREDIENTE: Tomillo."],"conservation":" Conservar alejado de la luz, del calor y de la humedad.","ean":"3166291361118"},{"full_name":"DUCROS hierbas provenzales frasco 18 g","name":"hierbas provenzales frasco 18 g","brand":"DUCROS ","img":"https://sgfm.elcorteingles.es/SGFM/dctm/MEDIA03/201610/04/00120945101275____1__600x600.jpg","price":"1,69 €","price_unit":"(93,89 € / Kilo)","categories":["Supermercado","Alimentación General","Especias, sazonadores y ayudas para cocinar","Hierbas sazonadoras","DUCROS hierbas provenzales frasco 18 g"],"general_information":["Denominación del alimento: mezcla de plantas aromaticas","País de origen: Francia","Nombre del operador: McCormick España, S.A.","Dirección del operador: Av. Francesc Macià, 38 p. 11\n08208 Sadabell","Cantidad Neta: 18.000 g"],"ingredients":[" INGREDIENTES: Ajedrea, romero (28%), tomillo (18%), mejorana, orégano (11,5%)."],"conservation":" Conservar alejado de la luz, del calor y de la humedad.","ean":"3166290200616"},{"full_name":"DUCROS hierbabuena frasco 13 g","name":"hierbabuena frasco 13 g","brand":"DUCROS ","img":"https://sgfm.elcorteingles.es/SGFM/dctm/MEDIA03/201610/18/00120945101259____1__600x600.jpg","price":"1,59 €","price_unit":"(122,31 € / Kilo)","categories":["Supermercado","Alimentación General","Especias, sazonadores y ayudas para cocinar","Hierbas sazonadoras","DUCROS hierbabuena frasco 13 g"],"general_information":["Denominación del alimento: hierbabuena","País de origen: Francia","Nombre del operador: McCormick España, S.A.","Dirección del operador: Av. Francesc Macià, 38 p. 11\n08208 Sadabell","Cantidad Neta: 0.013 Kilogramos"],"ingredients":[" INGREDIENTE: Hierbabuena."],"conservation":"Modo de empleo: Cantidad: Dosifíque a voluntad.","ean":"3166290204058"},{"full_name":"DUCROS molinillo mezcla italiana envase 13 g","name":"molinillo mezcla italiana envase 13 g","brand":"DUCROS ","img":"https://sgfm.elcorteingles.es/SGFM/dctm/MEDIA02/CONTENIDOS/201601/26/00120945104147____1__600x600.jpg","price":"3,15 €","price_unit":"(242,31 € / Kilo)","categories":["Supermercado","Alimentación General","Especias, sazonadores y ayudas para cocinar","Hierbas sazonadoras","DUCROS molinillo mezcla italiana envase 13 g"],"general_information":["Denominación del alimento: Molinillo mezcla de plantas aromáticas","País de origen: Francia","Nombre del operador: McCormick España, S.A. Av.Francesc Macià, 38 p.11 08208 Sabadell","Dirección del operador: Encuentre más deliciosas ideas en www.ducros.es","Cantidad Neta: 13 g","Otras menciones obligatorias en la etiqueta: NA"],"ingredients":[" Ingredientes: Albahaca, orégano (hojas y botones florales), romero."],"conservation":" Conservar alejado de la luz, del calor y de la humedad","ean":"3166296204403"},{"full_name":"DUCROS perejil frasco 5 g","name":"perejil frasco 5 g","brand":"DUCROS ","img":"https://sgfm.elcorteingles.es/SGFM/dctm/MEDIA03/201610/18/00120945101143____1__600x600.jpg","price":"1,45 €","price_unit":"(290 € / Kilo)","categories":["Supermercado","Alimentación General","Especias, sazonadores y ayudas para cocinar","Hierbas sazonadoras","DUCROS perejil frasco 5 g"],"general_information":["Denominación del alimento: perejil","País de origen: Francia","Nombre del operador: McCormick España, S.A.","Dirección del operador: Av. Francesc Macià, 38 p. 11\n08208 Sadabell","Cantidad Neta: 5.000 g"],"ingredients":[" INGREDIENTE: Prezzemolo."],"ean":"3166290200807"},{"full_name":"DUCROS finas hierbas frasco 6 g","name":"finas hierbas frasco 6 g","brand":"DUCROS ","img":"https://sgfm.elcorteingles.es/SGFM/dctm/MEDIA03/201610/18/00120945101531____1__600x600.jpg","price":"1,65 €","price_unit":"(275 € / Kilo)","categories":["Supermercado","Alimentación General","Especias, sazonadores y ayudas para cocinar","Hierbas sazonadoras","DUCROS finas hierbas frasco 6 g"],"general_information":["Denominación del alimento: mezcla de plantas aromaticas","País de origen: Alemania","Nombre del operador: McCormick España, S.A.","Dirección del operador: Av. Francesc Macià, 38 p. 11\n08208 Sadabell","Cantidad Neta: 6.000 g"],"ingredients":[" INGREDIENTES: Perejil (70%), cebolleta (15%), estragón, perifollo."],"conservation":"Modo de empleo: Cantidad: 1 cucharada por persona.","ean":"3166298530807"},{"full_name":"DUCROS eneldo hojas frasco 10 g","name":"eneldo hojas frasco 10 g","brand":"DUCROS ","img":"https://sgfm.elcorteingles.es/SGFM/dctm/MEDIA03/201610/18/00120945101366____1__600x600.jpg","price":"1,65 €","price_unit":"(165 € / Kilo)","categories":["Supermercado","Alimentación General","Especias, sazonadores y ayudas para cocinar","Hierbas sazonadoras","DUCROS eneldo hojas frasco 10 g"],"general_information":["Denominación del alimento: Eneldo","País de origen: Alemania","Nombre del operador: McCormick España, S.A.","Dirección del operador: Av. Francesc Macià, 38 p. 1108208 Sadabell","Cantidad Neta: 10.000 g"],"ingredients":[" INGREDIENTE: Eneldo."],"conservation":" Conservar alejado de la luz, del calor y de la humedad.","ean":"3166290201866"},{"full_name":"DUCROS cilantro hojas frasco 7 g","name":"cilantro hojas frasco 7 g","brand":"DUCROS ","img":"https://sgfm.elcorteingles.es/SGFM/dctm/MEDIA03/201610/18/00120945100111____1__600x600.jpg","price":"1,69 €","categories":["Supermercado","Alimentación General","Especias, sazonadores y ayudas para cocinar","Hierbas sazonadoras","DUCROS cilantro hojas frasco 7 g"],"general_information":["Denominación del alimento: cilantro hojas","País de origen: Francia","Nombre del operador: McCormick España, S.A.","Dirección del operador: Av. Francesc Macià, 38 p. 11\n08208 Sadabell","Cantidad Neta: 7.000 g"],"ingredients":[" INGREDIENTE: Cilantro hojas ."],"conservation":" Conservar alejado de la luz, del calor y de la humedad.","ean":"3166298901874"},{"full_name":"DUCROS molinillo albahaca envase 6 g","name":"molinillo albahaca envase 6 g","brand":"DUCROS ","img":"https://sgfm.elcorteingles.es/SGFM/dctm/MEDIA02/CONTENIDOS/201601/26/00120945104139____1__600x600.jpg","price":"3,23 €            ","price_unit":"(525 € / Kilo)","categories":["Supermercado","Alimentación General","Especias, sazonadores y ayudas para cocinar","Hierbas sazonadoras","DUCROS molinillo albahaca envase 6 g"],"general_information":["Denominación del alimento: Molinillo albahaca","País de origen: Francia","Nombre del operador: McCormick España, S.A. Av.Francesc Macià, 38 p.11 08208 Sabadell","Dirección del operador: Encuentre más deliciosas ideas en www.ducros.es","Cantidad Neta: 6 g","Otras menciones obligatorias en la etiqueta: NA"],"ingredients":[" Ingrediente: Albahaca liofilizada."],"conservation":" Conservar alejado de la luz, del calor y de la humedad","ean":"3166296204397"},{"full_name":"DUCROS estragón frasco 4 g","name":"estragón frasco 4 g","brand":"DUCROS ","img":"https://sgfm.elcorteingles.es/SGFM/dctm/MEDIA03/201610/03/00120945101242____1__600x600.jpg","price":"1,75 €","price_unit":"(437,50 € / Kilo)","categories":["Supermercado","Alimentación General","Especias, sazonadores y ayudas para cocinar","Hierbas sazonadoras","DUCROS estragón frasco 4 g"],"general_information":["Denominación del alimento: estragón","País de origen: Francia","Nombre del operador: McCormick España, S.A.","Dirección del operador: Av. Francesc Macià, 38 p. 11 08208 Sadabell","Cantidad Neta: 4.000 g"],"ingredients":[" INGREDIENTE: Estragón."],"conservation":" Conservar alejado de la luz, del calor y de la humedad.","ean":"3166290200487"},{"full_name":"DUCROS mejorana frasco 10 g","name":"mejorana frasco 10 g","brand":"DUCROS ","img":"https://sgfm.elcorteingles.es/SGFM/dctm/MEDIA03/201610/18/00120945100087____1__600x600.jpg","price":"1,69 €","price_unit":"(169 € / Kilo)","categories":["Supermercado","Alimentación General","Especias, sazonadores y ayudas para cocinar","Hierbas sazonadoras","DUCROS mejorana frasco 10 g"],"general_information":["Denominación del alimento: mejorana","País de origen: Francia","Nombre del operador: McCormick España, S.A.","Dirección del operador: Av. Francesc Macià, 38 p. 11\n08208 Sadabell","Cantidad Neta: 0.010 Kilogramos"],"ingredients":[" INGREDIENTE: Mejorana ."],"conservation":" Conservar alejado de la luz, del calor y de la humedad.","ean":"3166298902185"},{"full_name":"DUCROS GRAN SELECCION perejil frasco 5 g","name":"perejil frasco 5 g","brand":"DUCROS GRAN SELECCION ","img":"https://sgfm.elcorteingles.es/SGFM/dctm/MEDIA03/201610/19/00120945102422____1__600x600.jpg","price":"2,04 €","price_unit":"(408 € / Kilo)","categories":["Supermercado","Alimentación General","Especias, sazonadores y ayudas para cocinar","Hierbas sazonadoras","DUCROS GRAN SELECCION perejil frasco 5 g"],"general_information":["Denominación del alimento: perejil","País de origen: Francia","Nombre del operador: McCormick España, S.A.","Dirección del operador: Av. Francesc Macià, 38 p. 11\n08208 Sadabell","Cantidad Neta: 5.000 g"],"ingredients":[" INGREDIENTE: Perejil deshidratado."],"conservation":" CONSERVAR ALEJADO DE LA LUZ, DEL CALOR Y DE LA HUMEDAD.","ean":"8410219852352"},{"full_name":"ODALISCA tomillo frasco 15 g","name":"tomillo frasco 15 g","brand":"ODALISCA ","img":"https://sgfm.elcorteingles.es/SGFM/00/13/7/0120945100137/0120945100137000g01011.jpg","price":"1,42 €","price_unit":"(94,67 € / Kilo)","categories":["Supermercado","Alimentación General","Especias, sazonadores y ayudas para cocinar","Hierbas sazonadoras","ODALISCA tomillo frasco 15 g"],"general_information":["Denominación del alimento: Tomillo","Nombre del operador: Jose M Fuster Hernandez","Dirección del operador: Pol. Industrial Cabezo Cortado Avda. del Este s/n - 30100- Espinardo (Murcia).","Cantidad Neta: 18,0 g"],"ingredients":[" Hojas de thymus vulgaris."],"conservation":" Conservar en lugar fresco y seco, ausente de luz.","ean":"8412798600355"},{"full_name":"ODALISCA perejil frasco 8 g","name":"perejil frasco 8 g","brand":"ODALISCA ","img":"https://sgfm.elcorteingles.es/SGFM/00/12/9/0120945100129/0120945100129000g01011.jpg","price":"1,45 €","price_unit":"(181,25 € / Kilo)","categories":["Supermercado","Alimentación General","Especias, sazonadores y ayudas para cocinar","Hierbas sazonadoras","ODALISCA perejil frasco 8 g"],"general_information":["Denominación del alimento: Perejíl","Nombre del operador: Jose M Fuster Hernandez","Dirección del operador: Pol. Industrial Cabezo Cortado Avda. del Este s/n - 30100- Espinardo (Murcia).","Cantidad Neta: 9,0 g"],"ingredients":[" Hojas desecadas de Petroselinum crispum."],"conservation":" Conservar en lugar fresco y seco, ausente de luz.","ean":"8412798600218"},{"full_name":"ODALISCA orégano frasco 8 g","name":"orégano frasco 8 g","brand":"ODALISCA ","img":"https://sgfm.elcorteingles.es/SGFM/00/20/2/0120945100202/0120945100202000g01011.jpg","price":"1,45 €","price_unit":"(181,25 € / Kilo)","categories":["Supermercado","Alimentación General","Especias, sazonadores y ayudas para cocinar","Hierbas sazonadoras","ODALISCA orégano frasco 8 g"],"general_information":["Denominación del alimento: Orégano","Nombre del operador: Jose M Fuster Hernandez","Dirección del operador: Pol. Industrial Cabezo Cortado Avda. del Este s/n - 30100- Espinardo (Murcia).","Cantidad Neta: 9,0 g"],"ingredients":[" Hojas desacadas de Origanum vulgare"],"conservation":" Conservar en lugar fresco y seco, ausente de luz.","ean":"8412798600201"},{"full_name":"ODALISCA hierbabuena frasco 6 g","name":"hierbabuena frasco 6 g","brand":"ODALISCA ","img":"https://sgfm.elcorteingles.es/SGFM/00/25/1/0120945100251/0120945100251000g01011.jpg","price":"1,45 €","price_unit":"(241,67 € / Kilo)","categories":["Supermercado","Alimentación General","Especias, sazonadores y ayudas para cocinar","Hierbas sazonadoras","ODALISCA hierbabuena frasco 6 g"],"general_information":["Denominación del alimento: Hierbabuena","Nombre del operador: Jose M Fuster Hernandez","Dirección del operador: Pol. Industrial Cabezo Cortado Avda. del Este s/n - 30100- Espinardo (Murcia).","Cantidad Neta: 14,0 g"],"ingredients":[" Hojas desecadas de la Mentha spicata."],"conservation":" Conservar en lugar fresco y seco, ausente de luz.","ean":"8412798600171"},{"full_name":"ARTEMIS tomillo ecológico 100% Bio frasco 15 g","name":"tomillo ecológico 100% Bio frasco 15 g","brand":"ARTEMIS ","img":"https://sgfm.elcorteingles.es/SGFM/dctm/MEDIA03/201703/06/00120950000370____1__600x600.jpg","price":"2,15 €","price_unit":"(143,33 € / Kilo)","categories":["Supermercado","Alimentación General","Especias, sazonadores y ayudas para cocinar","Hierbas sazonadoras","ARTEMIS tomillo ecológico 100% Bio frasco 15 g"],"general_information":["Denominación del alimento: Tomillo -Eco-","Nombre del operador: Herbes del Molí Coop V.","Dirección del operador: P.I. La Creueta, Avd. Constitución, 5 - 03827 Benimarfull (Alicante) ESPAÑA","Cantidad Neta: 15 g","Otras menciones obligatorias en la etiqueta: Producto procedente de la agricultura ecológica."],"ingredients":[" Tomillo"],"conservation":" Mantener el envase bien cerrado en ambiente seco y fresco.","ean":"8428201320109"},{"full_name":"ARTEMIS orégano ecológico 100% Bio frasco 7 g","name":"orégano ecológico 100% Bio frasco 7 g","brand":"ARTEMIS ","img":"https://sgfm.elcorteingles.es/SGFM/dctm/MEDIA03/201702/13/00120950000248____1__600x600.jpg","price":"1,85 €","price_unit":"(52,86 € / Kilo)","categories":["Supermercado","Alimentación General","Especias, sazonadores y ayudas para cocinar","Hierbas sazonadoras","ARTEMIS orégano ecológico 100% Bio frasco 7 g"],"general_information":["Denominación del alimento: Orégano","Nombre del operador: Herbes del Molí Coop V.","Dirección del operador: Av. Constitución, 5 - 03827 Benimarfull (Alicante)","Cantidad Neta: 7 g"],"ingredients":[],"conservation":" Mantener el envase bien cerrado en ambiente seco y fresco.","ean":"8428201320086"},{"full_name":"ARTEMIS albahaca ecológica 100% Bio frasco 12 g","name":"albahaca ecológica 100% Bio frasco 12 g","brand":"ARTEMIS ","img":"https://sgfm.elcorteingles.es/SGFM/dctm/MEDIA03/201702/10/00120950000032____1__600x600.jpg","price":"1,85 €","price_unit":"(154,17 € / Kilo)","categories":["Supermercado","Alimentación General","Especias, sazonadores y ayudas para cocinar","Hierbas sazonadoras","ARTEMIS albahaca ecológica 100% Bio frasco 12 g"],"general_information":["Denominación del alimento: Albahaca","Nombre del operador: Herbes del Molí Coop V.","Dirección del operador: Av. Constitución, 5 - 03827 Benimarfull (Alicante)","Cantidad Neta: 38 g"],"ingredients":[],"conservation":" Mantener el envase bien cerrado en ambiente seco y fresco.","ean":"8428201320024"},{"full_name":"ARTEMIS hierbas provenzales ecológicas 100% Bio frasco 15 g","name":"hierbas provenzales ecológicas 100% Bio frasco 15 g","brand":"ARTEMIS ","img":"https://sgfm.elcorteingles.es/SGFM/dctm/MEDIA03/201702/13/00120950000172____1__600x600.jpg","price":"2,23 €","price_unit":"(148,67 € / Kilo)","categories":["Supermercado","Alimentación General","Especias, sazonadores y ayudas para cocinar","Hierbas sazonadoras","ARTEMIS hierbas provenzales ecológicas 100% Bio frasco 15 g"],"general_information":["Denominación del alimento: Hierbas Provenzales","Nombre del operador: Herbes del Molí Coop V.","Dirección del operador: Av. Constitución, 5 - 03827 Benimarfull (Alicante)","Cantidad Neta: 15 g"],"ingredients":[" Tomillo, Romero, Ajedrea, Mejorana, Hisopo, Orégano."],"conservation":" Mantener el envase bien cerrado en ambiente seco y fresco.","ean":"8428201320147"},{"full_name":"ARTEMIS perejil ecológico 100% Bio frasco 8 g","name":"perejil ecológico 100% Bio frasco 8 g","brand":"ARTEMIS ","img":"https://sgfm.elcorteingles.es/SGFM/dctm/MEDIA03/201702/13/00120950000255____1__600x600.jpg","price":"2,15 €","price_unit":"(268,75 € / Kilo)","categories":["Supermercado","Alimentación General","Especias, sazonadores y ayudas para cocinar","Hierbas sazonadoras","ARTEMIS perejil ecológico 100% Bio frasco 8 g"],"general_information":["Denominación del alimento: Perejil","Nombre del operador: Herbes del Molí Coop V.","Dirección del operador: Av. Constitución, 5 - 03827 Benimarfull (Alicante)","Cantidad Neta: 8 g"],"ingredients":[],"conservation":" Mantener el envase bien cerrado en ambiente seco y fresco.","ean":"8428201320093"},{"full_name":"ARTEMIS cilantro ecológico 100% Bio frasco 20 g","name":"cilantro ecológico 100% Bio frasco 20 g","brand":"ARTEMIS ","img":"https://sgfm.elcorteingles.es/SGFM/dctm/MEDIA03/201703/06/00120950000107____1__600x600.jpg","price":"1,95 €","price_unit":"(97,50 € / Kilo)","categories":["Supermercado","Alimentación General","Especias, sazonadores y ayudas para cocinar","Hierbas sazonadoras","ARTEMIS cilantro ecológico 100% Bio frasco 20 g"],"general_information":["Denominación del alimento: Cilantro -Eco-","Nombre del operador: Herbes del Molí Coop V.","Dirección del operador: P.I. La Creueta, Avd. Constitución, 5 - 03827 Benimarfull (Alicante) ESPAÑA","Cantidad Neta: 20 g","Otras menciones obligatorias en la etiqueta: Producto procedente de la agricultura ecológica."],"ingredients":[" Cilantro"],"conservation":" Mantener el envase bien cerrado en ambiente seco y fresco.","ean":"8428201320550"},{"full_name":"ARTEMIS estragón ecológico 100% Bio frasco 7 g","name":"estragón ecológico 100% Bio frasco 7 g","brand":"ARTEMIS ","img":"https://sgfm.elcorteingles.es/SGFM/dctm/MEDIA03/201703/06/00120950000164____1__600x600.jpg","price":"2,15 €","price_unit":"(307,14 € / Kilo)","categories":["Supermercado","Alimentación General","Especias, sazonadores y ayudas para cocinar","Hierbas sazonadoras","ARTEMIS estragón ecológico 100% Bio frasco 7 g"],"general_information":["Denominación del alimento: Estragón -Eco-","Nombre del operador: Herbes del Molí Coop V.","Dirección del operador: P.I. La Creueta, Avd. Constitución, 5 - 03827 Benimarfull (Alicante) ESPAÑA","Cantidad Neta: 7 g","Otras menciones obligatorias en la etiqueta: Producto procedente de la agricultura ecológica."],"ingredients":[" Estragón"],"conservation":" Mantener el envase bien cerrado en ambiente seco y fresco.","ean":"8428201320062"},{"full_name":"ARTEMIS mejorana ecológico 100% Bio frasco 8 g","name":"mejorana ecológico 100% Bio frasco 8 g","brand":"ARTEMIS ","img":"https://sgfm.elcorteingles.es/SGFM/dctm/MEDIA03/201703/06/00120950000206____1__600x600.jpg","price":"1,85 €","price_unit":"(231,25 € / Kilo)","categories":["Supermercado","Alimentación General","Especias, sazonadores y ayudas para cocinar","Hierbas sazonadoras","ARTEMIS mejorana ecológico 100% Bio frasco 8 g"],"general_information":["Denominación del alimento: Mejorana -Eco-","Nombre del operador: Herbes del Molí Coop V.","Dirección del operador: P.I. La Creueta, Avd. Constitución, 5 - 03827 Benimarfull (Alicante) ESPAÑA","Cantidad Neta: 8 g","Otras menciones obligatorias en la etiqueta: Producto procedente de la agricultura ecológica."],"ingredients":[" Mejorana"],"conservation":" Mantener el envase bien cerrado en ambiente seco y fresco.","ean":"8428201320079"},{"full_name":"ARTEMIS romero molido ecológico 100% Bio frasco 24 g","name":"romero molido ecológico 100% Bio frasco 24 g","brand":"ARTEMIS ","img":"https://sgfm.elcorteingles.es/SGFM/dctm/MEDIA03/201703/06/00120950000347____1__600x600.jpg","price":"2,23 €","price_unit":"(92,92 € / Kilo)","categories":["Supermercado","Alimentación General","Especias, sazonadores y ayudas para cocinar","Hierbas sazonadoras","ARTEMIS romero molido ecológico 100% Bio frasco 24 g"],"general_information":["Denominación del alimento: Romero Molido -ECO-","Nombre del operador: Herbes del Molí Coop V.","Dirección del operador: P.I. La Creueta, Avd. Constitución, 5 - 03827 Benimarfull (Alicante) ESPAÑA","Cantidad Neta: 24 g","Otras menciones obligatorias en la etiqueta: Producto procedente de la agricultura ecológica."],"ingredients":[" Romero"],"conservation":" Mantener el envase bien cerrado en ambiente seco y fresco.","ean":"8428201320253"},{"full_name":"ARTEMIS eneldo ecológico 100% Bio frasco 11 g","name":"eneldo ecológico 100% Bio frasco 11 g","brand":"ARTEMIS ","img":"https://sgfm.elcorteingles.es/SGFM/dctm/MEDIA03/201703/06/00120950000396____1__600x600.jpg","price":"2,15 €","price_unit":"(195,45 € / Kilo)","categories":["Supermercado","Alimentación General","Especias, sazonadores y ayudas para cocinar","Hierbas sazonadoras","ARTEMIS eneldo ecológico 100% Bio frasco 11 g"],"general_information":["Denominación del alimento: Eneldo -Eco-","Nombre del operador: Herbes del Molí Coop V.","Dirección del operador: P.I. La Creueta, Avd. Constitución, 5 - 03827 Benimarfull (Alicante) ESPAÑA","Cantidad Neta: 11 g","Otras menciones obligatorias en la etiqueta: Producto procedente de la agricultura ecológica."],"ingredients":[" Eneldo"],"conservation":" Mantener el envase bien cerrado en ambiente seco y fresco.","ean":"8428201320345"},{"full_name":"EL CORTE INGLES sazonador curry tarro 46 g","name":"sazonador curry tarro 46 g","brand":"EL CORTE INGLES ","img":"https://sgfm.elcorteingles.es/SGFM/dctm/MEDIA03/201706/07/00120945104634____1__600x600.jpg","price":"0,79 €","price_unit":"(17,17 € / Kilo)","categories":["Supermercado","Alimentación General","Especias, sazonadores y ayudas para cocinar","Sazonadores","EL CORTE INGLES sazonador curry tarro 46 g"],"general_information":["Denominación del alimento: Sazonador curry","Nombre del operador: Envasado en la UE \nDistribuido para el\nGrupo El Corte Inglés\nHermosilla, 112   28009 Madrid ? España \npor CIF: A08863680","Cantidad Neta: 46 g"],"ingredients":[" Ingredientes:  Cúrcuma, semillas de cilantro, fenogreco, almidón de patata, semilla de mostaza, cebolla deshidratada, cardamomo, sal, jengibre, anís, hinojo, clavo, ajo deshidratado, especias, plantas aromáticas."],"conservation":" Conservar alejado de la luz, del calor y de la humedad","ean":"8433329069168"},{"full_name":"DUCROS curry madras frasco 45 g","name":"curry madras frasco 45 g","brand":"DUCROS ","img":"https://sgfm.elcorteingles.es/SGFM/dctm/MEDIA03/201702/27/00120945104253____1__600x600.jpg","price":"2,15 €","price_unit":"(47,78 € / Kilo)","categories":["Supermercado","Alimentación General","Especias, sazonadores y ayudas para cocinar","Sazonadores","DUCROS curry madras frasco 45 g"],"general_information":["Denominación del alimento: Sazonador curry Madrás con cilantro, mostaza y pimienta de Cayena","País de origen: Francia","Nombre del operador: McCormick España","Dirección del operador: Avda. Francesc Macià 38 P.11 - 08208 Sabadell","Cantidad Neta: 45 g"],"ingredients":[" Ingredientes: Comino tostado, grano de cilantro tostado (12%), leche de coco en polvo (extracto de coco, maltodextrina, proteínas de la leche), sal, azúcar moreno, pimienta de Cayena (8%), ajo deshidratato, jengibre, grano de mostaza (4%), pimiento rojo, cúrcuma, canela, hoja de cilantro, pimienta negra, clavo."],"conservation":" Conservar alejado de la luz, del calor y de la humedad.","ean":"3166296208098"},{"full_name":"DUCROS curry tandoori frasco 37 g","name":"curry tandoori frasco 37 g","brand":"DUCROS ","img":"https://sgfm.elcorteingles.es/SGFM/dctm/MEDIA03/201702/27/00120945104261____1__600x600.jpg","price":"2,10 €","price_unit":"(56,76 € / Kilo)","categories":["Supermercado","Alimentación General","Especias, sazonadores y ayudas para cocinar","Sazonadores","DUCROS curry tandoori frasco 37 g"],"general_information":["Denominación del alimento: Sazonador curry Tandoori con comino, ajo y jengibre","País de origen: Francia","Cantidad Neta: 37 g"],"ingredients":[" Ingredientes: Grano de cilantro, comino (14%), ajo deshidratato (11%), chile en polvo (guindilla, comino, sal, orégano, ajo), sal, jengibre (6%), cebolla deshidratada, laurel, badiana, colorante: extracto de pimentón, canela, pimienta negra, clavo, cardamomo, corrector de acidez: ácido cítrico, cúrcuma, macis, aceite de girasol."],"conservation":" Conservar alejado de la luz, del calor y de la humedad.","ean":"3166296208104"},{"full_name":"DUCROS sazonador ajo y perejil frasco 200 g","name":"sazonador ajo y perejil frasco 200 g","brand":"DUCROS ","img":"https://sgfm.elcorteingles.es/SGFM/dctm/MEDIA03/201610/19/00120945103768____1__600x600.jpg","price":"5,89 €","price_unit":"(29,45 € / Kilo)","categories":["Supermercado","Alimentación General","Especias, sazonadores y ayudas para cocinar","Sazonadores","DUCROS sazonador ajo y perejil frasco 200 g"],"general_information":["Denominación del alimento: Ajo y Perejil sazonador","País de origen: Francia","Nombre del operador: McCormick España, S.A.","Dirección del operador: Av. Francesc Maciá, 38 p.11 08208 Sabadell","Cantidad Neta: 200.000 g"],"ingredients":[" Sal, perejil ( 20%), ajo (18%), chalote, potenciador del sabor, glutamato de monosodio, pimenta negra, nuez moscada"],"ean":"8410219850730"},{"full_name":"DUCROS sazonadores del mundo India ideal para carnes blancas y verduras frasco 50 g","name":"sazonadores del mundo India ideal para carnes blancas y verduras frasco 50 g","brand":"DUCROS ","img":"https://sgfm.elcorteingles.es/SGFM/dctm/MEDIA03/201610/18/00120945102869____1__600x600.jpg","price":"1,95 €","price_unit":"(39 € / Kilo)","categories":["Supermercado","Alimentación General","Especias, sazonadores y ayudas para cocinar","Sazonadores","DUCROS sazonadores del mundo India ideal para carnes blancas y verduras frasco 50 g"],"general_information":["Denominación del alimento: sazonador a base de cúrcuma y cilantro","País de origen: Francia","Nombre del operador: McCormick España, S.A.","Dirección del operador: Av. Francesc Macià, 38 p. 11\n08208 Sadabell","Cantidad Neta: 0.050 Kilogramos"],"ingredients":[" INGREDIENTES: Cúrcuma (25%), harina de TRIGO, grano de cilantro (11,3%), comino, jenjibre, pimienta negra, semillas de MOSTAZA, cebolla deshidratada, pimienta de Jamaica, fenogreco, nuez moscada, ajo deshidratado, pimentón picante, clavo."],"conservation":" Conservar alejado de la luz,\ndel calor y de la humedad.","ean":"3166298906039"},{"full_name":"DUCROS sazonadores del mundo Italia ideal para pasta, salsas y pizza frasco 30 g","name":"sazonadores del mundo Italia ideal para pasta, salsas y pizza frasco 30 g","brand":"DUCROS ","img":"https://sgfm.elcorteingles.es/SGFM/dctm/MEDIA03/201610/18/00120945102877____1__600x600.jpg","price":"1,87 €","price_unit":"(62,33 € / Kilo)","categories":["Supermercado","Alimentación General","Especias, sazonadores y ayudas para cocinar","Sazonadores","DUCROS sazonadores del mundo Italia ideal para pasta, salsas y pizza frasco 30 g"],"general_information":["Denominación del alimento: sazonador a base de pimiento rojo, tomate y orégano","País de origen: Francia","Nombre del operador: McCormick España, S.A.","Dirección del operador: Av. Francesc Macià, 38 p. 11\n08208 Sadabell","Cantidad Neta: 0.030 Kilogramos"],"ingredients":[" INGREDIENTES: Pimientos (rojos 13,6% y verdes), tomate deshidratado (20%), ajo deshidratado, orégano (11,8%), cebolla deshidratada, mejorana, pimentón, pimienta negra, albahaca, aceite de girasol, antiaglomerante: dióxido de silicio."],"conservation":" Conservar alejado de la luz, del calor y de la humedad.","ean":"3166298906084"},{"full_name":"DUCROS sazonadores del mundo Marruecos ideal para carnes y verduras frasco 32 g","name":"sazonadores del mundo Marruecos ideal para carnes y verduras frasco 32 g","brand":"DUCROS ","img":"https://sgfm.elcorteingles.es/SGFM/dctm/MEDIA03/201610/18/00120945102885____1__600x600.jpg","price":"1,86 €","price_unit":"(58,12 € / Kilo)","categories":["Supermercado","Alimentación General","Especias, sazonadores y ayudas para cocinar","Sazonadores","DUCROS sazonadores del mundo Marruecos ideal para carnes y verduras frasco 32 g"],"general_information":["Denominación del alimento: sazonador a base de comino y cilantro","País de origen: Francia","Nombre del operador: McCormick España, S.A.","Dirección del operador: Av. Francesc Macià, 38 p. 11\n08208 Sadabell","Cantidad Neta: 0.032 Kilogramos"],"ingredients":[" INGREDIENTES: Cebolla deshidratada, comino (17,5%), pimentón, cilantro (semillas y hojas) (11%), ajo deshidratado, pimienta negra, hojas de menta dulce, perejil, canela, especias y plantas aromáticas, semillas de MOSTAZA, aceite de girasol, antiaglomerante: dióxido de silicio."],"conservation":" Conservar alejado de la luz, del calor y de la humedad.","ean":"3166298906046"},{"full_name":"DUCROS sazonadores del mundo México idela para carnes y verduras frasco 40 g","name":"sazonadores del mundo México idela para carnes y verduras frasco 40 g","brand":"DUCROS ","img":"https://sgfm.elcorteingles.es/SGFM/dctm/MEDIA03/201610/18/00120945102893____1__600x600.jpg","price":"1,86 €","price_unit":"(46,50 € / Kilo)","categories":["Supermercado","Alimentación General","Especias, sazonadores y ayudas para cocinar","Sazonadores","DUCROS sazonadores del mundo México idela para carnes y verduras frasco 40 g"],"general_information":["Denominación del alimento: sazonador a base de pimentón y comino","País de origen: Francia","Nombre del operador: McCormick España, S.A.","Dirección del operador: Av. Francesc Macià, 38 p. 11\n08208 Sadabell","Cantidad Neta: 0.040 Kilogramos"],"ingredients":[" INGREDIENTES: Pimiento rojo, cebolla deshidratada, pimentón dulce (16,7%), grano de cilantro, SEMILLAS DE SESAMO, comino (,8%), orégano, perejil, guindilla."],"conservation":" Conservar alejado de la luz, del calor y de la humedad.","ean":"3166298906053"},{"full_name":"DUCROS sazonadores del mundo Oriental ideal apra carnes y verduras frasco 32 g","name":"sazonadores del mundo Oriental ideal apra carnes y verduras frasco 32 g","brand":"DUCROS ","img":"https://sgfm.elcorteingles.es/SGFM/dctm/MEDIA03/201610/18/00120945102901____1__600x600.jpg","price":"1,95 €","price_unit":"(60,94 € / Kilo)","categories":["Supermercado","Alimentación General","Especias, sazonadores y ayudas para cocinar","Sazonadores","DUCROS sazonadores del mundo Oriental ideal apra carnes y verduras frasco 32 g"],"general_information":["Denominación del alimento: sazonador a base de comino y perejil","País de origen: Francia","Nombre del operador: McCormick España, S.A.","Dirección del operador: Av. Francesc Macià, 38 p. 11\n08208 Sadabell","Cantidad Neta: 0.032 Kilogramos"],"ingredients":[" INGREDIENTES: Cebolla deshidratada, ajo deshidratado, comino (11%), perejil (9%), pimentón, chalote deshidratado, pimiento rojo, zanahoria, plantas aromáticas (ajedrea, romero, orégano, mejorana, albahaca, tomillo), tomate en polvo, aceite de girasol, pimienta negra, jengibre, antiaglomerante: dióxido de silicio."],"conservation":" Conservar alejado de la luz, del calor y de la humedad.","ean":"3166298906060"},{"full_name":"DUCROS sazonador de cebolla para hamburguesas sobre 24 g","name":"sazonador de cebolla para hamburguesas sobre 24 g","brand":"DUCROS ","img":"https://sgfm.elcorteingles.es/SGFM/dctm/MEDIA03/201610/18/00120945104204____6__600x600.jpg","price":"0,96 €","price_unit":"(40 € / Kilo)","categories":["Supermercado","Alimentación General","Especias, sazonadores y ayudas para cocinar","Sazonadores","DUCROS sazonador de cebolla para hamburguesas sobre 24 g"],"general_information":["Denominación del alimento: Sazonador para hamburguesa con cebolla, pimentón y ajo. Espolvorear la carne o añadir a la salsa.","País de origen: Francia","Nombre del operador: McCormick España, S.A","Dirección del operador: Av. Francesc Macia, 38 p.11 08208 Sabadell. Encuentre más deliciosas ideas en www.ducros.es","Cantidad Neta: 24 g"],"ingredients":[" Ingredientes: Cebolla deshidratada (36%), pimentón (17%), ajo deshidratado (12%), sal, aroma natural de cebolla asada, mostaza en polvo (mostaza blanca, vinagre de alcohol, sal, azúcar), azúcar, pimienta negra, orégano, aceite de colza, perejil, antiaglomerante: dióxido de silicio."],"conservation":" Conservar alejado de la luz, del calor y de la humedad.N/A","ean":"3166296207763"},{"full_name":"DUCROS sazonador ahumado para hamburguesas sobre 28 g","name":"sazonador ahumado para hamburguesas sobre 28 g","brand":"DUCROS ","img":"https://sgfm.elcorteingles.es/SGFM/dctm/MEDIA03/201610/18/00120945104220____6__600x600.jpg","price":"0,99 €","price_unit":"(35,36 € / Kilo)","categories":["Supermercado","Alimentación General","Especias, sazonadores y ayudas para cocinar","Sazonadores","DUCROS sazonador ahumado para hamburguesas sobre 28 g"],"general_information":["Denominación del alimento: Sazonador para hamburguesas con tomate, pimentón ahumado y ajo. Espolvorear la carne o anadir a la salsa.","País de origen: Francia","Nombre del operador: McCormick España, S.A.","Dirección del operador: Av.Francesc Macià, 38 p.11 08208 Sabadell. Encuentre más deliciosas ideas en www.ducros.es","Cantidad Neta: 18 g"],"ingredients":[" Ingredientes: Sal, azúcar, maltodextrina, tomate en polvo (8%), almidón modificado, pimentón ahumado (6%), ajo en polvo (4%), cebolla molida, pimienta de Cayena, perejil, aroma, maltodextrina ahumada, pimienta negra, aroma de humo, antiaglomerante: dióxido de silicio, sal ahumada, colorante: extracto de pimentón."],"conservation":" Conservar alejado de la luz, del calor y de la humedad.N/A","ean":"3166296207770"},{"full_name":"DUCROS sazonador paella marinera con azafrán caja 3 unidades","name":"sazonador paella marinera con azafrán caja 3 unidades","brand":"DUCROS ","img":"https://sgfm.elcorteingles.es/SGFM/dctm/MEDIA03/201610/18/00120945101424____1__600x600.jpg","price":"2,15 €","categories":["Supermercado","Alimentación General","Especias, sazonadores y ayudas para cocinar","Sazonadores","DUCROS sazonador paella marinera con azafrán caja 3 unidades"],"general_information":["Denominación del alimento: sazonador a base de pimentón, corteza de limón y azafrán","País de origen: Alemania","Nombre del operador: McCormick España, S.A.","Dirección del operador: Av. Francesc Macià, 38 p. 11\n08208 Sadabell","Cantidad Neta: 9.000 g"],"ingredients":[" INGREDIENTES: Cúrcuma, pimentón (15,5%), ajo, hinojo, corteza de limón (2%), azafrán (0,5%), clavo, pimienta blanca."],"conservation":" Conservar alejado de la luz, del calor y de la humedad","ean":"3166298429804"},{"full_name":"DUCROS sazonador paella valenciana con azafrán caja 3 sobres","name":"sazonador paella valenciana con azafrán caja 3 sobres","brand":"DUCROS ","img":"https://sgfm.elcorteingles.es/SGFM/dctm/MEDIA03/201610/18/00120945101515____1__600x600.jpg","price":"2,35 €","categories":["Supermercado","Alimentación General","Especias, sazonadores y ayudas para cocinar","Sazonadores","DUCROS sazonador paella valenciana con azafrán caja 3 sobres"],"general_information":["Denominación del alimento: sazonador a base de pimentón, laurel y azafrán","País de origen: Alemania","Nombre del operador: McCormick España, S.A.","Dirección del operador: Av. Francesc Macià, 38 p. 11\n08208 Sadabell","Cantidad Neta: 9.000 g"],"ingredients":[" INGREDIENTES: Cúrcuma, pimentón (15,5%), ajo, laurel (3%), pimienta de Jamaica, grano de cilantro, azafrán (1%), clavo, pimienta blanca."],"conservation":" Conservar alejado de la luz, del calor y de la humedad","ean":"3166298429705"},{"full_name":"DUCROS sazonador de ajo y perejil frasco 43 g","name":"sazonador de ajo y perejil frasco 43 g","brand":"DUCROS ","img":"https://sgfm.elcorteingles.es/SGFM/dctm/MEDIA03/201610/18/00120945101598____1__600x600.jpg","price":"1,50 €            ","price_unit":"(33,49 € / Kilo)","categories":["Supermercado","Alimentación General","Especias, sazonadores y ayudas para cocinar","Sazonadores","DUCROS sazonador de ajo y perejil frasco 43 g"],"general_information":["Denominación del alimento: sazonador con sal y especias","País de origen: Alemania","Nombre del operador: McCormick España, S.A.","Dirección del operador: Av. Francesc Macià, 38 p. 11 08208 Sadabell","Cantidad Neta: 0.043 Kilogramos"],"ingredients":[" INGREDIENTES: Sal, perejil (20%), ajo (18%), chalote, potenciador del sabor: glutamato monosódico, pimienta negra, nuez moscada."],"conservation":"Modo de empleo: Cantidad: Dosifique a voluntad.","ean":"3166298467400"},{"full_name":"DUCROS perejil frasco 33 g","name":"perejil frasco 33 g","brand":"DUCROS ","img":"https://sgfm.elcorteingles.es/SGFM/dctm/MEDIA03/201610/18/00120945103578____1__600x600.jpg","price":"4,37 €","price_unit":"(132,42 € / Kilo)","categories":["Supermercado","Alimentación General","Especias, sazonadores y ayudas para cocinar","Sazonadores","DUCROS perejil frasco 33 g"],"general_information":["Denominación del alimento: perejil","País de origen: Alemania","Nombre del operador: McCormick España, S.A.","Dirección del operador: Av. Francesc Macià, 38 p. 11\n08208 Sadabell","Cantidad Neta: 30.000 g"],"ingredients":[" INGREDIENTE: Perejil."],"conservation":" Conservar alejado de la luz, del calor y de la humedad.","ean":"3166291010801"},{"full_name":"DUCROS sazonador para chili mexicano sobre 20 g","name":"sazonador para chili mexicano sobre 20 g","brand":"DUCROS ","img":"https://sgfm.elcorteingles.es/SGFM/dctm/MEDIA03/201610/19/00120945102208____1__600x600.jpg","price":"1,75 €","price_unit":"(87,50 € / Kilo)","categories":["Supermercado","Alimentación General","Especias, sazonadores y ayudas para cocinar","Sazonadores","DUCROS sazonador para chili mexicano sobre 20 g"],"general_information":["Denominación del alimento: sazonador para chili mexicano a base de cilantro, comino y pimienta de cayena","País de origen: Alemania","Nombre del operador: McCormick España, S.A.","Dirección del operador: Av. Francesc Macià, 38 p. 11\n08208 Sadabell","Cantidad Neta: 0.020 Kilogramos","Otras menciones obligatorias en la etiqueta: SIN ACEITES HIDROGENADOS SIN CONSERVANTES SIN COLORANTES ARTIFICIALES"],"ingredients":[" INGREDIENTES: Pimentón, pimiento rojo, cebolla deshidratada, semillas de cilantro (10%), comino (10%), SEMILLAS DE SESAMO, orégano, pimienta de Cayena (3%), perejil."],"conservation":" Conservar alejado de la luz, del calor y de la humedad","ean":"8410219850747"},{"full_name":"DUCROS curry frasco 46 g","name":"curry frasco 46 g","brand":"DUCROS ","img":"https://sgfm.elcorteingles.es/SGFM/dctm/MEDIA03/201610/03/00120945101119____1__600x600.jpg","price":"1,75 €","price_unit":"(38,04 € / Kilo)","categories":["Supermercado","Alimentación General","Especias, sazonadores y ayudas para cocinar","Sazonadores","DUCROS curry frasco 46 g"],"general_information":["Denominación del alimento: Sazonador Curry","País de origen: Alemania","Nombre del operador: McCormick España, S.A.","Dirección del operador: Av. Francesc Macià, 38 p. 1108208 Sadabell","Cantidad Neta: 42.000 g"],"ingredients":[" Cúrcuma, semillas de cilantro (10%), fenogreco (8,5%), almidón de patata, semilla de mostaza, cebolla deshidratada, cardamomo (4%), sal, jengibre, anís, hinojo, clavo, ajo deshidratado, especias, plantas aromáticas."],"ean":"3166290200401"},{"full_name":"DUCROS SELECCION curry tradición india frasco 53 g","name":"SELECCION curry tradición india frasco 53 g","brand":"DUCROS ","img":"https://sgfm.elcorteingles.es/SGFM/dctm/MEDIA03/201610/18/00120945104113____2__600x600.jpg","price":"3,11 €","price_unit":"(58,68 € / Kilo)","categories":["Supermercado","Alimentación General","Especias, sazonadores y ayudas para cocinar","Sazonadores","DUCROS SELECCION curry tradición india frasco 53 g"],"general_information":["Denominación del alimento: Curry tradición India","País de origen: España","Nombre del operador: McCormick España, S.A.","Dirección del operador: Av.Francesc Maciá, 38 P.11 08208 Sabadell","Cantidad Neta: 53 g"],"ingredients":[" Semilla de cilantro, ajo deshidratado, cúrcuma, comino, jengibre, semilla de mostaza, pimenta de cayena, fenogreco, sal, macis, cebolla deshidratada, hinojo, pimenta de Jamaica, laurel, clavo"],"ean":"3166296203314"},{"full_name":"MAGGI Jugoso al horno pollo a las hierbas provenzales sobre 34 g","name":"Jugoso al horno pollo a las hierbas provenzales sobre 34 g","brand":"MAGGI ","img":"https://sgfm.elcorteingles.es/SGFM/dctm/MEDIA02/CONTENIDOS/201602/01/00118001400136____1__600x600.jpg","price":"0,90 €","price_unit":"(26,47 € / Kilo)","categories":["Supermercado","Alimentación General","Especias, sazonadores y ayudas para cocinar","Ayudas para cocinar","MAGGI Jugoso al horno pollo a las hierbas provenzales sobre 34 g"],"general_information":["Denominación del alimento: Condimento sazonador deshidratado para preparar pollo asado.","Nombre del operador: Nestlé España, S.A.","Dirección del operador: NESTLÉ ESPAÑA, S.A. Edificio Nestlé ? 08950 ? Esplugues de Llobregat (Barcelona)","Cantidad Neta: 34 g","Otras menciones obligatorias en la etiqueta: Por porción: Si una porción es ¼ del producto preparado (250 g) **. ** Considerando muslos de pollo sin piel."],"ingredients":[" Hortalizas deshidratadas (ajo, cebolla, tomate, chirivía), especias y plantas aromáticas [pimentón dulce, cilantro (2,06 %), orégano, mejorana, albahaca (1,8%), tomillo (1,7%), jengibre, pimienta negra, cúrcuma, guindilla, romero (0,08%)], almidón de maíz, puré de patata en copos (patata, sal, aroma), sal yodada, azúcar, aceite de girasol, perejil. Puede contener gluten, leche, huevo, soja, apio y pescado."],"conservation":" Conservar en lugar fresco y seco","ean":"7613032539986"},{"full_name":"DUCROS MIS RECETAS sazonador de callos frasco 56 g","name":"sazonador de callos frasco 56 g","brand":"DUCROS MIS RECETAS ","img":"https://sgfm.elcorteingles.es/SGFM/dctm/MEDIA03/201610/18/00120945103412____1__600x600.jpg","price":"1,95 €","price_unit":"(34,82 € / Kilo)","categories":["Supermercado","Alimentación General","Especias, sazonadores y ayudas para cocinar","Sazonadores","DUCROS MIS RECETAS sazonador de callos frasco 56 g"],"general_information":["Denominación del alimento: sazonador a base de pimentón y cebolla","País de origen: Francia","Nombre del operador: McCormick España, S.A.","Dirección del operador: Av. Francesc Macià, 38 p. 11\n08208 Sadabell","Cantidad Neta: 0.056 Kilogramos"],"ingredients":[" INGREDIENTES: Sal, pimentón (32%), cebolla deshidratada (10%), aromas, pimienta negra, perejil, pimienta de Cayena, antiaglomerante: dióxido de silicio."],"conservation":" Conservar alejado de la luz, del calor y de la humedad.","ean":"3166291746410"},{"full_name":"DUCROS MIS RECETAS sazonador de pollo al horno frasco 73 g","name":"sazonador de pollo al horno frasco 73 g","brand":"DUCROS MIS RECETAS ","img":"https://sgfm.elcorteingles.es/SGFM/dctm/MEDIA03/201706/22/00120945104584____1__600x600.jpg","price":"2,69 €","price_unit":"(36,85 € / Kilo)","categories":["Supermercado","Alimentación General","Especias, sazonadores y ayudas para cocinar","Sazonadores","DUCROS MIS RECETAS sazonador de pollo al horno frasco 73 g"],"general_information":[],"ingredients":[],"ean":"3166296209422"},{"full_name":"DUCROS MIS RECETAS sazonador para pollo frasco 75 g","name":"sazonador para pollo frasco 75 g","brand":"DUCROS MIS RECETAS ","img":"https://sgfm.elcorteingles.es/SGFM/dctm/MEDIA03/201610/18/00120945103487____1__600x600.jpg","price":"1,95 €","price_unit":"(26 € / Kilo)","categories":["Supermercado","Alimentación General","Especias, sazonadores y ayudas para cocinar","Sazonadores","DUCROS MIS RECETAS sazonador para pollo frasco 75 g"],"general_information":["Denominación del alimento: sazonador a base de pimentón dulce y cebolla","País de origen: Francia","Nombre del operador: McCormick España, S.A.","Dirección del operador: Av. Francesc Macià, 38 p. 11\n08208 Sadabell","Cantidad Neta: 0.075 Kilogramos"],"ingredients":[" INGREDIENTES: Sal, pimentón dulce (6%), dextrosa, pimienta negra, cebolla deshidratada (2,8%), cúrcuma, hinojo, potenciador del sabor: E621, especias, grano de cilantro, jengibre, nuez moscada, almidón de patata, antiaglomerante: E551, semillas de MOSTAZA, APIO, plantas aromáticas."],"conservation":" Conservar alejado de la luz, del calor y de la humedad.","ean":"3166291746472"},{"full_name":"DUCROS MIS RECETAS sazonador de barbacoa frasco 44 g","name":"sazonador de barbacoa frasco 44 g","brand":"DUCROS MIS RECETAS ","img":"https://sgfm.elcorteingles.es/SGFM/dctm/MEDIA03/201706/22/00120945104576____1__600x600.jpg","price":"2,69 €","price_unit":"(61,14 € / Kilo)","categories":["Supermercado","Alimentación General","Especias, sazonadores y ayudas para cocinar","Sazonadores","DUCROS MIS RECETAS sazonador de barbacoa frasco 44 g"],"general_information":[],"ingredients":[],"ean":"3166296209453"},{"full_name":"DUCROS MIS RECETAS sazonador para pinchos frasco 70 g","name":"sazonador para pinchos frasco 70 g","brand":"DUCROS MIS RECETAS ","img":"https://sgfm.elcorteingles.es/SGFM/dctm/MEDIA03/201610/18/00120945103461____1__600x600.jpg","price":"1,95 €","price_unit":"(27,86 € / Kilo)","categories":["Supermercado","Alimentación General","Especias, sazonadores y ayudas para cocinar","Sazonadores","DUCROS MIS RECETAS sazonador para pinchos frasco 70 g"],"general_information":["Denominación del alimento: sazonador a base de pimentón, pimienta negra y grano de cilantro","País de origen: Francia","Nombre del operador: McCormick España, S.A.","Dirección del operador: Av. Francesc Macià, 38 p. 11\n08208 Sadabell","Cantidad Neta: 0.070 Kilogramos"],"ingredients":[" INGREDIENTES: Sal, pimentón (4,1%), chili deshidratado, cebolla deshidratada, pimienta negra (3%), antiaglomerante: estearato de calcio, ajo en polvo, semillas de APIO, nuez moscada, grano de cilantro (0,25%), colorante: extracto de pimentón, pimienta de Cayena."],"conservation":" Conservar alejado de la luz, del calor y de la humedad.","ean":"3166291746458"},{"full_name":"DUCROS MIS RECETAS sazonador para carnes frasco 17 g","name":"sazonador para carnes frasco 17 g","brand":"DUCROS MIS RECETAS ","img":"https://sgfm.elcorteingles.es/SGFM/dctm/MEDIA03/201610/18/00120945103420____1__600x600.jpg","price":"1,95 €","price_unit":"(114,71 € / Kilo)","categories":["Supermercado","Alimentación General","Especias, sazonadores y ayudas para cocinar","Sazonadores","DUCROS MIS RECETAS sazonador para carnes frasco 17 g"],"general_information":["Denominación del alimento: sazonador a base de ajedrea, salvia y cebolla","País de origen: Francia","Nombre del operador: McCormick España, S.A.","Dirección del operador: Av. Francesc Macià, 38 p. 11\n08208 Sadabell","Cantidad Neta: 0.017 Kilogramos"],"ingredients":[" INGREDIENTES: Ajedrea (25,8%), mejorana, albahaca, salvia (11,7%), cebolla deshidratada (6,7%), laurel, romero."],"conservation":" Conservar alejado de la luz, del calor y de la humedad.","ean":"3166291746427"},{"full_name":"DUCROS MIS RECETAS sazonador para ensaladas frasco 18 g","name":"sazonador para ensaladas frasco 18 g","brand":"DUCROS MIS RECETAS ","img":"https://sgfm.elcorteingles.es/SGFM/dctm/MEDIA03/201610/18/00120945103438____1__600x600.jpg","price":"1,95 €","price_unit":"(108,33 € / Kilo)","categories":["Supermercado","Alimentación General","Especias, sazonadores y ayudas para cocinar","Sazonadores","DUCROS MIS RECETAS sazonador para ensaladas frasco 18 g"],"general_information":["Denominación del alimento: mezcla a base de cebolleta, estragón y ajo","País de origen: Francia","Nombre del operador: McCormick España, S.A.","Dirección del operador: Av. Francesc Macià, 38 p. 11\n08208 Sadabell","Cantidad Neta: 0.018 Kilogramos"],"ingredients":[" INGREDIENTES: Cebolleta (38,5%), semillas de MOSTAZA, perejil, estragón (11%), ajo deshidratado (4%), chalote deshidratado."],"conservation":" Conservar alejado de la luz, del calor y de la humedad.","ean":"3166291746489"},{"full_name":"DUCROS MIS RECETAS sazonador para pizzas frasco 12 g","name":"sazonador para pizzas frasco 12 g","brand":"DUCROS MIS RECETAS ","img":"https://sgfm.elcorteingles.es/SGFM/dctm/MEDIA03/201610/18/00120945103479____1__600x600.jpg","price":"1,95 €","price_unit":"(162,50 € / Kilo)","categories":["Supermercado","Alimentación General","Especias, sazonadores y ayudas para cocinar","Sazonadores","DUCROS MIS RECETAS sazonador para pizzas frasco 12 g"],"general_information":["Denominación del alimento: sazonador a base de orégano, albahaca y pimiento rojo","País de origen: Francia","Nombre del operador: McCormick España, S.A.","Dirección del operador: Av. Francesc Macià, 38 p. 11\n08208 Sadabell","Cantidad Neta: 0.012 Kilogramos"],"ingredients":[" INGREDIENTES: Hierbas y especias 84% (orégano (58%), albahaca (15,9%), cebolla, cebolleta), sal, pimiento rojo (6,9%)."],"conservation":" Conservar alejado de la luz, del calor y de la humedad.","ean":"3166291746465"},{"full_name":"DUCROS MIS RECETAS sazonador 5 especias frasco 40 g","name":"sazonador 5 especias frasco 40 g","brand":"DUCROS MIS RECETAS ","img":"https://sgfm.elcorteingles.es/SGFM/dctm/MEDIA03/201706/22/00120945104592____1__600x600.jpg","price":"2,69 €","price_unit":"(67,25 € / Kilo)","categories":["Supermercado","Alimentación General","Especias, sazonadores y ayudas para cocinar","Sazonadores","DUCROS MIS RECETAS sazonador 5 especias frasco 40 g"],"general_information":[],"ingredients":[],"ean":"3166296209446"},{"full_name":"DUCROS MIS RECETAS sazonador para espaguetis frasco 32 g","name":"sazonador para espaguetis frasco 32 g","brand":"DUCROS MIS RECETAS ","img":"https://sgfm.elcorteingles.es/SGFM/dctm/MEDIA03/201610/18/00120945103446____1__600x600.jpg","price":"1,95 €","price_unit":"(60,94 € / Kilo)","categories":["Supermercado","Alimentación General","Especias, sazonadores y ayudas para cocinar","Sazonadores","DUCROS MIS RECETAS sazonador para espaguetis frasco 32 g"],"general_information":["Denominación del alimento: sazonador a base de pimentón, albahaca y tomate","País de origen: Francia","Nombre del operador: McCormick España, S.A.","Dirección del operador: Av. Francesc Macià, 38 p. 11\n08208 Sadabell","Cantidad Neta: 0.032 Kilogramos"],"ingredients":[" INGREDIENTES: Pimentón (26,2%), albahaca (18,4%), chalote, copos de tomate (7,7%) (tomate, almidón de maiz), sal, dextrosa, extracto de levadura, orégano, jengibre, potenciador del sabor: glutamato monosódico, ajo deshidratado, antiaglomerante: E551, guindilla fuerte."],"conservation":" Conservar alejado de la luz, del calor y de la humedad.","ean":"3166291746434"},{"full_name":"DUCROS MIS RECETAS sazonador para pescado frasco 40 g","name":"sazonador para pescado frasco 40 g","brand":"DUCROS MIS RECETAS ","img":"https://sgfm.elcorteingles.es/SGFM/dctm/MEDIA03/201610/18/00120945103453____1__600x600.jpg","price":"1,95 €","price_unit":"(48,75 € / Kilo)","categories":["Supermercado","Alimentación General","Especias, sazonadores y ayudas para cocinar","Sazonadores","DUCROS MIS RECETAS sazonador para pescado frasco 40 g"],"general_information":["Denominación del alimento: sazonador a base de ajo, perejil y pimienta negra","País de origen: Francia","Nombre del operador: McCormick España, S.A.","Dirección del operador: Av. Francesc Macià, 38 p. 11\n08208 Sadabell","Cantidad Neta: 0.040 Kilogramos"],"ingredients":[" INGREDIENTES: Sal, grasa en polvo (aceite de palma, LACTOSA (procedente de LECHE), proteína de LECHE), ajo deshidratado (12%), cebolla deshidratada, perejil (10%), crema en polvo (procedente de LECHE), aromas (contiene CEBADA, LECHE, SOJA, TRIGO), azúcar, orégano, pimienta negra (2%), aceite de girasol, antiaglomerante: dióxido de silicio, colorante: betacaroteno, aceite de ajo."],"conservation":" Conservar alejado de la luz, del calor y de la humedad.","ean":"3166291746441"},{"full_name":"DUCROS MIS RECETAS sazonador cuscus frasco 42 g","name":"sazonador cuscus frasco 42 g","brand":"DUCROS MIS RECETAS ","img":"https://sgfm.elcorteingles.es/SGFM/dctm/MEDIA03/201706/22/00120945104600____1__600x600.jpg","price":"2,99 €","price_unit":"(71,19 € / Kilo)","categories":["Supermercado","Alimentación General","Especias, sazonadores y ayudas para cocinar","Sazonadores","DUCROS MIS RECETAS sazonador cuscus frasco 42 g"],"general_information":[],"ingredients":[],"ean":"3166296209439"},{"full_name":"DUCROS MIS RECETAS sazonador para fajitas frasco 46 g","name":"sazonador para fajitas frasco 46 g","brand":"DUCROS MIS RECETAS ","img":"https://sgfm.elcorteingles.es/SGFM/dctm/MEDIA03/201706/22/00120945104618____1__600x600.jpg","price":"2,69 €","price_unit":"(58,48 € / Kilo)","categories":["Supermercado","Alimentación General","Especias, sazonadores y ayudas para cocinar","Sazonadores","DUCROS MIS RECETAS sazonador para fajitas frasco 46 g"],"general_information":[],"ingredients":[],"ean":"3166296209460"},{"full_name":"DUCROS MIS RECETAS sazonador para curry indio sobre 30 g","name":"sazonador para curry indio sobre 30 g","brand":"DUCROS MIS RECETAS ","img":"https://sgfm.elcorteingles.es/SGFM/dctm/MEDIA03/201610/19/00120945103024____1__600x600.jpg","price":"1,75 €","price_unit":"(58,33 € / Kilo)","categories":["Supermercado","Alimentación General","Especias, sazonadores y ayudas para cocinar","Sazonadores","DUCROS MIS RECETAS sazonador para curry indio sobre 30 g"],"general_information":["Denominación del alimento: sazonador para curry indio a base de ajo, jengibre y cúrcuma","País de origen: Alemania","Nombre del operador: McCormick España, S.A.","Dirección del operador: Av. Francesc Macià, 38 p. 11\n08208 Sadabell","Cantidad Neta: 0.030 Kilogramos"],"ingredients":[" INGREDIENTES: Semillas de cilantro, comino, fenogreco, semillas de MOSTAZA, ajo deshidratado (7,5%), jenjibre (7%), sal, cùrcuma (4,5%), laurel, pimienta de Cayenna, pimienta negra, canela, moscada, clavo."],"conservation":" Conservar alejado de la luz, del calor y de la humedad","ean":"8410219850754"},{"full_name":"KNORR rebozado para pollo sobre 100 g","name":"rebozado para pollo sobre 100 g","brand":"KNORR ","img":"https://sgfm.elcorteingles.es/SGFM/00/26/8/0118001400268/0118001400268000g01011.jpg","price":"0,88 €","price_unit":"(8,80 € / Kilo)","categories":["Supermercado","Alimentación General","Especias, sazonadores y ayudas para cocinar","Ayudas para cocinar","KNORR rebozado para pollo sobre 100 g"],"general_information":["Denominación del alimento: Preparado deshidratado para rebozar","País de origen: Alemania","Nombre del operador: Unilever","Dirección del operador: Unilever Espana, S.A.C/ Tecnologia, 1908840 ViladecansBarcelonawww.knorr.esServicio de atención al consumidor:900 812 511\"","Cantidad Neta: 100 g","Número de raciones por envase: 4"],"ingredients":[" Ingredientes: Pan rallado (77%) (harina de TRIGO, sal, levadura, pimentón), harina de arroz, clara de HUEVO (5%), grasa de palma, sal, aromas (contiene HUEVO), yema de HUEVO (1,5%), sal marina yodada, proteína de maíz hidrolizada, almidón de patata, azúcar, extracto de levadura. Puede contener leche."],"conservation":" Conservar en un lugar fresco y seco.","ean":"8712566366378"},{"full_name":"AVECREM sazonador ajo y perejil granulado envase 100 g neto escurrido","name":"sazonador ajo y perejil granulado envase 100 g neto escurrido","brand":"AVECREM ","img":"https://sgfm.elcorteingles.es/SGFM/00/46/3/0118000100463/0118000100463000g01011.jpg","price":"1,60 €","price_unit":"(16 € / Kilo)","categories":["Supermercado","Alimentación General","Especias, sazonadores y ayudas para cocinar","Sazonadores","AVECREM sazonador ajo y perejil granulado envase 100 g neto escurrido"],"general_information":["Denominación del alimento: Sazonador ajo y perejil deshidratado","Nombre del operador: Gallina Blanca, S.A.","Dirección del operador: Plaza Europa 41, 08908 - Hospitalet de Llobregat (Barcelona)","Cantidad Neta: 100 g","Número de raciones por envase: 50"],"ingredients":[" Sal, ajo 34%, potenciador del sabor (glutamato monosódico), aromas (con leche, trigo), perejil 6%, maltodextrina, aceite de girasol, puerro, especias, acidulante (ácido cítrico). Puede contener trazas de  huevo, soja, apio, pescado, crustáceos."],"conservation":" Conservar bien cerrado en lugar fresco y seco.","ean":"8410300320944"},{"full_name":"GALLINA BLANCA ternera con salsa verde sartén sobre 50 g","name":"ternera con salsa verde sartén sobre 50 g","brand":"GALLINA BLANCA ","img":"https://sgfm.elcorteingles.es/SGFM/00/10/2/0118001400102/0118001400102000g01011.jpg","price":"1,25 €","price_unit":"(25 € / Kilo)","categories":["Supermercado","Alimentación General","Especias, sazonadores y ayudas para cocinar","Ayudas para cocinar","GALLINA BLANCA ternera con salsa verde sartén sobre 50 g"],"general_information":["Denominación del alimento: Salsa deshidratada pimienta verde","Nombre del operador: Gallina Blanca, S.A.","Dirección del operador: Plaza Europa 41, 08908 - Hospitalet de Llobregat (Barcelona)","Cantidad Neta: 50 g","Número de raciones por envase: 4"],"ingredients":[" Grasa vegetal de palma, maltodextrina, almidón modificado de patata, harina de trigo, aromas (con soja), sal, yema de huevo, dextrosa, lactosa, nata, extracto de levadura, pimienta verde (1,7 %), proteinas de la  leche, extracto de proteínas vegetales, almidón de trigo, aceite de oliva. Puede contener trazas de apio, pescado y crustáceos."],"conservation":" Conservar en lugar fresco y seco.","ean":"8410300102489"},{"full_name":"GALLINA BLANCA ternera con salsa roquefort sartén sobre 23 g","name":"ternera con salsa roquefort sartén sobre 23 g","brand":"GALLINA BLANCA ","img":"https://sgfm.elcorteingles.es/SGFM/00/11/0/0118001400110/0118001400110000g01011.jpg","price":"1,20 €","price_unit":"(52,17 € / Kilo)","categories":["Supermercado","Alimentación General","Especias, sazonadores y ayudas para cocinar","Ayudas para cocinar","GALLINA BLANCA ternera con salsa roquefort sartén sobre 23 g"],"general_information":["Denominación del alimento: Salsa deshidratada Roquefort","Nombre del operador: Gallina Blanca, S.A.","Dirección del operador: Plaza Europa 41, 08908 - Hospitalet de Llobregat (Barcelona)","Cantidad Neta: 23 g","Número de raciones por envase: 4"],"ingredients":[" Quesos 48 % (37 % roquefort, 11 % queso azul), almidón modificado de patata, maltodextrina, sal, aromas (con trigo), espesante (goma xantana), aceite de oliva, extracto de levadura, espinacas, lactosa. Puede contener trazas de huevo, apio, soja, pescado y crustáceos."],"conservation":" Conservar en lugar fresco y seco.","ean":"8410300102427"},{"full_name":"KNORR alitas barbacoa sobre 52 g","name":"alitas barbacoa sobre 52 g","brand":"KNORR ","img":"https://sgfm.elcorteingles.es/SGFM/00/22/7/0118001400227/0118001400227000g01011.jpg","price":"0,90 €","price_unit":"(17,31 € / Kilo)","categories":["Supermercado","Alimentación General","Especias, sazonadores y ayudas para cocinar","Ayudas para cocinar","KNORR alitas barbacoa sobre 52 g"],"general_information":["Denominación del alimento: Preparado deshidratado para aderezar pollo al horno con salsa barbacoa","Nombre del operador: Unilever España S.A.","Dirección del operador: C/Tecnología 19, 08840 Viladecans (Barcelona)","Cantidad Neta: 52 g"],"ingredients":[" Azúcar, hortalizas (18%) (tomate1, cebolla), especias (10%) (pimentón, ajo, semillas de mostaza, pimienta de cayena, pimienta, comino, cilantro), sal, almidón de maíz, grasa de palma, vinagre de malta de cebada, aroma de humo. Puede contener leche, huevo, apio. 1 Tomates cultivados de forma sostenible"],"conservation":" Mantener El Bote Bien Cerrado. Conservar En Lugar Fresco Y Seco.","ean":"8712566365340"},{"full_name":"CARMENCITA arroz abanda sobre 19 g","name":"arroz abanda sobre 19 g","brand":"CARMENCITA ","img":"https://sgfm.elcorteingles.es/SGFM/00/39/1/0118001400391/0118001400391000g01011.jpg","price":"2,20 €","price_unit":"(115,79 € / Kilo)","categories":["Supermercado","Alimentación General","Especias, sazonadores y ayudas para cocinar","Ayudas para cocinar","CARMENCITA arroz abanda sobre 19 g"],"general_information":["Denominación del alimento: Preparado para hacer arroz abanda-100% natural","País de origen: España","Nombre del operador: JESÚS NAVARRO, S.A.","Dirección del operador: C/ISAAC PERAL, 46 03660 NOVELDA (ALICANTE)","Cantidad Neta: 45 g"],"ingredients":[" Extracto de pescado y marisco (contiene crustáceos) (30%), sal, especias (pimentón, ajo, cúrcuma y azafrán 0,15%), tomate deshidratado y extracto de levadura"],"conservation":" Conservar en lugar fresco y seco.","ean":"8413700157875"},{"full_name":"CARMENCITA fideuá sobre 19 g","name":"fideuá sobre 19 g","brand":"CARMENCITA ","img":"https://sgfm.elcorteingles.es/SGFM/00/40/9/0118001400409/0118001400409000g01011.jpg","price":"2,30 €","price_unit":"(121,05 € / Kilo)","categories":["Supermercado","Alimentación General","Especias, sazonadores y ayudas para cocinar","Ayudas para cocinar","CARMENCITA fideuá sobre 19 g"],"general_information":["Denominación del alimento: Preparado para hacer fideuá-100% natural","País de origen: España","Nombre del operador: JESÚS NAVARRO, S.A.","Dirección del operador: C/ISAAC PERAL, 46 03660 NOVELDA (ALICANTE)","Cantidad Neta: 45 g"],"ingredients":[" Extracto de pescado y marisco (contiene crustáceos) (30%), sal, especias (pimentón, ajo, cúrcuma y azafrán 0,15%), tomate deshidratado y extracto de levadura"],"conservation":" Conservar en lugar fresco y seco.","ean":"8413700161872"},{"full_name":"TOQUE molinillo sazonador thai envase 38 g","name":"molinillo sazonador thai envase 38 g","brand":"TOQUE ","img":"https://sgfm.elcorteingles.es/SGFM/02/09/1/0120945102091/0120945102091000g01011.jpg","price":"3,07 €","price_unit":"(80,79 € / Kilo)","categories":["Supermercado","Alimentación General","Especias, sazonadores y ayudas para cocinar","Sazonadores","TOQUE molinillo sazonador thai envase 38 g"],"general_information":["Denominación del alimento: Molinillo Thai","Nombre del operador: Verdu Canto SaffronSpain S.L","Dirección del operador: Sargento Navarro, 7 - 03660 Novelda, Alicante, España","Cantidad Neta: 40 g"],"ingredients":[" Sal marina, ajo, pimienta negra, guindilla, cilantro, jengibre, albahaca, aceite de lima."],"ean":"8412206000722"},{"full_name":"TOQUE molinillo sal con hierbas envase 78 g","name":"molinillo sal con hierbas envase 78 g","brand":"TOQUE ","img":"https://sgfm.elcorteingles.es/SGFM/02/11/7/0120945102117/0120945102117000g01011.jpg","price":"2,37 €","price_unit":"(30,38 € / Kilo)","categories":["Supermercado","Alimentación General","Especias, sazonadores y ayudas para cocinar","Sazonadores","TOQUE molinillo sal con hierbas envase 78 g"],"general_information":["Denominación del alimento: Molinillo Sal con hierbas","Nombre del operador: Verdu Canto SaffronSpain S.L","Dirección del operador: Sargento Navarro, 7 - 03660 Novelda, Alicante, España","Cantidad Neta: 78 g"],"ingredients":[" Sal marina, romero, tomillo, mejorana y albahaca"],"ean":"8412206000753"},{"full_name":"TOQUE molinillo de especias estilo Italia envase 43 g","name":"molinillo de especias estilo Italia envase 43 g","brand":"TOQUE ","img":"https://sgfm.elcorteingles.es/SGFM/01/81/2/0120945101812/0120945101812000g01011.jpg","price":"3,30 €","price_unit":"(76,74 € / Kilo)","categories":["Supermercado","Alimentación General","Especias, sazonadores y ayudas para cocinar","Sazonadores","TOQUE molinillo de especias estilo Italia envase 43 g"],"general_information":["Denominación del alimento: Sazonador","Nombre del operador: Verdu Canto Saffron","Dirección del operador: Sargento Navarro, 7. 03660 Novelda, (Alicante) España","Cantidad Neta: 43 g"],"ingredients":[" Sal marina, tomate seco, pimienta negra, ajo, pimiento seco, aceitunas, cebolla, albahaca. Contiene sulfitos."],"conservation":" Manténgase en lugar fresco y seco.","ean":"8412206000715"},{"full_name":"TOQUE molinillo de especias estilo Marruecos envase 40 g","name":"molinillo de especias estilo Marruecos envase 40 g","brand":"TOQUE ","img":"https://sgfm.elcorteingles.es/SGFM/01/82/0/0120945101820/0120945101820000g01011.jpg","price":"3,30 €","price_unit":"(82,50 € / Kilo)","categories":["Supermercado","Alimentación General","Especias, sazonadores y ayudas para cocinar","Sazonadores","TOQUE molinillo de especias estilo Marruecos envase 40 g"],"general_information":["Denominación del alimento: Sazonador","Nombre del operador: Verdu Canto Saffron","Dirección del operador: Sargento Navarro, 7. 03660 Novelda, (Alicante) España","Cantidad Neta: 43 g"],"ingredients":[" Sal marina, jenjigre, ajo, azúcar, pimiento seco, alcaravea, sésamo, comino, canela, guindilla, cilantro, pimienta, tomillo, menta y cúrcuma."],"conservation":" Manténgase en lugar fresco y seco.","ean":"8412206000739"},{"full_name":"TOQUE molinillo de especias estilo ibérico envase 28 g","name":"molinillo de especias estilo ibérico envase 28 g","brand":"TOQUE ","img":"https://sgfm.elcorteingles.es/SGFM/01/80/4/0120945101804/0120945101804000g01011.jpg","price":"3,08 €","price_unit":"(110 € / Kilo)","categories":["Supermercado","Alimentación General","Especias, sazonadores y ayudas para cocinar","Sazonadores","TOQUE molinillo de especias estilo ibérico envase 28 g"],"general_information":["Denominación del alimento: Sazonador","Nombre del operador: Verdu Canto Saffron","Dirección del operador: Sargento Navarro, 7. 03660 Novelda, (Alicante) España","Cantidad Neta: 40,0 g"],"ingredients":[" Sal, pimentón, pimientos secos, sebolla, ajo, romero, perejil, pimienta negra y tomillo."],"conservation":" Manténgase en lugar fresco y seco.","ean":"8412206000708"},{"full_name":"MAGGI Jugoso al horno delicioso pollo al ajo sobre 36 g","name":"Jugoso al horno delicioso pollo al ajo sobre 36 g","brand":"MAGGI ","img":"https://sgfm.elcorteingles.es/SGFM/dctm/MEDIA03/201709/14/00118001400128____2__600x600.jpg","price":"0,90 €","price_unit":"(25 € / Kilo)","categories":["Supermercado","Alimentación General","Especias, sazonadores y ayudas para cocinar","Ayudas para cocinar","MAGGI Jugoso al horno delicioso pollo al ajo sobre 36 g"],"general_information":["Denominación del alimento: Condimento sazonador deshidratado para preparar pollo asado.","Nombre del operador: Nestlé España, S.A.","Dirección del operador: NESTLÉ ESPAÑA, S.A. Edificio Nestlé ? 08950 ? Esplugues de Llobregat (Barcelona)","Cantidad Neta: 36 g","Otras menciones obligatorias en la etiqueta: Por porción: Si una porción es ¼ del producto preparado (250 g) **. ** Considerando muslos de pollo sin piel."],"ingredients":[" Hortalizas deshidratadas [ajo (33,9%), cebolla, tomate, chirivía], sal yodada, puré de patata en copos (patata, sal, aroma), almidón de maíz, azúcar, especias [pimentón dulce (2,80%), pimienta negra, jengibre, mejorana, cilantro, guindilla, cúrcuma (0,28%)], aceite de girasol (2,04%), perejil deshidratado (0,8%). Puede contener gluten, leche, huevo, soja, apio y pescado."],"conservation":" Conservar en lugar fresco y seco","ean":"7613032541040"},{"full_name":"ARTEMIS curry ecológico 100% Bio frasco 30 g","name":"curry ecológico 100% Bio frasco 30 g","brand":"ARTEMIS ","img":"https://sgfm.elcorteingles.es/SGFM/dctm/MEDIA03/201702/13/00120950000156____6__600x600.jpg","price":"2,65 €","price_unit":"(88,33 € / Kilo)","categories":["Supermercado","Alimentación General","Especias, sazonadores y ayudas para cocinar","Sazonadores","ARTEMIS curry ecológico 100% Bio frasco 30 g"],"general_information":["Denominación del alimento: Curry","Nombre del operador: Herbes del Molí Coop V.","Dirección del operador: Av. Constitución, 5 - 03827 Benimarfull (Alicante)","Cantidad Neta: 30 g"],"ingredients":[" Turmeric, Fenugreek, Coriander, Cumin, Ginger, Fennel, Black Pepper, Paprika, Cinnamon, Clove. Puede contener trazas de gluten."],"conservation":" Mantener el envase bien cerrado en ambiente seco y fresco.","ean":"8428201320048"},{"full_name":"ARTEMIS jengibre ecológico 100% Bio frasco 25 g","name":"jengibre ecológico 100% Bio frasco 25 g","brand":"ARTEMIS ","img":"https://sgfm.elcorteingles.es/SGFM/dctm/MEDIA03/201702/13/00120950000180____1__600x600.jpg","price":"2,23 €","price_unit":"(89,20 € / Kilo)","categories":["Supermercado","Alimentación General","Especias, sazonadores y ayudas para cocinar","Sazonadores","ARTEMIS jengibre ecológico 100% Bio frasco 25 g"],"general_information":["Denominación del alimento: Jengibre","Nombre del operador: Herbes del Molí Coop V.","Dirección del operador: Av. Constitución, 5 - 03827 Benimarfull (Alicante)","Cantidad Neta: 25 g"],"ingredients":[" Puede contener trazas de gluten."],"conservation":" Mantener el envase bien cerrado en ambiente seco y fresco.","ean":"8428201320154"},{"full_name":"ARTEMIS sazonador pizza ecológico 100% Bio frasco 8 g","name":"sazonador pizza ecológico 100% Bio frasco 8 g","brand":"ARTEMIS ","img":"https://sgfm.elcorteingles.es/SGFM/dctm/MEDIA03/201703/23/00120950000339____1__600x600.jpg","price":"2,15 €","price_unit":"(268,75 € / Kilo)","categories":["Supermercado","Alimentación General","Especias, sazonadores y ayudas para cocinar","Sazonadores","ARTEMIS sazonador pizza ecológico 100% Bio frasco 8 g"],"general_information":["Denominación del alimento: Hot Latin -Eco-","Nombre del operador: Herbes del Molí Coop V.","Dirección del operador: P.I. La Creueta, Avd. Constitución, 5 - 03827 Benimarfull (Alicante) ESPAÑA","Cantidad Neta: 35 g","Otras menciones obligatorias en la etiqueta: Producto procedente de la agricultura ecológica."],"ingredients":[" Pimentón dulce, cayena, pimienta negra, limon."],"conservation":" Mantener el envase bien cerrado en ambiente seco y fresco.","ean":"8428201320482"},{"full_name":"ARTEMIS sazonador pasta ecológico 100% Bio frasco 25 g","name":"sazonador pasta ecológico 100% Bio frasco 25 g","brand":"ARTEMIS ","img":"https://sgfm.elcorteingles.es/SGFM/dctm/MEDIA03/201705/19/00120950000362____5__600x600.jpg","price":"1,38 €","price_unit":"(55,20 € / Kilo)","categories":["Supermercado","Alimentación General","Especias, sazonadores y ayudas para cocinar","Sazonadores","ARTEMIS sazonador pasta ecológico 100% Bio frasco 25 g"],"general_information":["Denominación del alimento: Sazonador Pasta -Eco-","Nombre del operador: Herbes del Molí Coop V.","Dirección del operador: P.I. La Creueta, Avd. Constitución, 5 - 03827 Benimarfull (Alicante) ESPAÑA","Cantidad Neta: 25 g","Otras menciones obligatorias en la etiqueta: Producto procedente de la agricultura ecológica."],"ingredients":[" Albahaca, orégano, sal, ajo, cebolla, pimienta negra."],"conservation":" Mantener el envase bien cerrado en ambiente seco y fresco.","ean":"8428201320291"},{"full_name":"MAGGI Jugoso a la sartén selección de finas hierbas sobre 23 g","name":"Jugoso a la sartén selección de finas hierbas sobre 23 g","brand":"MAGGI ","img":"https://sgfm.elcorteingles.es/SGFM/dctm/MEDIA03/201709/14/00118001400441____6__600x600.jpg","price":"0,90 €","price_unit":"(39,13 € / Kilo)","categories":["Supermercado","Alimentación General","Especias, sazonadores y ayudas para cocinar","Ayudas para cocinar","MAGGI Jugoso a la sartén selección de finas hierbas sobre 23 g"],"general_information":["Denominación del alimento: Condimento sazonador deshidratado a las finas hierbas para preparar pollo a la sartén.","Nombre del operador: Nestlé España, S.A.","Dirección del operador: Nestlé España, S.A. Av. Països Catalans, 25-51 08950 Esplugues de Llobregat (Barcelona).","Cantidad Neta: 23.4 g"],"ingredients":[" Ingredientes: Especias y plantas aromáticas 25,6 % (cebolla, albahaca, perejil, ajo, romero, tomillo, orégano, ajedrea, pimienta negra), grasa de palma (con antioxidante extractos de romero), sal yodada, aceite de girasol, tomate deshidratado 9,4%, fibra vegetal (guisante, inulina), proteína de trigo hidrolizada (con aroma, sal y aceite de palma), aromas, corrector de acidez (ácido cítrico), almidón de maíz. Puede contener leche, huevo, soja, apio y pescado."],"conservation":" Conservar en lugar fresco y seco. Una vez abierto conservar un máximo de 14 días. No guardar en frigorífico.","ean":"8585002417916"},{"full_name":"MAGGI Jugoso a la sartén ajillo al toque de perejil sobre 23 g","name":"Jugoso a la sartén ajillo al toque de perejil sobre 23 g","brand":"MAGGI ","img":"https://sgfm.elcorteingles.es/SGFM/dctm/MEDIA03/201709/14/00118001400458____1__600x600.jpg","price":"0,90 €","price_unit":"(39,13 € / Kilo)","categories":["Supermercado","Alimentación General","Especias, sazonadores y ayudas para cocinar","Ayudas para cocinar","MAGGI Jugoso a la sartén ajillo al toque de perejil sobre 23 g"],"general_information":["Denominación del alimento: Condimento sazonador deshidratado al ajo para preparar pollo a la sartén.","Nombre del operador: Nestlé España, S.A.","Dirección del operador: NESTLÉ ESPAÑA S.A. Edificio Nestlé 08950 Esplugues de Llobregat (Barcelona)","Cantidad Neta: 23.7 g"],"ingredients":[" INGREDIENTES: especias y plantas aromáticas (ajo 18.4%, perejil 2.7%, cebolla, cilantro, nuez moscada, pimienta negra, cúrcuma y curry), grasa de palma (con antioxidante extractos de romero), sal yodada, aceite de girasol, tomate deshidratado (3,6%), azúcar, fibra vegetal (guisante, inulina), extracto de ajo (2.7%), proteínas vegetales hidrolizadas (gluten de trigo, sal, grasa de palma, dextrosa, azúcar), aromas, corrector de acidez (ácido cítrico). Puede contener leche, huevo, soja, apio y pescado"],"conservation":" Conservar en lugar fresco y seco. Una vez abierto conservar un máximo de 14 días. No guardar en el frigorífico","ean":"8585002431219"},{"full_name":"MAGGI JUGOSO AL HORNO receta mejicana sobre 40 g","name":"receta mejicana sobre 40 g","brand":"MAGGI JUGOSO AL HORNO ","img":"https://sgfm.elcorteingles.es/SGFM/dctm/MEDIA03/201709/14/00118001400631____1__600x600.jpg","price":"0,90 €","price_unit":"(22,50 € / Kilo)","categories":["Supermercado","Alimentación General","Especias, sazonadores y ayudas para cocinar","Ayudas para cocinar","MAGGI JUGOSO AL HORNO receta mejicana sobre 40 g"],"general_information":["Denominación del alimento: Condimento sazonador deshidratado para preparar pollo asado.","Nombre del operador: Nestlé España, S.A.","Dirección del operador: NESTLÉ ESPAÑA S.A. Edificio Nestlé 08950 Esplugues de Llobregat (Barcelona)","Cantidad Neta: 30 g"],"ingredients":[" INGREDIENTES: almidón de maíz, hortalizas deshidratadas (tomate, cebolla, ajo, pimentón rojo, perejil), sal yodada, especias (pimentón 3,14%, cilantro, comino, orégano, pimienta negra, jengibre, canela, guindilla 0,24%), azúcar, puré de patata en copos (patata, sal, aroma), extracto de levadura (extracto de levadura, sal), vinagre de vino, maltodextrina), grasa ahumada de cerdo (grasa ahumada de cerdo, antioxidante: extracto de romero), colorante (extracto de pimentón), concentrado de limón deshidratado (maltodextrina, concentrado de limón), aroma. Puede contener gluten, leche, huevo, soja, apio y pescado."],"conservation":" Conservar en lugar fresco y seco.","ean":"8585002434470"},{"full_name":"MAGGI receta marroquí sobre 38 g","name":"receta marroquí sobre 38 g","brand":"MAGGI ","img":"https://sgfm.elcorteingles.es/SGFM/dctm/MEDIA03/201709/14/00118001400649____1__600x600.jpg","price":"0,90 €","price_unit":"(23,68 € / Kilo)","categories":["Supermercado","Alimentación General","Especias, sazonadores y ayudas para cocinar","Ayudas para cocinar","MAGGI receta marroquí sobre 38 g"],"general_information":["Denominación del alimento: Condimento sazonador deshidratado para preparar pollo asado.","Nombre del operador: Nestlé España, S.A.","Dirección del operador: NESTLÉ ESPAÑA S.A. Edificio Nestlé 08950 Esplugues de Llobregat (Barcelona)","Cantidad Neta: 30 g"],"ingredients":[" INGREDIENTES: hortalizas deshidratadas (cebolla, ajo, tomate, perejil), especias (comino 4,58%, cilantro 3,96%, jengibre, pimentón, canela, cúrcuma, laurel, pimienta negra, pimienta de Jamaica, pimienta de Cayena), sal yodada, almidón de maíz, azúcar, puré de patata en copos (patata, sal, aroma), concentrado de limón deshidratado (maltodextrina, concentrado de limón), extracto de levadura (extracto de levadura, sal), aromas, aceite de oliva, curry. Puede contener gluten, leche, huevo, soja, apio y pescado."],"conservation":" Conservar en lugar fresco y seco.","ean":"8585002434494"},{"full_name":"MAGGI Jugoso al horno pollo asado tradicional sobre 31 g","name":"Jugoso al horno pollo asado tradicional sobre 31 g","brand":"MAGGI ","img":"https://sgfm.elcorteingles.es/SGFM/dctm/MEDIA03/201606/08/00200101400612____1__600x600.jpg","price":"0,90 €","price_unit":"(29,03 € / Kilo)","categories":["Supermercado","Alimentación General","Especias, sazonadores y ayudas para cocinar","Ayudas para cocinar","MAGGI Jugoso al horno pollo asado tradicional sobre 31 g"],"general_information":["Denominación del alimento: Condimento sazonador deshidratado para preparar pollo asado.","Nombre del operador: Nestlé España, S.A.","Dirección del operador: NESTLÉ ESPAÑA, S.A. Edificio Nestlé ? 08950 ? Esplugues de Llobregat (Barcelona)","Cantidad Neta: 31 g","Otras menciones obligatorias en la etiqueta: Por porción: Si una porción es ¼ del producto preparado (250 g) **. ** Considerando muslos de pollo sin la piel."],"ingredients":[" Harina de trigo, almidón de maíz, hortalizas deshidratadas (17,5%) [cebolla, ajo, tomate, chirivía (1,6%)], sal yodada, especias y plantas aromáticas (pimentón dulce, pimienta negra, cilantro, tomillo (0,76%), jengibre (0,72%), apio de montaña, mejorana, laurel, cúrcuma, guindilla), azúcar, aroma, perejil, extracto de malta de cebada, aceite de girasol (1,2%). Puede contener leche, huevo, soja y pescado."],"conservation":" Conservar en lugar fresco y seco","ean":"8585002434517"},{"full_name":"MAGGI Jugoso a la sartén hamburguesa tex-mex sobre 25 g","name":"Jugoso a la sartén hamburguesa tex-mex sobre 25 g","brand":"MAGGI ","img":"https://sgfm.elcorteingles.es/SGFM/dctm/MEDIA03/201709/14/00118001400516____2__600x600.jpg","price":"0,90 €","price_unit":"(29,03 € / Kilo)","categories":["Supermercado","Alimentación General","Especias, sazonadores y ayudas para cocinar","Ayudas para cocinar","MAGGI Jugoso a la sartén hamburguesa tex-mex sobre 25 g"],"general_information":["Denominación del alimento: Condimento sazonador deshidratado para preparar hamburguesas en sartén.","Nombre del operador: Nestlé España, S.A.","Dirección del operador: NESTLÉ ESPAÑA S.A. Edificio Nestlé 08950 Esplugues de Llobregat (Barcelona)","Cantidad Neta: 25 g"],"ingredients":[" INGREDIENTES: Especias y plantas aromáticas (29,8%) (ajo, cilantro, cebolla, comino, perejil, chili, orégano, pimentón dulce, pimienta negra, guindilla), grasa de palma (con antioxidante: extractos de romero), hortalizas (15,3%) (tomate, pimiento rojo), sal, aceite de girasol, proteínas vegetales hidrolizadas (gluten de trigo, sal, grasa de palma, dextrosa, azúcar), azúcar, aroma, corrector de acidez (ácido cítrico). Puede contener leche, huevo, soja, apio y pescado."],"conservation":" Conservar en lugar fresco y seco. Una vez abierto conservar un máximo de 14 días. No guardar en el frigorífico","ean":"8585002434609"},{"full_name":"HIDA sofrito para empanadas con atún lata 345 g","name":"sofrito para empanadas con atún lata 345 g","brand":"HIDA ","img":"https://sgfm.elcorteingles.es/SGFM/dctm/MEDIA03/201704/05/00118002900290____2__600x600.jpg","price":"2,15 €","price_unit":"(6,23 € / Kilo)","categories":["Supermercado","Alimentación General","Especias, sazonadores y ayudas para cocinar","Ayudas para cocinar","HIDA sofrito para empanadas con atún lata 345 g"],"general_information":["Denominación del alimento: Relleno empanada de atún.","Nombre del operador: Hida Alimentación, S.A.","Dirección del operador: Pol. El Arreaque. Apdo. 70 -30.170 Mula (Murcia)-España.","Cantidad Neta: 345 g","Otras menciones obligatorias en la etiqueta: Contiene huevo y atún"],"ingredients":[" Tomate, pimiento atún, aceite de oliva virgen extra, huevo, cebolla, azúcar, espesante: almidón de maíz y sal. Contiene huevo y atún"],"conservation":"Modo de empleo: Repartir el relleno frío sobre la masa a utilizar y cocinar de manera habitual. También válido para todo tipo de rellenos y pastas.","ean":"8424523060136"},{"full_name":"EL CORTE INGLES pimienta de cayena entera envase 11 g","name":"pimienta de cayena entera envase 11 g","brand":"EL CORTE INGLES ","img":"https://sgfm.elcorteingles.es/SGFM/dctm/MEDIA03/201610/19/00120945104360____1__600x600.jpg","price":"1,00 €","price_unit":"(90,91 € / Kilo)","categories":["Supermercado","Alimentación General","Especias, sazonadores y ayudas para cocinar","Pimientas","EL CORTE INGLES pimienta de cayena entera envase 11 g"],"general_information":["Denominación del alimento: PIMIENTA DE CAYENA ENTERA","Nombre del operador: Envasado en la UE \nDistribuido para El Corte Inglés por\nMC CORMICK ESPAÑA, S.A. \nAvda. Francesc Macia, 38.\n08208 Sabadell\nEspaña","Cantidad Neta: 11 g"],"ingredients":[],"conservation":" Conservar alejado de la luz, del calor y de la humedad","ean":"8433329069144"},{"full_name":"EL CORTE INGLES pimienta negra molida frasco 44 g","name":"pimienta negra molida frasco 44 g","brand":"EL CORTE INGLES ","img":"https://sgfm.elcorteingles.es/SGFM/dctm/MEDIA03/201612/20/00120945104394____1__600x600.jpg","price":"0,74 €","price_unit":"(16,82 € / Kilo)","categories":["Supermercado","Alimentación General","Especias, sazonadores y ayudas para cocinar","Pimientas","EL CORTE INGLES pimienta negra molida frasco 44 g"],"general_information":["Denominación del alimento: PIMIENTA NEGRA MOLIDA","Nombre del operador: Envasado en la UE \nDistribuido para el\nGrupo El Corte Inglés\nHermosilla, 112   28009 Madrid ? España \npor CIF: A08863680","Cantidad Neta: 44 g"],"ingredients":[],"conservation":" Conservar alejado de la luz, del calor y de la humedad","ean":"8433329069243"},{"full_name":"EL CORTE INGLES pimienta blanca molida tarro 43 g","name":"pimienta blanca molida tarro 43 g","brand":"EL CORTE INGLES ","img":"https://sgfm.elcorteingles.es/SGFM/dctm/MEDIA03/201705/05/00120945104527____1__600x600.jpg","price":"1,12 €","price_unit":"(26,05 € / Kilo)","categories":["Supermercado","Alimentación General","Especias, sazonadores y ayudas para cocinar","Pimientas","EL CORTE INGLES pimienta blanca molida tarro 43 g"],"general_information":["Denominación del alimento: PIMIENTA BLANCA MOLIDA","Nombre del operador: Envasado en la UE \nDistribuido para el\nGrupo El Corte Inglés\nHermosilla, 112   28009 Madrid ? España \npor CIF: A08863680","Cantidad Neta: 43 g"],"ingredients":[],"conservation":" Conservar alejado de la luz, del calor y de la humedad","ean":"8433329069236"},{"full_name":"DUCROS pimienta bistec molinillo frasco 35 g","name":"pimienta bistec molinillo frasco 35 g","brand":"DUCROS ","img":"https://sgfm.elcorteingles.es/SGFM/dctm/MEDIA03/201610/18/00200445102007____1__600x600.jpg","price":"2,73 €            ","price_unit":"(74,29 € / Kilo)","categories":["Supermercado","Alimentación General","Especias, sazonadores y ayudas para cocinar","Pimientas","DUCROS pimienta bistec molinillo frasco 35 g"],"general_information":["Denominación del alimento: el molinillo pimienta bistec","País de origen: Francia","Nombre del operador: McCormick España, S.A.","Dirección del operador: Av. Francesc Macià, 38 p. 11 08208 Sadabell","Cantidad Neta: 0.035 Kilogramos"],"ingredients":[" INGREDIENTES: Pimienta blanca y negra."],"conservation":" Conservar alejado de la luz, del calor y de la humedad.","ean":"3166298099700"},{"full_name":"DUCROS pimienta blanca molida frasco 50 g","name":"pimienta blanca molida frasco 50 g","brand":"DUCROS ","img":"https://sgfm.elcorteingles.es/SGFM/dctm/MEDIA03/201610/18/00120945101176____1__600x600.jpg","price":"2,35 €","price_unit":"(47 € / Kilo)","categories":["Supermercado","Alimentación General","Especias, sazonadores y ayudas para cocinar","Pimientas","DUCROS pimienta blanca molida frasco 50 g"],"general_information":["Denominación del alimento: pimienta blanca molida","País de origen: Francia","Nombre del operador: McCormick España, S.A.","Dirección del operador: Av. Francesc Macià, 38 p. 11\n08208 Sadabell","Cantidad Neta: 0.040 Kilogramos"],"ingredients":[" INGREDIENTE: Pimienta Blanca molida."],"conservation":" Conservar\nalejado\nde la luz,\ndel calor y de\nla humedad.","ean":"3166290300057"},{"full_name":"DUCROS pimienta negra entera frasco 48 g","name":"pimienta negra entera frasco 48 g","brand":"DUCROS ","img":"https://sgfm.elcorteingles.es/SGFM/dctm/MEDIA03/201610/18/00120945101150____1__600x600.jpg","price":"2,35 €","price_unit":"(48,96 € / Kilo)","categories":["Supermercado","Alimentación General","Especias, sazonadores y ayudas para cocinar","Pimientas","DUCROS pimienta negra entera frasco 48 g"],"general_information":["Denominación del alimento: pimienta negra entera","País de origen: Francia","Nombre del operador: McCormick España, S.A.","Dirección del operador: Av. Francesc Macià, 38 p. 11\n08208 Sadabell","Cantidad Neta: 48.000 g"],"ingredients":[" INGREDIENTE: Pimienta Negra entera."],"ean":"3166290300019"},{"full_name":"DUCROS pimienta negra negra molinillo ajustable envase 35 g","name":"pimienta negra negra molinillo ajustable envase 35 g","brand":"DUCROS ","img":"https://sgfm.elcorteingles.es/SGFM/dctm/MEDIA03/201610/18/00120945103339____1__600x600.jpg","price":"2,73 €            ","price_unit":"(74,29 € / Kilo)","categories":["Supermercado","Alimentación General","Especias, sazonadores y ayudas para cocinar","Pimientas","DUCROS pimienta negra negra molinillo ajustable envase 35 g"],"general_information":["Denominación del alimento: molinillo ajustable","País de origen: Francia","Nombre del operador: McCormick España, S.A.","Dirección del operador: Av. Francesc Macià, 38 p. 11\n08208 Sadabell","Cantidad Neta: 0.035 Kilogramos"],"ingredients":[" INGREDIENTE: Pimienta negra."],"conservation":" Conservar alejado de la luz, del calor y\nde la humedad.","ean":"3166298907692"},{"full_name":"DUCROS pimienta cayena molida frasco 38 g","name":"pimienta cayena molida frasco 38 g","brand":"DUCROS ","img":"https://sgfm.elcorteingles.es/SGFM/dctm/MEDIA03/201610/18/00120945101036____1__600x600.jpg","price":"1,75 €","price_unit":"(46,05 € / Kilo)","categories":["Supermercado","Alimentación General","Especias, sazonadores y ayudas para cocinar","Pimientas","DUCROS pimienta cayena molida frasco 38 g"],"general_information":["Denominación del alimento: pimienta cayena guindilla molida","País de origen: Francia","Nombre del operador: McCormick España, S.A.","Dirección del operador: Av. Francesc Macià, 38 p. 11\n08208 Sadabell","Cantidad Neta: 38.000 g"],"ingredients":[" INGREDIENTE: Pimienta Cayena Guindilla molida."],"conservation":" Conservar alejado de la luz, del calor y de la humedad.","ean":"3166290200852"},{"full_name":"DUCROS pimienta cayena guindilla entera frasco 19 g","name":"pimienta cayena guindilla entera frasco 19 g","brand":"DUCROS ","img":"https://sgfm.elcorteingles.es/SGFM/dctm/MEDIA03/201610/18/00120945101044____1__600x600.jpg","price":"1,65 €","price_unit":"(86,84 € / Kilo)","categories":["Supermercado","Alimentación General","Especias, sazonadores y ayudas para cocinar","Pimientas","DUCROS pimienta cayena guindilla entera frasco 19 g"],"general_information":["Denominación del alimento: pimienta cayena guindilla entera","País de origen: Francia","Nombre del operador: McCormick España, S.A.","Dirección del operador: Av. Francesc Macià, 38 p. 11\n08208 Sadabell","Cantidad Neta: 0.011 Kilogramos"],"ingredients":[" INGREDIENTE: Pimienta Cayena Guindilla entera."],"conservation":" Conservar alejado de la luz, del calor y de la humedad.","ean":"3166290200845"},{"full_name":"DUCROS pimienta negra machacada frasco 38 g","name":"pimienta negra machacada frasco 38 g","brand":"DUCROS ","img":"https://sgfm.elcorteingles.es/SGFM/dctm/MEDIA03/201610/18/00120945101861____1__600x600.jpg","price":"2,45 €","price_unit":"(64,47 € / Kilo)","categories":["Supermercado","Alimentación General","Especias, sazonadores y ayudas para cocinar","Pimientas","DUCROS pimienta negra machacada frasco 38 g"],"general_information":["Denominación del alimento: pimienta negra machacada","País de origen: Francia","Nombre del operador: McCormick España, S.A.","Dirección del operador: Av. Francesc Macià, 38 p. 11\n08208 Sadabell","Cantidad Neta: 38.000 g"],"ingredients":[" INGREDIENTE: Pimienta Negra machada."],"ean":"3166290300033"},{"full_name":"DUCROS pimienta verde en salmuera frasco 35 g","name":"pimienta verde en salmuera frasco 35 g","brand":"DUCROS ","img":"https://sgfm.elcorteingles.es/SGFM/dctm/MEDIA03/201610/18/00120945101317____1__600x600.jpg","price":"2,99 €","price_unit":"(85,43 € / Kilo)","categories":["Supermercado","Alimentación General","Especias, sazonadores y ayudas para cocinar","Pimientas","DUCROS pimienta verde en salmuera frasco 35 g"],"general_information":["Denominación del alimento: pimienta verde","País de origen: Portugal","Nombre del operador: McCormick España, S.A.","Dirección del operador: Av. Francesc Macià, 38 p. 11\n08208 Sadabell","Cantidad Neta: 35.000 g"],"ingredients":[" INGREDIENTES: pimienta verde, agua, sal, vinagre."],"ean":"3166291361149"},{"full_name":"DUCROS pimienta blanca molinillo frasco 39 g","name":"pimienta blanca molinillo frasco 39 g","brand":"DUCROS ","img":"https://sgfm.elcorteingles.es/SGFM/dctm/MEDIA03/201610/18/00120945101341____1__600x600.jpg","price":"2,60 €","price_unit":"(66,67 € / Kilo)","categories":["Supermercado","Alimentación General","Especias, sazonadores y ayudas para cocinar","Pimientas","DUCROS pimienta blanca molinillo frasco 39 g"],"general_information":["Denominación del alimento: el molinillo pimienta blanca","País de origen: Francia","Nombre del operador: McCormick España, S.A.","Dirección del operador: Av. Francesc Macià, 38 p. 11 08208 Sadabell","Cantidad Neta: 0.039 Kilogramos"],"ingredients":[" INGREDIENTE: Pimienta Blanca."],"conservation":" Conservar alejado de la luz, del calor y de la humedad.","ean":"3166298098307"},{"full_name":"DUCROS pimienta negra molida frasco 48 g","name":"pimienta negra molida frasco 48 g","brand":"DUCROS ","img":"https://sgfm.elcorteingles.es/SGFM/dctm/MEDIA03/201610/18/00120945101168____1__600x600.jpg","price":"2,01 €            ","price_unit":"(40,42 € / Kilo)","categories":["Supermercado","Alimentación General","Especias, sazonadores y ayudas para cocinar","Pimientas","DUCROS pimienta negra molida frasco 48 g"],"general_information":["Denominación del alimento: pimienta negra molida","País de origen: Francia","Nombre del operador: McCormick España, S.A.","Dirección del operador: Av. Francesc Macià, 38 p. 11\n08208 Sadabell","Cantidad Neta: 0.040 Kilogramos"],"ingredients":[" INGREDIENTE: Pimienta Negra molida."],"conservation":" Conservar alejado de la luz, del calor y de la humedad.","ean":"3166290300026"},{"full_name":"DUCROS pimienta negra molinillo frasco 35 g","name":"pimienta negra molinillo frasco 35 g","brand":"DUCROS ","img":"https://sgfm.elcorteingles.es/SGFM/dctm/MEDIA03/201610/18/00120945101333____1__600x600.jpg","price":"2,73 €            ","price_unit":"(74,29 € / Kilo)","categories":["Supermercado","Alimentación General","Especias, sazonadores y ayudas para cocinar","Pimientas","DUCROS pimienta negra molinillo frasco 35 g"],"general_information":["Denominación del alimento: el molinillo pimienta negra","País de origen: Francia","Nombre del operador: McCormick España, S.A.","Dirección del operador: Av. Francesc Macià, 38 p. 11 08208 Sadabell","Cantidad Neta: 0.035 Kilogramos"],"ingredients":[" INGREDIENTE: Pimienta negra."],"conservation":" Conservar alejado de la luz, del calor y de la humedad.","ean":"3166298098208"},{"full_name":"DUCROS 5 bayas molinillo ajustable envase 24 g","name":"5 bayas molinillo ajustable envase 24 g","brand":"DUCROS ","img":"https://sgfm.elcorteingles.es/SGFM/dctm/MEDIA03/201610/18/00120945103321____1__600x600.jpg","price":"2,91 €","price_unit":"(121,25 € / Kilo)","categories":["Supermercado","Alimentación General","Especias, sazonadores y ayudas para cocinar","Pimientas","DUCROS 5 bayas molinillo ajustable envase 24 g"],"general_information":["Denominación del alimento: sazonador de pimientas y especias","País de origen: Francia","Nombre del operador: McCormick España, S.A.","Dirección del operador: Av. Francesc Macià, 38 p. 11\n08208 Sadabell","Cantidad Neta: 0.024 Kilogramos"],"ingredients":[" INGREDIENTES: Pimienta negra (38%), grano de cilantro, bayas rosas (9%), pimienta blanca (9%), pimienta de Jamaica, pimienta verde (6%)."],"conservation":" Conservar alejado de la luz, del calor y\nde la humedad.","ean":"3166298907678"},{"full_name":"DUCROS 5 Bayas molinillo frasco 24 g","name":"5 Bayas molinillo frasco 24 g","brand":"DUCROS ","img":"https://sgfm.elcorteingles.es/SGFM/dctm/MEDIA03/201610/18/00120945101358____1__600x600.jpg","price":"2,73 €            ","price_unit":"(108,33 € / Kilo)","categories":["Supermercado","Alimentación General","Especias, sazonadores y ayudas para cocinar","Pimientas","DUCROS 5 Bayas molinillo frasco 24 g"],"general_information":["Denominación del alimento: el molinillo 5 bayas","País de origen: Francia","Nombre del operador: McCormick España, S.A.","Dirección del operador: Av. Francesc Macià, 38 p. 11 08208 Sadabell","Cantidad Neta: 0.024 Kilogramos"],"ingredients":[" INGREDIENTES: Pimienta negra, grano de cilantro, pimienta rosa, pimienta blanca, pimienta de Jamaica, pimienta verde."],"conservation":" Conservar alejado de la luz, del calor y de la humedad.","ean":"3166298099809"},{"full_name":"DUCROS pimienta creación molinillo ajustable frasco 34 g","name":"pimienta creación molinillo ajustable frasco 34 g","brand":"DUCROS ","img":"https://sgfm.elcorteingles.es/SGFM/dctm/MEDIA03/201706/22/00120945104568____1__600x600.jpg","price":"2,89 €","price_unit":"(85 € / Kilo)","categories":["Supermercado","Alimentación General","Especias, sazonadores y ayudas para cocinar","Pimientas","DUCROS pimienta creación molinillo ajustable frasco 34 g"],"general_information":[],"ingredients":[],"ean":"3166296209118"},{"full_name":"DUCROS pimienta negra y roja frasco 45 g","name":"pimienta negra y roja frasco 45 g","brand":"DUCROS ","img":"https://sgfm.elcorteingles.es/SGFM/dctm/MEDIA03/201610/18/00120945101572____1__600x600.jpg","price":"2,35 €","price_unit":"(52,22 € / Kilo)","categories":["Supermercado","Alimentación General","Especias, sazonadores y ayudas para cocinar","Pimientas","DUCROS pimienta negra y roja frasco 45 g"],"general_information":["Denominación del alimento: sazonador de pimienta negra y cayena","País de origen: Alemania","Nombre del operador: McCormick España, S.A.","Dirección del operador: Av. Francesc Macià, 38 p. 11\n08208 Sadabell","Cantidad Neta: 0.045 Kilogramos"],"ingredients":[" INGREDIENTES: Pimienta negra (85%), pimienta de cayena (13%), aceite de girasol."],"conservation":" Conservar alejado de la luz, del calor y de la \nhumedad.","ean":"3166298532405"},{"full_name":"DUCROS pimienta negra molida Lampong frasco 35 g","name":"pimienta negra molida Lampong frasco 35 g","brand":"DUCROS ","img":"https://sgfm.elcorteingles.es/SGFM/dctm/MEDIA03/201706/22/00120945104543____1__600x600.jpg","price":"2,69 €","price_unit":"(76,86 € / Kilo)","categories":["Supermercado","Alimentación General","Especias, sazonadores y ayudas para cocinar","Pimientas","DUCROS pimienta negra molida Lampong frasco 35 g"],"general_information":[],"ingredients":[],"ean":"3166296209101"},{"full_name":"DUCROS pimienta negra molida Brasil frasco 32 g","name":"pimienta negra molida Brasil frasco 32 g","brand":"DUCROS ","img":"https://sgfm.elcorteingles.es/SGFM/dctm/MEDIA03/201706/22/00120945104550____1__600x600.jpg","price":"2,69 €","price_unit":"(84,06 € / Kilo)","categories":["Supermercado","Alimentación General","Especias, sazonadores y ayudas para cocinar","Pimientas","DUCROS pimienta negra molida Brasil frasco 32 g"],"general_information":[],"ingredients":[],"ean":"3166296209095"},{"full_name":"DUCROS aros de guindilla frasco 9 g","name":"aros de guindilla frasco 9 g","brand":"DUCROS ","img":"https://sgfm.elcorteingles.es/SGFM/dctm/MEDIA03/201610/18/00120945104238____6__600x600.jpg","price":"3,13 €            ","price_unit":"(334,44 € / Kilo)","categories":["Supermercado","Alimentación General","Especias, sazonadores y ayudas para cocinar","Pimientas","DUCROS aros de guindilla frasco 9 g"],"general_information":["Denominación del alimento: Aros de GUINDILLA","País de origen: Alemania","Nombre del operador: McCormick España, S.A.","Dirección del operador: Av.Francesc Maciá, 38 P.11 08208 Saradell","Cantidad Neta: 9.000 g"],"ingredients":[" Aros de guindilla fuerte"],"ean":"3166296203321"},{"full_name":"DELICIAS pimienta verde Madagascar frasco 50 g","name":"pimienta verde Madagascar frasco 50 g","brand":"DELICIAS ","img":"https://sgfm.elcorteingles.es/SGFM/00/26/9/0120945100269/0120945100269000g01011.jpg","price":"0,77 €","price_unit":"(22 € / Kilo)","categories":["Supermercado","Alimentación General","Especias, sazonadores y ayudas para cocinar","Pimientas","DELICIAS pimienta verde Madagascar frasco 50 g"],"general_information":[],"ingredients":[],"ean":"8410182650030"},{"full_name":"TOQUE molinillo pimientas envase 45 g","name":"molinillo pimientas envase 45 g","brand":"TOQUE ","img":"https://sgfm.elcorteingles.es/SGFM/02/10/9/0120945102109/0120945102109000g01011.jpg","price":"2,81 €","price_unit":"(62,44 € / Kilo)","categories":["Supermercado","Alimentación General","Especias, sazonadores y ayudas para cocinar","Pimientas","TOQUE molinillo pimientas envase 45 g"],"general_information":["Denominación del alimento: Sazonador","Nombre del operador: Verdu Canto Saffron","Dirección del operador: Sargento Navarro, 7. 03660 Novelda, (Alicante) España","Cantidad Neta: 43 g"],"ingredients":[" Pimienta negra, blanca, rosa y verde."],"conservation":" Manténgase en lugar fresco y seco.","ean":"8412206000746"},{"full_name":"ODALISCA pimienta negra molida frasco 38 g","name":"pimienta negra molida frasco 38 g","brand":"ODALISCA ","img":"https://sgfm.elcorteingles.es/SGFM/00/21/0/0120945100210/0120945100210000g01011.jpg","price":"2,35 €","price_unit":"(61,84 € / Kilo)","categories":["Supermercado","Alimentación General","Especias, sazonadores y ayudas para cocinar","Pimientas","ODALISCA pimienta negra molida frasco 38 g"],"general_information":["Denominación del alimento: Pimienta negra molida","Nombre del operador: Jose M Fuster Hernandez","Dirección del operador: Pol. Industrial Cabezo Cortado Avda. del Este s/n - 30100- Espinardo (Murcia).","Cantidad Neta: 48,0 g"],"ingredients":[" Bayas inmaduras secadas al sol procedentes del piper nigrum"],"conservation":" Conservar en lugar fresco y seco, ausente de luz.","ean":"8412798600256"},{"full_name":"SALT & MORE mezcla de pimientas envase 90 g","name":"mezcla de pimientas envase 90 g","brand":"SALT & MORE ","img":"https://sgfm.elcorteingles.es/SGFM/dctm/MEDIA03/201603/23/00120902300845____1__600x600.jpg","price":"8,79 €","price_unit":"(97,67 € / Kilo)","categories":["Supermercado","Alimentación General","Especias, sazonadores y ayudas para cocinar","Pimientas","SALT & MORE mezcla de pimientas envase 90 g"],"general_information":[],"ingredients":[],"ean":"9120046473840"},{"full_name":"ARTEMIS pimienta negra en grano ecológica 100% Bio frasco 40 g","name":"pimienta negra en grano ecológica 100% Bio frasco 40 g","brand":"ARTEMIS ","img":"https://sgfm.elcorteingles.es/SGFM/dctm/MEDIA03/201702/13/00120950000297____1__600x600.jpg","price":"2,65 €","price_unit":"(66,25 € / Kilo)","categories":["Supermercado","Alimentación General","Especias, sazonadores y ayudas para cocinar","Pimientas","ARTEMIS pimienta negra en grano ecológica 100% Bio frasco 40 g"],"general_information":["Denominación del alimento: Pimienta negra","Nombre del operador: Herbes del Molí Coop V.","Dirección del operador: Av. Constitución, 5 - 03827 Benimarfull (Alicante)","Cantidad Neta: 40 g"],"ingredients":[],"conservation":" Mantener el envase bien cerrado en ambiente seco y fresco.","ean":"8428201320192"},{"full_name":"ARTEMIS pimienta negra molida ecológica 100% Bio frasco 38 g","name":"pimienta negra molida ecológica 100% Bio frasco 38 g","brand":"ARTEMIS ","img":"https://sgfm.elcorteingles.es/SGFM/dctm/MEDIA03/201702/13/00120950000305____1__600x600.jpg","price":"2,65 €","price_unit":"(69,74 € / Kilo)","categories":["Supermercado","Alimentación General","Especias, sazonadores y ayudas para cocinar","Pimientas","ARTEMIS pimienta negra molida ecológica 100% Bio frasco 38 g"],"general_information":["Denominación del alimento: Pimienta negra molida","Nombre del operador: Herbes del Molí Coop V.","Dirección del operador: Av. Constitución, 5 - 03827 Benimarfull (Alicante)","Cantidad Neta: 38 g"],"ingredients":[],"conservation":" Mantener el envase bien cerrado en ambiente seco y fresco.","ean":"8428201320208"},{"full_name":"ARTEMIS pimienta negra ecológica 100% Bio molinillo frasco 40 g","name":"pimienta negra ecológica 100% Bio molinillo frasco 40 g","brand":"ARTEMIS ","img":"https://sgfm.elcorteingles.es/SGFM/dctm/MEDIA03/201702/13/00120950000313____1__600x600.jpg","price":"2,65 €","price_unit":"(66,25 € / Kilo)","categories":["Supermercado","Alimentación General","Especias, sazonadores y ayudas para cocinar","Pimientas","ARTEMIS pimienta negra ecológica 100% Bio molinillo frasco 40 g"],"general_information":["Denominación del alimento: Pimienta negra molinillo","Nombre del operador: Herbes del Molí Coop V.","Dirección del operador: Av. Constitución, 5 - 03827 Benimarfull (Alicante)","Cantidad Neta: 40 g"],"ingredients":[],"conservation":" Mantener el envase bien cerrado en ambiente seco y fresco.","ean":"8428201320338"},{"full_name":"ARTEMIS tres pimientas ecológica 100% Bio molinillo frasco 35 g","name":"tres pimientas ecológica 100% Bio molinillo frasco 35 g","brand":"ARTEMIS ","img":"https://sgfm.elcorteingles.es/SGFM/dctm/MEDIA03/201703/06/00120950000388____1__600x600.jpg","price":"3,95 €","price_unit":"(112,86 € / Kilo)","categories":["Supermercado","Alimentación General","Especias, sazonadores y ayudas para cocinar","Pimientas","ARTEMIS tres pimientas ecológica 100% Bio molinillo frasco 35 g"],"general_information":["Denominación del alimento: Tres Pimientas Molinillo -Eco-","Nombre del operador: Herbes del Molí Coop V.","Dirección del operador: P.I. La Creueta, Avd. Constitución, 5 - 03827 Benimarfull (Alicante) ESPAÑA","Cantidad Neta: 35 g","Otras menciones obligatorias en la etiqueta: Producto procedente de la agricultura ecológica."],"ingredients":[" Pimienta negra, pimienta blanca, pimienta rosa."],"conservation":" Mantener el envase bien cerrado en ambiente seco y fresco.","ean":"8428201320505"},{"full_name":"ARTEMIS pimienta blanca molida ecológica 100% Bio frasco 40 g","name":"pimienta blanca molida ecológica 100% Bio frasco 40 g","brand":"ARTEMIS ","img":"https://sgfm.elcorteingles.es/SGFM/dctm/MEDIA03/201703/24/00120950000289____1__600x600.jpg","price":"3,35 €","price_unit":"(83,75 € / Kilo)","categories":["Supermercado","Alimentación General","Especias, sazonadores y ayudas para cocinar","Pimientas","ARTEMIS pimienta blanca molida ecológica 100% Bio frasco 40 g"],"general_information":["Denominación del alimento: Sal de Oregano -Eco-","Nombre del operador: Herbes del Molí Coop V.","Dirección del operador: P.I. La Creueta, Avd. Constitución, 5 - 03827 Benimarfull (Alicante) ESPAÑA","Cantidad Neta: 40 g","Otras menciones obligatorias en la etiqueta: Producto procedente de la agricultura ecológica."],"ingredients":[" Sal, orégano"],"conservation":" Mantener el envase bien cerrado en ambiente seco y fresco.","ean":"8428201320468"},{"full_name":"EL CORTE INGLES comino molido tarro 46 g","name":"comino molido tarro 46 g","brand":"EL CORTE INGLES ","img":"https://sgfm.elcorteingles.es/SGFM/dctm/MEDIA03/201701/18/00120945104410____1__600x600.jpg","price":"0,79 €","price_unit":"(17,17 € / Kilo)","categories":["Supermercado","Alimentación General","Especias, sazonadores y ayudas para cocinar","Especias diversas","EL CORTE INGLES comino molido tarro 46 g"],"general_information":["Denominación del alimento: COMINO  MOLIDO","Nombre del operador: Envasado en la UE \nDistribuido para el\nGrupo El Corte Inglés\nHermosilla, 112   28009 Madrid ? España \npor CIF: A08863680","Cantidad Neta: 46 g"],"ingredients":[],"conservation":" Conservar alejado de la luz, del calor y de la humedad","ean":"8433329069151"},{"full_name":"DUCROS bicarbonato sódico envase 250 g","name":"bicarbonato sódico envase 250 g","brand":"DUCROS ","img":"https://sgfm.elcorteingles.es/SGFM/dctm/MEDIA03/201610/18/00120943600054____1__600x600.jpg","price":"1,89 €","price_unit":"(7,56 € / Kilo)","categories":["Supermercado","Alimentación General","Especias, sazonadores y ayudas para cocinar","Especias diversas","DUCROS bicarbonato sódico envase 250 g"],"general_information":["Denominación del alimento: bicarbonato sódico","País de origen: Alemania","Nombre del operador: McCormick España, S.A.","Dirección del operador: Av. Francesc Macià, 38 p. 11\n08208 Sadabell","Cantidad Neta: 0.250 Kilogramos"],"ingredients":[" INGREDIENTE: Carbonato ácido de sodio E500(ii)."],"conservation":" Conservar alejado de la luz,\ndel calor y de la humedad.","ean":"3166298905209"},{"full_name":"DUCROS ajonjolí granos de sésamo frasco 55 g","name":"ajonjolí granos de sésamo frasco 55 g","brand":"DUCROS ","img":"https://sgfm.elcorteingles.es/SGFM/dctm/MEDIA03/201610/18/00120945101226____1__600x600.jpg","price":"1,73 €            ","price_unit":"(34 € / Kilo)","categories":["Supermercado","Alimentación General","Especias, sazonadores y ayudas para cocinar","Especias diversas","DUCROS ajonjolí granos de sésamo frasco 55 g"],"general_information":[],"ingredients":[],"ean":"3166296209385"},{"full_name":"DUCROS SELECCION mezcla para Tajine frasco 44 g","name":"SELECCION mezcla para Tajine frasco 44 g","brand":"DUCROS ","img":"https://sgfm.elcorteingles.es/SGFM/dctm/MEDIA03/201610/18/00120945104105____2__600x600.jpg","price":"3,25 €","price_unit":"(73,86 € / Kilo)","categories":["Supermercado","Alimentación General","Especias, sazonadores y ayudas para cocinar","Especias diversas","DUCROS SELECCION mezcla para Tajine frasco 44 g"],"general_information":["Denominación del alimento: Mezcla Para Tajine","País de origen: Alemania","Nombre del operador: McCormick España, S.A.","Dirección del operador: Av.Francesc Maciá, 38 P.11 08208 Saradell","Cantidad Neta: 44.000 g"],"ingredients":[" Semillas de comino tostadas enteras y molidas (20,5 %), pimentón dulce, cebolla deshidratada, ajo deshidratado, grano de cilantro tostado (9%), sal, pimenta negra, hojas de menta, canela (3%), hojas de cilantro, semillas de MOSTAZA, grano de cilantro, antiaglomerante: silicato cálcico, cúrcuma, clavo, fenogreco, comino, hinojo, nuez moscada, pimenta de jamaica, pimenta de cayena, plantas aromaticas."],"ean":"3166296203369"},{"full_name":"DUCROS jengibre molido frasco 38 g","name":"jengibre molido frasco 38 g","brand":"DUCROS ","img":"https://sgfm.elcorteingles.es/SGFM/dctm/MEDIA03/201610/03/00120945100962____1__600x600.jpg","price":"1,79 €","price_unit":"(47,11 € / Kilo)","categories":["Supermercado","Alimentación General","Especias, sazonadores y ayudas para cocinar","Especias diversas","DUCROS jengibre molido frasco 38 g"],"general_information":["Denominación del alimento: jengibre molido","País de origen: Francia","Nombre del operador: McCormick España, S.A.","Dirección del operador: Av. Francesc Macià, 38 p. 11\n08208 Sadabell","Cantidad Neta: 0.026 Kilogramos"],"ingredients":[" INGREDIENTE: : Jengibre molido."],"conservation":" Conservar alejado de la luz, del calor y de la humedad.","ean":"8410219856299"},{"full_name":"DUCROS anís verde frasco 37 g","name":"anís verde frasco 37 g","brand":"DUCROS ","img":"https://sgfm.elcorteingles.es/SGFM/dctm/MEDIA03/201610/03/00120945101002____1__600x600.jpg","price":"1,75 €","price_unit":"(47,30 € / Kilo)","categories":["Supermercado","Alimentación General","Especias, sazonadores y ayudas para cocinar","Especias diversas","DUCROS anís verde frasco 37 g"],"general_information":["Denominación del alimento: anís verde","País de origen: Francia","Nombre del operador: McCormick España, S.A.","Dirección del operador: Av. Francesc Macià, 38 p. 11\n\n08208 Sadabell","Cantidad Neta: 37.000 g"],"ingredients":[" INGREDIENTE: Anís Verde."],"conservation":" Conservar alejado de la luz, del calor y de la humedad.","ean":"3166290200104"},{"full_name":"DUCROS comino entero frasco 35 g","name":"comino entero frasco 35 g","brand":"DUCROS ","img":"https://sgfm.elcorteingles.es/SGFM/dctm/MEDIA03/201610/03/00120945101093____1__600x600.jpg","price":"1,75 €","categories":["Supermercado","Alimentación General","Especias, sazonadores y ayudas para cocinar","Especias diversas","DUCROS comino entero frasco 35 g"],"general_information":["Denominación del alimento: comino entero","País de origen: Francia","Nombre del operador: McCormick España, S.A.","Dirección del operador: Av. Francesc Macià, 38 p. 11 08208 Sadabell","Cantidad Neta: 0.035 Kilogramos"],"ingredients":[" INGREDIENTE: Comino Entero."],"conservation":" Conservar alejado de la luz, del calor y de la humedad","ean":"3166290200371"},{"full_name":"DUCROS comino molido frasco 32 g","name":"comino molido frasco 32 g","brand":"DUCROS ","img":"https://sgfm.elcorteingles.es/SGFM/dctm/MEDIA03/201610/19/00120945101101____1__600x600.jpg","price":"1,58 €            ","price_unit":"(47,19 € / Kilo)","categories":["Supermercado","Alimentación General","Especias, sazonadores y ayudas para cocinar","Especias diversas","DUCROS comino molido frasco 32 g"],"general_information":["Denominación del alimento: comino molido","País de origen: Francia","Nombre del operador: McCormick España, S.A.","Dirección del operador: Av. Francesc Macià, 38 p. 11\n08208 Sadabell","Cantidad Neta: 0.028 Kilogramos"],"ingredients":[" INGREDIENTE: : Comino molido."],"conservation":" Conservar alejado de la luz, del calor y de la humedad.","ean":"8410219856282"},{"full_name":"DUCROS clavo entero frasco 23 g","name":"clavo entero frasco 23 g","brand":"DUCROS ","img":"https://sgfm.elcorteingles.es/SGFM/dctm/MEDIA03/201610/03/00120945101069____1__600x600.jpg","price":"2,35 €            ","price_unit":"(100,43 € / Kilo)","categories":["Supermercado","Alimentación General","Especias, sazonadores y ayudas para cocinar","Especias diversas","DUCROS clavo entero frasco 23 g"],"general_information":["Denominación del alimento: clavo entero","País de origen: Francia","Nombre del operador: McCormick España, S.A.","Dirección del operador: Av. Francesc Macià, 38 p. 11\n08208 Sadabell","Cantidad Neta: 23.000 g"],"ingredients":[" INGREDIENTE: Clavo entero."],"conservation":" Conservar alejado de la luz, del calor y de la humedad.","ean":"3166290200562"},{"full_name":"DUCROS ramillete de hierbas aromáticas bolsa 9 g","name":"ramillete de hierbas aromáticas bolsa 9 g","brand":"DUCROS ","img":"https://sgfm.elcorteingles.es/SGFM/dctm/MEDIA03/201610/19/00120945100954____6__600x600.jpg","price":"2,75 €","price_unit":"(305,56 € / Kilo)","categories":["Supermercado","Alimentación General","Especias, sazonadores y ayudas para cocinar","Especias diversas","DUCROS ramillete de hierbas aromáticas bolsa 9 g"],"general_information":["Denominación del alimento: 3 ramilletes tomillo y laurel","País de origen: Francia","Nombre del operador: McCormick España, S.A.","Dirección del operador: Av. Francesc Macià, 38 p. 11\n08208 Sadabell","Cantidad Neta: 9.000 g"],"ingredients":[" INGREDIENTES: Tomillo, laurel."],"conservation":" Conservar alejado de la luz, del calor y de la humedad.","ean":"8410219850136"},{"full_name":"TOQUE selección 10 botánicos para dar un toque especial a tu Gin&Tonic estuche 10 unidades","name":"selección 10 botánicos para dar un toque especial a tu Gin&Tonic estuche 10 unidades","brand":"TOQUE ","img":"https://sgfm.elcorteingles.es/SGFM/03/28/9/0120945103289/0120945103289000g01011.jpg","price":"37,25 €            ","price_unit":"(32,78 € / Unidad)","categories":["Supermercado","Alimentación General","Especias, sazonadores y ayudas para cocinar","Especias diversas","TOQUE selección 10 botánicos para dar un toque especial a tu Gin&Tonic estuche 10 unidades"],"general_information":["Denominación del alimento: Kit de 10 ingredientes seleccionados para Gin&Tonic","Nombre del operador: Verdu Canto Saffron","Dirección del operador: Sargento Navarro, 7. 03660 Novelda, (Alicante) España","Cantidad Neta: 180,0 g"],"ingredients":[" Regaliz (33g), cassia (28g), bayas de enebro (21g), cardamomo (19g), pimienta rosa (18g), pimienta cubeba (21g), kumquat (13g), flor de hibisco (12g), anís estrellado (10g), pétalos de rosa (5g)."],"conservation":" Conservar en lugar fresco y seco.","ean":"8412206004072"},{"full_name":"TOQUE selección de 6 botánicos para Gin Tonic estuche 92 g","name":"selección de 6 botánicos para Gin Tonic estuche 92 g","brand":"TOQUE ","img":"https://sgfm.elcorteingles.es/SGFM/dctm/MEDIA03/201711/29/00120945104915____1__600x600.jpg","price":"33,79 €","price_unit":"(367,28 € / Kilo)","categories":["Supermercado","Alimentación General","Especias, sazonadores y ayudas para cocinar","Especias diversas","TOQUE selección de 6 botánicos para Gin Tonic estuche 92 g"],"general_information":[],"ingredients":[],"ean":"8412206004447"},{"full_name":"TOQUE selección de especias para vermouth estuche 6 unidades","name":"selección de especias para vermouth estuche 6 unidades","brand":"TOQUE ","img":"https://sgfm.elcorteingles.es/SGFM/dctm/MEDIA03/201612/12/00120945104402____1__600x600.jpg","price":"29,15 €            ","price_unit":"(23,95 € / Unidad)","categories":["Supermercado","Alimentación General","Especias, sazonadores y ayudas para cocinar","Especias diversas","TOQUE selección de especias para vermouth estuche 6 unidades"],"general_information":[],"ingredients":[],"ean":"8412206005635"},{"full_name":"TOQUE especias para cócteles selección de 3 botánicos para Cuba Libre estuche 57 g","name":"especias para cócteles selección de 3 botánicos para Cuba Libre estuche 57 g","brand":"TOQUE ","img":"https://sgfm.elcorteingles.es/SGFM/03/81/8/0120945103818/0120945103818000g01011.jpg","price":"4,47 €            ","price_unit":"(74,74 € / Kilo)","categories":["Supermercado","Alimentación General","Especias, sazonadores y ayudas para cocinar","Especias diversas","TOQUE especias para cócteles selección de 3 botánicos para Cuba Libre estuche 57 g"],"general_information":["Denominación del alimento: Selección de 3 botánicos para tu Cuba Libre","Nombre del operador: Verdu Canto Saffron","Dirección del operador: Sargento Navarro, 7. 03660 Novelda, (Alicante) España","Cantidad Neta: 57,0 g"],"ingredients":[" Semillas de cacao (30g), café (18g), tira de naranja (9g)."],"conservation":" Manténgase en lugar fresco y seco.","ean":"8412206004386"},{"full_name":"TOQUE especias para cócteles selección de 3 botánicos para  Vermouth estuche 40 g","name":"especias para cócteles selección de 3 botánicos para  Vermouth estuche 40 g","brand":"TOQUE ","img":"https://sgfm.elcorteingles.es/SGFM/03/79/2/0120945103792/0120945103792000g01011.jpg","price":"4,47 €            ","price_unit":"(106,50 € / Kilo)","categories":["Supermercado","Alimentación General","Especias, sazonadores y ayudas para cocinar","Especias diversas","TOQUE especias para cócteles selección de 3 botánicos para  Vermouth estuche 40 g"],"general_information":["Denominación del alimento: Selección de 3 botánicos para tu Vermouth","Nombre del operador: Verdu Canto Saffron","Dirección del operador: Sargento Navarro, 7. 03660 Novelda, (Alicante) España","Cantidad Neta: 40,0 g"],"ingredients":[" Canela Cassia (25g), Tira de naranja (9g), vainilla (6g)."],"conservation":" Manténgase en lugar fresco y seco.","ean":"8412206004409"},{"full_name":"TOQUE especias para cócteles selección de 3 botánicos para Gin&Tonic estuche 35 g","name":"especias para cócteles selección de 3 botánicos para Gin&Tonic estuche 35 g","brand":"TOQUE ","img":"https://sgfm.elcorteingles.es/SGFM/03/31/3/0120945103313/0120945103313000g01011.jpg","price":"4,47 €            ","price_unit":"(121,71 € / Kilo)","categories":["Supermercado","Alimentación General","Especias, sazonadores y ayudas para cocinar","Especias diversas","TOQUE especias para cócteles selección de 3 botánicos para Gin&Tonic estuche 35 g"],"general_information":["Denominación del alimento: Kit de 3 ingredientes seleccionados para Gin&Tonic","Nombre del operador: Verdu Canto Saffron","Dirección del operador: Sargento Navarro, 7. 03660 Novelda, (Alicante) España","Cantidad Neta: 35,0 g"],"ingredients":[" Bayas de enebro (14g), cardamomo (15g), flor de hibisco (6g)."],"conservation":" Manténgase en lugar fresco y seco.","ean":"8412206004126"},{"full_name":"TOQUE especias para cócteles selección de 3 botánicos para Vodka&Tonic estuche 29 g","name":"especias para cócteles selección de 3 botánicos para Vodka&Tonic estuche 29 g","brand":"TOQUE ","img":"https://sgfm.elcorteingles.es/SGFM/03/80/0/0120945103800/0120945103800000g01011.jpg","price":"4,47 €            ","price_unit":"(146,90 € / Kilo)","categories":["Supermercado","Alimentación General","Especias, sazonadores y ayudas para cocinar","Especias diversas","TOQUE especias para cócteles selección de 3 botánicos para Vodka&Tonic estuche 29 g"],"general_information":["Denominación del alimento: Selección de 3 botánicos para Vodka&Tonic","Nombre del operador: Verdu Canto Saffron","Dirección del operador: Sargento Navarro, 7. 03660 Novelda, (Alicante) España","Cantidad Neta: 29,5 g"],"ingredients":[" Jengibre (18g), anís estrellado (10g) y flor de malva (1.5g)"],"conservation":" Manténgase en lugar fresco y seco.","ean":"8412206004393"},{"full_name":"ODALISCA piñones mondados frasco 45 g","name":"piñones mondados frasco 45 g","brand":"ODALISCA ","img":"https://sgfm.elcorteingles.es/SGFM/00/24/4/0120945100244/0120945100244000g01011.jpg","price":"5,12 €","price_unit":"(113,78 € / Kilo)","categories":["Supermercado","Alimentación General","Especias, sazonadores y ayudas para cocinar","Especias diversas","ODALISCA piñones mondados frasco 45 g"],"general_information":["Denominación del alimento: Piñones","Nombre del operador: Jose M Fuster Hernandez","Dirección del operador: Pol. Industrial Cabezo Cortado Avda. del Este s/n - 30100- Espinardo (Murcia).","Cantidad Neta: 45,0 g"],"ingredients":[" Semillas de Pinus sp."],"conservation":" Conservar en lugar fresco y seco, ausente de luz.","ean":"8412798600263"},{"full_name":"ODALISCA cayena en rama frasco 12 g","name":"cayena en rama frasco 12 g","brand":"ODALISCA ","img":"https://sgfm.elcorteingles.es/SGFM/00/17/8/0120945100178/0120945100178000g01011.jpg","price":"1,42 €","price_unit":"(118,33 € / Kilo)","categories":["Supermercado","Alimentación General","Especias, sazonadores y ayudas para cocinar","Especias diversas","ODALISCA cayena en rama frasco 12 g"],"general_information":["Denominación del alimento: Cayena en rama","Nombre del operador: Jose M Fuster Hernandez","Dirección del operador: Pol. Industrial Cabezo Cortado Avda. del Este s/n - 30100- Espinardo (Murcia).","Cantidad Neta: 12,0 g"],"ingredients":[],"conservation":" Conservar en lugar fresco y seco, ausente de luz.","ean":"8412798600065"},{"full_name":"DELICIAS pimientos Piri-Piri frasco 45 g neto escurrido","name":"pimientos Piri-Piri frasco 45 g neto escurrido","brand":"DELICIAS ","img":"https://sgfm.elcorteingles.es/SGFM/00/27/7/0120945100277/0120945100277000g01011.jpg","price":"1,68 €","price_unit":"(37,33 € / Kilo)","categories":["Supermercado","Alimentación General","Especias, sazonadores y ayudas para cocinar","Especias diversas","DELICIAS pimientos Piri-Piri frasco 45 g neto escurrido"],"general_information":[],"ingredients":[],"ean":"8410182950079"},{"full_name":"TURCI trufa blanca liquida spray 40 ml","name":"trufa blanca liquida spray 40 ml","brand":"TURCI ","img":"https://sgfm.elcorteingles.es/SGFM/dctm/MEDIA03/201609/16/00120945104170____1__600x600.jpg","price":"2,13 €","price_unit":"(53,25 € / Litro)","categories":["Supermercado","Alimentación General","Especias, sazonadores y ayudas para cocinar","Especias diversas","TURCI trufa blanca liquida spray 40 ml"],"general_information":["Denominación del alimento: TRUFA BLANCA EN SPRAY","Nombre del operador: Selfoods SAU","Dirección del operador: El Rebato s/n 08739 SUBIRATS (Barcelona)","Lugar de procedencia del alimento: Italia","Cantidad Neta: 40 Mililitros","Otras menciones obligatorias en la etiqueta: No contiene alérgenos."],"ingredients":[" 51% Infusión de trufa blanca (Tuber magnatum), 48% aceite de girasol, 1% aroma"],"conservation":" Conservar en lugar fresco y oscuro","ean":"0813940020010"},{"full_name":"SALT & MORE mezcla de especias italianas envase 120 g","name":"mezcla de especias italianas envase 120 g","brand":"SALT & MORE ","img":"https://sgfm.elcorteingles.es/SGFM/dctm/MEDIA03/201603/23/00120902300811____1__600x600.jpg","price":"5,33 €","price_unit":"(44,42 € / Kilo)","categories":["Supermercado","Alimentación General","Especias, sazonadores y ayudas para cocinar","Especias diversas","SALT & MORE mezcla de especias italianas envase 120 g"],"general_information":[],"ingredients":[],"ean":"9120046473819"},{"full_name":"CANNAMELA preparado para salsa de ajo, aceite y peperoncino bolsa 18 g","name":"preparado para salsa de ajo, aceite y peperoncino bolsa 18 g","brand":"CANNAMELA ","img":"https://sgfm.elcorteingles.es/SGFM/dctm/MEDIA03/201710/24/00120945104279____6__600x600.jpg","price":"2,35 €","price_unit":"(130,56 € / Kilo)","categories":["Supermercado","Alimentación General","Especias, sazonadores y ayudas para cocinar","Especias diversas","CANNAMELA preparado para salsa de ajo, aceite y peperoncino bolsa 18 g"],"general_information":["Denominación del alimento: Preparado para salsa con ajo. aceite y chile","País de origen: Italia","Nombre del operador: Inasa Import S.L","Dirección del operador: Calle Zurbarán 7. entreplanta 4-28010 Madrid","Lugar de procedencia del alimento: Italia","Cantidad Neta: 18 g"],"ingredients":[" Ajo 52% (contiene naturalmente dióxido de azufre), chile 45%, pimienta negra, Sin conservantes."],"conservation":" Conservar lejos de la luz, humedad y fuentes de calor.","ean":"8003240632002"},{"full_name":"CANNAMELA preparado para salsa a la Arrabbiata con peperoncino bolsa 20 g","name":"preparado para salsa a la Arrabbiata con peperoncino bolsa 20 g","brand":"CANNAMELA ","img":"https://sgfm.elcorteingles.es/SGFM/dctm/MEDIA03/201710/24/00120945104287____6__600x600.jpg","price":"2,35 €","price_unit":"(117,50 € / Kilo)","categories":["Supermercado","Alimentación General","Especias, sazonadores y ayudas para cocinar","Especias diversas","CANNAMELA preparado para salsa a la Arrabbiata con peperoncino bolsa 20 g"],"general_information":["Denominación del alimento: Preparado para salsa a la Arrabbiata con chile","País de origen: Italia","Nombre del operador: Inasa Import S.L","Dirección del operador: Calle Zurbarán 7. entreplanta 4-28010 Madrid","Lugar de procedencia del alimento: Italia","Cantidad Neta: 20 g"],"ingredients":[" Tomate, ajo (contiene naturalmente dióxido de azufre), chile 8%, perejil, pimienta negra, Sin conservantes."],"conservation":" Conservar lejos de la luz, humedad y fuentes de calor.","ean":"8003240632033"},{"full_name":"CANNAMELA preparado para salsa Amatriciana con cebolla bolsa 20 g","name":"preparado para salsa Amatriciana con cebolla bolsa 20 g","brand":"CANNAMELA ","img":"https://sgfm.elcorteingles.es/SGFM/dctm/MEDIA03/201710/24/00120945104295____6__600x600.jpg","price":"2,35 €","price_unit":"(117,50 € / Kilo)","categories":["Supermercado","Alimentación General","Especias, sazonadores y ayudas para cocinar","Especias diversas","CANNAMELA preparado para salsa Amatriciana con cebolla bolsa 20 g"],"general_information":["Denominación del alimento: Preparado para salsa a la Amatriciana con cebolla","País de origen: Italia","Nombre del operador: Inasa Import S.L","Dirección del operador: Calle Zurbarán 7. entreplanta 4-28010 Madrid","Lugar de procedencia del alimento: Italia","Cantidad Neta: 20 g"],"ingredients":[" Cebolla 62% (contiene naturalmente dióxido de azufre), tomate, chile, Sin conservantes,"],"conservation":" Conservar lejos de la luz, humedad y fuentes de calor.","ean":"8003240005004"},{"full_name":"CANNAMELA preparado para salsa a la Zingara bolsa 20 g","name":"preparado para salsa a la Zingara bolsa 20 g","brand":"CANNAMELA ","img":"https://sgfm.elcorteingles.es/SGFM/dctm/MEDIA03/201710/24/00120945104303____6__600x600.jpg","price":"2,35 €","price_unit":"(117,50 € / Kilo)","categories":["Supermercado","Alimentación General","Especias, sazonadores y ayudas para cocinar","Especias diversas","CANNAMELA preparado para salsa a la Zingara bolsa 20 g"],"general_information":["Denominación del alimento: Preparado para salsa a la Zingara con alcaparras","País de origen: Italia","Nombre del operador: Inasa Import S.L","Dirección del operador: Calle Zurbarán 7. entreplanta 4-28010 Madrid","Lugar de procedencia del alimento: Italia","Cantidad Neta: 20 g"],"ingredients":[" Ajo, cebolla (contiene naturalmente dióxido de azufre), tomate, perejil, alcaparras (alcaparras, sal) 6%, aceitunas verdes (aceitunas, sal), pimienta negra, Sin conservantes,"],"conservation":" Conservar lejos de la luz, humedad y fuentes de calor.","ean":"8003240632125"},{"full_name":"ARTEMIS cardomomo ecológico 100% Bio frasco 25 g","name":"cardomomo ecológico 100% Bio frasco 25 g","brand":"ARTEMIS ","img":"https://sgfm.elcorteingles.es/SGFM/dctm/MEDIA03/201702/10/00120950000081____1__600x600.jpg","price":"2,97 €","price_unit":"(118,80 € / Kilo)","categories":["Supermercado","Alimentación General","Especias, sazonadores y ayudas para cocinar","Especias diversas","ARTEMIS cardomomo ecológico 100% Bio frasco 25 g"],"general_information":["Denominación del alimento: Cardamomo","Nombre del operador: Herbes del Molí Coop V.","Dirección del operador: Av. Constitución, 5 - 03827 Benimarfull (Alicante)","Cantidad Neta: 25 g"],"ingredients":[],"conservation":" Mantener el envase bien cerrado en ambiente seco y fresco.","ean":"8428201320369"},{"full_name":"ARTEMIS cinco especias ecológicas 100% Bio frasco 30 g","name":"cinco especias ecológicas 100% Bio frasco 30 g","brand":"ARTEMIS ","img":"https://sgfm.elcorteingles.es/SGFM/dctm/MEDIA03/201702/10/00120950000115____1__600x600.jpg","price":"3,10 €","price_unit":"(103,33 € / Kilo)","categories":["Supermercado","Alimentación General","Especias, sazonadores y ayudas para cocinar","Especias diversas","ARTEMIS cinco especias ecológicas 100% Bio frasco 30 g"],"general_information":["Denominación del alimento: Cinco Especias","Nombre del operador: Herbes del Molí, Coop. V.","Dirección del operador: P.I. La Creueta, Avd. Constitución, 5 - 03827 Benimarfull (Alicante) ESPAÑA","Cantidad Neta: 30 g","Otras menciones obligatorias en la etiqueta: Producto procedente de la agricultura ecológica."],"ingredients":[" Anís Verde (Pimpinella Anisum), Hinojo (Foeniculum Vulgare), Canela (Cinnamomun sp.), Pimienta Negra (Piper Nigrum) y Clavo (Eugenia Caryophyllata). Puede contener trazas de gluten."],"conservation":" Mantener el envase bien cerrado en ambiente seco y fresco.","ean":"8428201320130"},{"full_name":"ARTEMIS clavo ecológico 100% Bio frasco 30 g","name":"clavo ecológico 100% Bio frasco 30 g","brand":"ARTEMIS ","img":"https://sgfm.elcorteingles.es/SGFM/dctm/MEDIA03/201702/10/00120950000123____1__600x600.jpg","price":"2,75 €","price_unit":"(91,67 € / Kilo)","categories":["Supermercado","Alimentación General","Especias, sazonadores y ayudas para cocinar","Especias diversas","ARTEMIS clavo ecológico 100% Bio frasco 30 g"],"general_information":["Denominación del alimento: Clavo","Nombre del operador: Herbes del Molí Coop V.","Dirección del operador: Av. Constitución, 5 - 03827 Benimarfull (Alicante)","Cantidad Neta: 30 g"],"ingredients":[],"conservation":" Mantener el envase bien cerrado en ambiente seco y fresco.","ean":"8428201320031"},{"full_name":"ARTEMIS comino en grano ecológico 100% Bio frasco 20 g","name":"comino en grano ecológico 100% Bio frasco 20 g","brand":"ARTEMIS ","img":"https://sgfm.elcorteingles.es/SGFM/dctm/MEDIA03/201702/10/00120950000131____1__600x600.jpg","price":"2,35 €","price_unit":"(117,50 € / Kilo)","categories":["Supermercado","Alimentación General","Especias, sazonadores y ayudas para cocinar","Especias diversas","ARTEMIS comino en grano ecológico 100% Bio frasco 20 g"],"general_information":["Denominación del alimento: Pimienta","Nombre del operador: Herbes del Molí Coop V.","Dirección del operador: Av. Constitución, 5 - 03827 Benimarfull (Alicante)","Cantidad Neta: 20 g"],"ingredients":[" Puede contener trazas de gluten."],"conservation":" Mantener el envase bien cerrado en ambiente seco y fresco.","ean":"8428201320055"},{"full_name":"ARTEMIS anís verde ecológico 100% Bio frasco 30 g","name":"anís verde ecológico 100% Bio frasco 30 g","brand":"ARTEMIS ","img":"https://sgfm.elcorteingles.es/SGFM/dctm/MEDIA03/201703/06/00120950000040____1__600x600.jpg","price":"2,55 €","price_unit":"(72,86 € / Kilo)","categories":["Supermercado","Alimentación General","Especias, sazonadores y ayudas para cocinar","Especias diversas","ARTEMIS anís verde ecológico 100% Bio frasco 30 g"],"general_information":["Denominación del alimento: Anís Verde -Eco-","Nombre del operador: Herbes del Molí Coop V.","Dirección del operador: P.I. La Creueta, Avd. Constitución, 5 - 03827 Benimarfull (Alicante) ESPAÑA","Cantidad Neta: 30 g","Otras menciones obligatorias en la etiqueta: Producto procedente de la agricultura ecológica."],"ingredients":[" Anís Verde"],"conservation":" Mantener el envase bien cerrado en ambiente seco y fresco.","ean":"8428201320277"},{"full_name":"ARTEMIS mezcla ensaladas ecológico 100% Bio frasco 25 g","name":"mezcla ensaladas ecológico 100% Bio frasco 25 g","brand":"ARTEMIS ","img":"https://sgfm.elcorteingles.es/SGFM/dctm/MEDIA03/201703/06/00120950000214____1__600x600.jpg","price":"2,35 €","price_unit":"(94 € / Kilo)","categories":["Supermercado","Alimentación General","Especias, sazonadores y ayudas para cocinar","Especias diversas","ARTEMIS mezcla ensaladas ecológico 100% Bio frasco 25 g"],"general_information":["Denominación del alimento: Mezcla ensaladas - Eco-","Nombre del operador: Herbes del Molí Coop V.","Dirección del operador: P.I. La Creueta, Avd. Constitución, 5 - 03827 Benimarfull (Alicante) ESPAÑA","Cantidad Neta: 25 g","Otras menciones obligatorias en la etiqueta: Producto procedente de la agricultura ecológica."],"ingredients":[" Perejil, Albahaca, Cebolla, Ajo."],"conservation":" Mantener el envase bien cerrado en ambiente seco y fresco.","ean":"8428201320178"},{"full_name":"ARTEMIS piñones ecológico 100% Bio frasco 50 g","name":"piñones ecológico 100% Bio frasco 50 g","brand":"ARTEMIS ","img":"https://sgfm.elcorteingles.es/SGFM/dctm/MEDIA03/201703/06/00120950000321____1__600x600.jpg","price":"4,85 €","price_unit":"(97 € / Kilo)","categories":["Supermercado","Alimentación General","Especias, sazonadores y ayudas para cocinar","Especias diversas","ARTEMIS piñones ecológico 100% Bio frasco 50 g"],"general_information":["Denominación del alimento: Piñones Eco-","Nombre del operador: Herbes del Molí Coop V.","Dirección del operador: P.I. La Creueta, Avd. Constitución, 5 - 03827 Benimarfull (Alicante) ESPAÑA","Cantidad Neta: 45 g","Otras menciones obligatorias en la etiqueta: Producto procedente de la agricultura ecológica."],"ingredients":[" Piñones"],"conservation":" Mantener el envase bien cerrado en ambiente seco y fresco.","ean":"8428201320321"},{"full_name":"ARGODEY FORTALEZA condimento especial para elaborar Mojo Picón bandeja 75 g","name":"condimento especial para elaborar Mojo Picón bandeja 75 g","brand":"ARGODEY FORTALEZA ","img":"https://sgfm.elcorteingles.es/SGFM/dctm/MEDIA02/CONTENIDOS/201510/20/00120945103214____1__600x600.jpg","price":"1,79 €","price_unit":"(23,87 € / Kilo)","categories":["Supermercado","Alimentación General","Especias, sazonadores y ayudas para cocinar","Especias diversas","ARGODEY FORTALEZA condimento especial para elaborar Mojo Picón bandeja 75 g"],"general_information":["Denominación del alimento: Condimento mojo picón","Nombre del operador: Argodey Fortaleza, S.L.","Dirección del operador: C/ Garajonay, 41 - 38108 La Laguna","Cantidad Neta: 75 g"],"ingredients":[" Ajo granulado, hojilla dulce triturada, pimentón dulce, y cayena molida."],"conservation":" Temperatura ambiente.","ean":"8410973015000"},{"full_name":"DANI especias picadas bolsa 25 g","name":"especias picadas bolsa 25 g","brand":"DANI ","img":"https://sgfm.elcorteingles.es/SGFM/dctm/MEDIA03/201612/08/00120945104378____1__600x600.jpg","price":"1,16 €","price_unit":"(46,40 € / Kilo)","categories":["Supermercado","Alimentación General","Especias, sazonadores y ayudas para cocinar","Especias diversas","DANI especias picadas bolsa 25 g"],"general_information":["Denominación del alimento: Picadas","Nombre del operador: Conservas Dani S.A.U.","Dirección del operador: Pol. Ind. \"Els Garrofers\" · Parc 32-35-37, Vilassar de Mar (Barcelona)","Cantidad Neta: 25 g"],"ingredients":[" Colines (harina de trigo, grasa vegetal (palma y soja), azúcar, levadura y gluten de trigo, almendras, avellanas y piñones.Contiene Gluten"],"conservation":" Conservar en lugar fresco y seco","ean":"8410721004669"},{"full_name":"EL CORTE INGLES ajo molido envase 65 g","name":"ajo molido envase 65 g","brand":"EL CORTE INGLES ","img":"https://sgfm.elcorteingles.es/SGFM/dctm/MEDIA03/201610/19/00120945104337____1__600x600.jpg","price":"0,59 €","price_unit":"(9,08 € / Kilo)","categories":["Supermercado","Alimentación General","Especias, sazonadores y ayudas para cocinar","Especias de ajo","EL CORTE INGLES ajo molido envase 65 g"],"general_information":["Denominación del alimento: Ajo","Nombre del operador: Envasado en la UE \nDistribuido para el\nGrupo El Corte Inglés\nHermosilla, 112   28009 Madrid ? España \npor CIF: A08863680","Cantidad Neta: 65 g"],"ingredients":[" Ingrediente: Ajo deshidratado"],"conservation":" Conservar alejado de la luz, del calor y de la\n humedad","ean":"8433329069090"},{"full_name":"DUCROS ajo molinillo frasco 40 g","name":"ajo molinillo frasco 40 g","brand":"DUCROS ","img":"https://sgfm.elcorteingles.es/SGFM/dctm/MEDIA03/201610/18/00200445100175____1__600x600.jpg","price":"2,51 €            ","price_unit":"(61,75 € / Kilo)","categories":["Supermercado","Alimentación General","Especias, sazonadores y ayudas para cocinar","Especias de ajo","DUCROS ajo molinillo frasco 40 g"],"general_information":["Denominación del alimento: el molinillo ajo","País de origen: Francia","Nombre del operador: McCormick España, S.A.","Dirección del operador: Av. Francesc Macià, 38 p. 11\n08208 Sadabell","Cantidad Neta: 0.040 Kilogramos"],"ingredients":[" INGREDIENTE: Ajo deshidratado."],"conservation":" Conservar alejado de la luz, del calor y de la humedad.","ean":"3166298430404"},{"full_name":"DUCROS ajo molido frasco 290 g","name":"ajo molido frasco 290 g","brand":"DUCROS ","img":"https://sgfm.elcorteingles.es/SGFM/dctm/MEDIA03/201610/18/00120945103891____1__600x600.jpg","price":"7,95 €","price_unit":"(27,41 € / Kilo)","categories":["Supermercado","Alimentación General","Especias, sazonadores y ayudas para cocinar","Especias de ajo","DUCROS ajo molido frasco 290 g"],"general_information":["Denominación del alimento: ajo","País de origen: Francia","Nombre del operador: McCormick España, S.A.","Dirección del operador: Av. Francesc Macià, 38 p. 11\n08208 Sadabell","Cantidad Neta: 275.000 g"],"ingredients":[" INGREDIENTE: Ajo deshidratado."],"conservation":" Conservar alejado de la luz, del calor y de la humedad.","ean":"3166291010085"},{"full_name":"DUCROS sal de ajo frasco 70 g","name":"sal de ajo frasco 70 g","brand":"DUCROS ","img":"https://sgfm.elcorteingles.es/SGFM/dctm/MEDIA03/201610/18/00120945101200____1__600x600.jpg","price":"2,35 €","price_unit":"(33,57 € / Kilo)","categories":["Supermercado","Alimentación General","Especias, sazonadores y ayudas para cocinar","Especias de ajo","DUCROS sal de ajo frasco 70 g"],"general_information":["Denominación del alimento: sazonador con sal y ajo","País de origen: Alemania","Nombre del operador: McCormick España, S.A.","Dirección del operador: Av. Francesc Macià, 38 p. 11 08208 Sadabell","Cantidad Neta: 0.07 Kilogramos"],"ingredients":[" INGREDIENTES: Sal (74%), ajo (25%), antiaglomerante: E551."],"conservation":"Modo de empleo: Cantidad: 1 cucharadita para 4 personas.","ean":"3166290201064"},{"full_name":"DUCROS ajo molido frasco 58 g","name":"ajo molido frasco 58 g","brand":"DUCROS ","img":"https://sgfm.elcorteingles.es/SGFM/dctm/MEDIA03/201610/03/00120945100996____1__600x600.jpg","price":"2,35 €","price_unit":"(40,52 € / Kilo)","categories":["Supermercado","Alimentación General","Especias, sazonadores y ayudas para cocinar","Especias de ajo","DUCROS ajo molido frasco 58 g"],"general_information":["Denominación del alimento: ajo","País de origen: Francia","Nombre del operador: McCormick España, S.A.","Dirección del operador: Av. Francesc Macià, 38 p. 11\n08208 Sadabell","Cantidad Neta: 60.000 g"],"ingredients":[" INGREDIENTES: Ajo deshidratado."],"conservation":" Conservar alejado de la luz, del calor y de la humedad.","ean":"3166290200081"},{"full_name":"DUCROS ajo picado frasco 52 g","name":"ajo picado frasco 52 g","brand":"DUCROS ","img":"https://sgfm.elcorteingles.es/SGFM/dctm/MEDIA03/201610/18/00120945103396____1__600x600.jpg","price":"2,35 €","price_unit":"(45,19 € / Kilo)","categories":["Supermercado","Alimentación General","Especias, sazonadores y ayudas para cocinar","Especias de ajo","DUCROS ajo picado frasco 52 g"],"general_information":["Denominación del alimento: ajo picado","País de origen: Francia","Nombre del operador: McCormick España, S.A.","Dirección del operador: Av. Francesc Macià, 38 p. 11\n08208 Sadabell","Cantidad Neta: 0.052 Kilogramos"],"ingredients":[" INGREDIENTE: Ajo deshidratado."],"conservation":" Conservar alejado de la luz, del calor y de la humedad.","ean":"3166298532306"},{"full_name":"DUCROS ajo sabor ahumado frasco 48 g","name":"ajo sabor ahumado frasco 48 g","brand":"DUCROS ","img":"https://sgfm.elcorteingles.es/SGFM/dctm/MEDIA03/201706/22/00120945104535____1__600x600.jpg","price":"3,29 €","price_unit":"(68,54 € / Kilo)","categories":["Supermercado","Alimentación General","Especias, sazonadores y ayudas para cocinar","Especias de ajo","DUCROS ajo sabor ahumado frasco 48 g"],"general_information":[],"ingredients":[],"ean":"3166296209088"},{"full_name":"DUCROS ajo en láminas frasco 22 g","name":"ajo en láminas frasco 22 g","brand":"DUCROS ","img":"https://sgfm.elcorteingles.es/SGFM/02/14/1/0120945102141/0120945102141000g01011.jpg","price":"2,35 €","price_unit":"(106,82 € / Kilo)","categories":["Supermercado","Alimentación General","Especias, sazonadores y ayudas para cocinar","Especias de ajo","DUCROS ajo en láminas frasco 22 g"],"general_information":["Denominación del alimento: ajo láminas","País de origen: Francia","Nombre del operador: McCormick España, S.A.","Dirección del operador: Av. Francesc Macià, 38 p. 11\n08208 Sadabell","Cantidad Neta: 0.022 Kilogramos"],"ingredients":[" INGREDIENTE: Ajo láminas."],"conservation":"Modo de empleo: Cantidad: Dosifíque a voluntad.","ean":"3166298464508"},{"full_name":"DUCROS GRAN SELECCION ajo liofilizado frasco 14 g","name":"ajo liofilizado frasco 14 g","brand":"DUCROS GRAN SELECCION ","img":"https://sgfm.elcorteingles.es/SGFM/dctm/MEDIA03/201610/19/00120945101846____1__600x600.jpg","price":"2,15 €","price_unit":"(153,57 € / Kilo)","categories":["Supermercado","Alimentación General","Especias, sazonadores y ayudas para cocinar","Especias de ajo","DUCROS GRAN SELECCION ajo liofilizado frasco 14 g"],"general_information":["Denominación del alimento: ajo","País de origen: Francia","Nombre del operador: McCormick España, S.A.","Dirección del operador: Av. Francesc Macià, 38 p. 11\n08208 Sadabell","Cantidad Neta: 0.014 Kilogramos"],"ingredients":[" INGREDIENTE: Ajo liofilizado."],"conservation":" CONSERVAR ALEJADO DE LA LUZ, DEL CALOR Y DE LA HUMEDAD.","ean":"8410219852291"},{"full_name":"DUCROS GRAN SELECCION ajo perejil frasco 18 g","name":"ajo perejil frasco 18 g","brand":"DUCROS GRAN SELECCION ","img":"https://sgfm.elcorteingles.es/SGFM/dctm/MEDIA03/201610/19/00120945102430____1__600x600.jpg","price":"3,70 €","price_unit":"(205,56 € / Kilo)","categories":["Supermercado","Alimentación General","Especias, sazonadores y ayudas para cocinar","Especias de ajo","DUCROS GRAN SELECCION ajo perejil frasco 18 g"],"general_information":["Denominación del alimento: sazonador ajo perejil","País de origen: Francia","Nombre del operador: McCormick España, S.A.","Dirección del operador: Av. Francesc Macià, 38 p. 11\n08208 Sadabell","Cantidad Neta: 0.018 Kilogramos"],"ingredients":[" INGREDIENTES: Perejil (40%), chalote (30%) y ajo (30%) liofilizados."],"conservation":" CONSERVAR ALEJADO DE LA LUZ, DEL CALOR Y DE LA HUMEDAD.","ean":"8410219852369"},{"full_name":"ARTEMIS ajo granulado ecológico 100% Bio frasco 50 g","name":"ajo granulado ecológico 100% Bio frasco 50 g","brand":"ARTEMIS ","img":"https://sgfm.elcorteingles.es/SGFM/dctm/MEDIA03/201702/10/00120950000024____1__600x600.jpg","price":"2,35 €","price_unit":"(47 € / Kilo)","categories":["Supermercado","Alimentación General","Especias, sazonadores y ayudas para cocinar","Especias de ajo","ARTEMIS ajo granulado ecológico 100% Bio frasco 50 g"],"general_information":["Denominación del alimento: Ajo granulado","Nombre del operador: Herbes del Molí Coop V.","Dirección del operador: Av. Constitución, 5 - 03827 Benimarfull (Alicante)","Cantidad Neta: 50 g"],"ingredients":[],"conservation":" Mantener el envase bien cerrado en ambiente seco y fresco.","ean":"8428201320215"},{"full_name":"ARTEMIS sal de ajo ecológico molinillo 100% Bio frasco 60 g","name":"sal de ajo ecológico molinillo 100% Bio frasco 60 g","brand":"ARTEMIS ","img":"https://sgfm.elcorteingles.es/SGFM/dctm/MEDIA03/201703/23/00120950000354____1__600x600.jpg","price":"3,19 €","price_unit":"(53,17 € / Kilo)","categories":["Supermercado","Alimentación General","Especias, sazonadores y ayudas para cocinar","Especias de ajo","ARTEMIS sal de ajo ecológico molinillo 100% Bio frasco 60 g"],"general_information":["Denominación del alimento: Sal de Ajo -Eco-","Nombre del operador: Herbes del Molí Coop V.","Dirección del operador: P.I. La Creueta, Avd. Constitución, 5 - 03827 Benimarfull (Alicante) ESPAÑA","Cantidad Neta: 60 g","Otras menciones obligatorias en la etiqueta: Producto procedente de la agricultura ecológica."],"ingredients":[" Sal, ajo."],"conservation":" Mantener el envase bien cerrado en ambiente seco y fresco.","ean":"8428201320352"},{"full_name":"EL CORTE INGLES pimentón dulce envase 46 g","name":"pimentón dulce envase 46 g","brand":"EL CORTE INGLES ","img":"https://sgfm.elcorteingles.es/SGFM/dctm/MEDIA03/201610/19/00120945104345____1__600x600.jpg","price":"0,58 €","price_unit":"(12,61 € / Kilo)","categories":["Supermercado","Alimentación General","Especias, sazonadores y ayudas para cocinar","Pimentón","EL CORTE INGLES pimentón dulce envase 46 g"],"general_information":["Denominación del alimento: PIMENTON DULCE","Nombre del operador: Envasado en la UE \nDistribuido para el\nGrupo El Corte Inglés\nHermosilla, 112   28009 Madrid ? España \npor CIF: A08863680","Cantidad Neta: 46 g"],"ingredients":[],"conservation":" Conservar alejado de la luz, del calor y de la humedad","ean":"8433329069212"},{"full_name":"EL CORTE INGLES pimentón picante tarro 47 g","name":"pimentón picante tarro 47 g","brand":"EL CORTE INGLES ","img":"https://sgfm.elcorteingles.es/SGFM/dctm/MEDIA03/201706/07/00120945104626____1__600x600.jpg","price":"0,79 €","price_unit":"(16,81 € / Kilo)","categories":["Supermercado","Alimentación General","Especias, sazonadores y ayudas para cocinar","Pimentón","EL CORTE INGLES pimentón picante tarro 47 g"],"general_information":["Denominación del alimento: Pimentón picante","Nombre del operador: Envasado en la UE \nDistribuido para el\nGrupo El Corte Inglés\nHermosilla, 112   28009 Madrid ? España \npor CIF: A08863680","Cantidad Neta: 47 g"],"ingredients":[" Ingredientes: Pimentón y pimienta de Cayena."],"conservation":" Conservar alejado de la luz, del calor y de la humedad","ean":"8433329069229"},{"full_name":"DUCROS pimentón dulce lata 345 g","name":"pimentón dulce lata 345 g","brand":"DUCROS ","img":"https://sgfm.elcorteingles.es/SGFM/dctm/MEDIA03/201610/19/00200445101934____1__600x600.jpg","price":"10,55 €","price_unit":"(30,58 € / Kilo)","categories":["Supermercado","Alimentación General","Especias, sazonadores y ayudas para cocinar","Pimentón","DUCROS pimentón dulce lata 345 g"],"general_information":["Denominación del alimento: pimentón dulce","País de origen: Portugal","Nombre del operador: McCormick España, S.A.","Dirección del operador: Av. Francesc Macià, 38 p. 11\n08208 Sadabell","Cantidad Neta: 0.345 Kilogramos"],"ingredients":[" INGREDIENTE: Pimentón dulce."],"conservation":" Conservar alejado de la luz, del calor y de la humedad.","ean":"8410219200030"},{"full_name":"LA PURISIMA pimentón dulce lata 250 g","name":"pimentón dulce lata 250 g","brand":"LA PURISIMA ","img":"https://sgfm.elcorteingles.es/SGFM/dctm/MEDIA02/CONTENIDOS/201411/14/00200445101959____1__600x600.jpg","price":"5,45 €","price_unit":"(21,80 € / Kilo)","categories":["Supermercado","Alimentación General","Especias, sazonadores y ayudas para cocinar","Pimentón","LA PURISIMA pimentón dulce lata 250 g"],"general_information":["Denominación del alimento: Pimentón dulce","Nombre del operador: Sucesores de Juan Navarro Hernández, S.L.","Dirección del operador: C/Francisco Salzillo 22 -24, 30169 Murcia","Cantidad Neta: 70 g"],"ingredients":[" Pimentón dulce"],"conservation":" Conservar el lugar fresco, seco y sin luz","ean":"8413808421410"},{"full_name":"DUCROS pimentón dulce lata 160 g","name":"pimentón dulce lata 160 g","brand":"DUCROS ","img":"https://sgfm.elcorteingles.es/SGFM/dctm/MEDIA03/201610/19/00120945100988____1__600x600.jpg","price":"5,77 €","price_unit":"(36,06 € / Kilo)","categories":["Supermercado","Alimentación General","Especias, sazonadores y ayudas para cocinar","Pimentón","DUCROS pimentón dulce lata 160 g"],"general_information":["Denominación del alimento: pimentón dulce","País de origen: Portugal","Nombre del operador: McCormick España, S.A.","Dirección del operador: Av. Francesc Macià, 38 p. 11\n08208 Sadabell","Cantidad Neta: 0.160 Kilogramos"],"ingredients":[" INGREDIENTE: Pimentón dulce."],"conservation":" Conservar alejado de la luz, del calor y de la humedad.","ean":"8410219250028"},{"full_name":"DUCROS pimentón dulce lata 75 g","name":"pimentón dulce lata 75 g","brand":"DUCROS ","img":"https://sgfm.elcorteingles.es/SGFM/dctm/MEDIA03/201610/19/00120945101309____1__600x600.jpg","price":"1,93 €            ","price_unit":"(24,80 € / Kilo)","categories":["Supermercado","Alimentación General","Especias, sazonadores y ayudas para cocinar","Pimentón","DUCROS pimentón dulce lata 75 g"],"general_information":["Denominación del alimento: pimentón dulce","País de origen: Portugal","Nombre del operador: McCormick España, S.A.","Dirección del operador: Av. Francesc Macià, 38 p. 11\n08208 Sadabell","Cantidad Neta: 0.075 Kilogramos"],"ingredients":[" INGREDIENTE: Pimentón dulce."],"conservation":" Conservar alejado de la luz, del calor y de la humedad.","ean":"8410219250011"},{"full_name":"DUCROS pimentón dulce frasco 45 g","name":"pimentón dulce frasco 45 g","brand":"DUCROS ","img":"https://sgfm.elcorteingles.es/SGFM/dctm/MEDIA03/201610/19/00120945101325____1__600x600.jpg","price":"1,75 €","price_unit":"(38,89 € / Kilo)","categories":["Supermercado","Alimentación General","Especias, sazonadores y ayudas para cocinar","Pimentón","DUCROS pimentón dulce frasco 45 g"],"general_information":["Denominación del alimento: pimentón dulce","País de origen: Francia","Nombre del operador: McCormick España, S.A.","Dirección del operador: Av. Francesc Macià, 38 p. 11\n08208 Sadabell","Cantidad Neta: 0.040 Kilogramos"],"ingredients":[" INGREDIENTE: : Pimentón dulce."],"conservation":" Conservar alejado de la luz, del calor y de la humedad.","ean":"8410219857104"},{"full_name":"DUCROS pimentón picante lata 75 g","name":"pimentón picante lata 75 g","brand":"DUCROS ","img":"https://sgfm.elcorteingles.es/SGFM/dctm/MEDIA03/201610/19/00120945102349____1__600x600.jpg","price":"3,10 €","price_unit":"(41,33 € / Kilo)","categories":["Supermercado","Alimentación General","Especias, sazonadores y ayudas para cocinar","Pimentón","DUCROS pimentón picante lata 75 g"],"general_information":["Denominación del alimento: pimentón picante","País de origen: Portugal","Nombre del operador: McCormick España, S.A.","Dirección del operador: Av. Francesc Macià, 38 p. 11\n08208 Sadabell","Cantidad Neta: 0.075 Kilogramos"],"ingredients":[" INGREDIENTE: Pimentón picante."],"conservation":" Conservar alejado de la luz, del calor y de la humedad.","ean":"8410219200047"},{"full_name":"DUCROS pimentón picante frasco 37 g","name":"pimentón picante frasco 37 g","brand":"DUCROS ","img":"https://sgfm.elcorteingles.es/SGFM/dctm/MEDIA03/201610/19/00120945101291____1__600x600.jpg","price":"1,75 €","price_unit":"(47,30 € / Kilo)","categories":["Supermercado","Alimentación General","Especias, sazonadores y ayudas para cocinar","Pimentón","DUCROS pimentón picante frasco 37 g"],"general_information":["Denominación del alimento: pimentón picante","País de origen: Francia","Nombre del operador: McCormick España, S.A.","Dirección del operador: Av. Francesc Macià, 38 p. 11\n08208 Sadabell","Cantidad Neta: 0.037 Kilogramos"],"ingredients":[" INGREDIENTES: Pimentón, pimienta de cayena."],"conservation":"Modo de empleo: Cantidad: Dosifique en función de la recera y de sus preferencias.","ean":"8410219857135"},{"full_name":"LA CHINATA pimentón de la vera picante lata 70 g","name":"pimentón de la vera picante lata 70 g","brand":"LA CHINATA ","img":"https://sgfm.elcorteingles.es/SGFM/00/29/3/0120945100293/0120945100293000g01011.jpg","price":"2,60 €","price_unit":"(37,14 € / Kilo)","categories":["Supermercado","Alimentación General","Especias, sazonadores y ayudas para cocinar","Pimentón","LA CHINATA pimentón de la vera picante lata 70 g"],"general_information":["Denominación del alimento: Pimentón Ahumado Denominación de Origen \"Pimentón de la Vera\"","País de origen: España","Nombre del operador: NETASA - LA CHINATA","Dirección del operador: CTRA. TRUJILLO KM.1 10600 PLASENCIA","Cantidad Neta: 70,0 g","Número de raciones por envase: 1"],"ingredients":[" 100% Pimenton Ahumado."],"conservation":" Conservar en un lugar fresco, seco y protegido de la luz solar.","ean":"8421401301206"},{"full_name":"LA CHINATA pimentón de la Vera dulce lata 70 g","name":"pimentón de la Vera dulce lata 70 g","brand":"LA CHINATA ","img":"https://sgfm.elcorteingles.es/SGFM/00/28/5/0120945100285/0120945100285000g01011.jpg","price":"2,54 €","price_unit":"(36,29 € / Kilo)","categories":["Supermercado","Alimentación General","Especias, sazonadores y ayudas para cocinar","Pimentón","LA CHINATA pimentón de la Vera dulce lata 70 g"],"general_information":["Denominación del alimento: Pimentón Ahumado Denominación de Origen \"Pimentón de la Vera\"","País de origen: España","Nombre del operador: NETASA - LA CHINATA","Dirección del operador: CTRA. TRUJILLO KM.1 10600 PLASENCIA","Cantidad Neta: 70,0 g","Número de raciones por envase: 1"],"ingredients":[" 100% Pimenton Ahumado."],"conservation":" Conservar en un lugar fresco, seco y protegido de la luz solar.","ean":"8421401201209"},{"full_name":"LA CHINATA escamas de pimentón ahumado picante frasco 24 g","name":"escamas de pimentón ahumado picante frasco 24 g","brand":"LA CHINATA ","img":"https://sgfm.elcorteingles.es/SGFM/dctm/MEDIA03/201710/10/00120945104840____1__600x600.jpg","price":"2,85 €","price_unit":"(118,75 € / Kilo)","categories":["Supermercado","Alimentación General","Especias, sazonadores y ayudas para cocinar","Pimentón","LA CHINATA escamas de pimentón ahumado picante frasco 24 g"],"general_information":[],"ingredients":[],"ean":"8421401201285"},{"full_name":"LA CHINATA escamas de pimentón ahumado agridulce frasco 24 g","name":"escamas de pimentón ahumado agridulce frasco 24 g","brand":"LA CHINATA ","img":"https://sgfm.elcorteingles.es/SGFM/dctm/MEDIA03/201710/10/00120945104857____1__600x600.jpg","price":"2,85 €","price_unit":"(118,75 € / Kilo)","categories":["Supermercado","Alimentación General","Especias, sazonadores y ayudas para cocinar","Pimentón","LA CHINATA escamas de pimentón ahumado agridulce frasco 24 g"],"general_information":[],"ingredients":[],"ean":"8421401201278"},{"full_name":"LA CHINATA escamas de pimentón ahumado dulce frasco 24 g","name":"escamas de pimentón ahumado dulce frasco 24 g","brand":"LA CHINATA ","img":"https://sgfm.elcorteingles.es/SGFM/dctm/MEDIA03/201710/10/00120945104865____1__600x600.jpg","price":"2,85 €","price_unit":"(118,75 € / Kilo)","categories":["Supermercado","Alimentación General","Especias, sazonadores y ayudas para cocinar","Pimentón","LA CHINATA escamas de pimentón ahumado dulce frasco 24 g"],"general_information":[],"ingredients":[],"ean":"8421401201261"},{"full_name":"MCCORMICK pimentón de la Vera dulce lata 70 g","name":"pimentón de la Vera dulce lata 70 g","brand":"MCCORMICK ","img":"https://sgfm.elcorteingles.es/SGFM/03/04/0/0120945103040/0120945103040000g01011.jpg","price":"2,95 €","price_unit":"(42,14 € / Kilo)","categories":["Supermercado","Alimentación General","Especias, sazonadores y ayudas para cocinar","Pimentón","MCCORMICK pimentón de la Vera dulce lata 70 g"],"general_information":["Denominación del alimento: pimentón de la vera dulce","País de origen: Alemania","Nombre del operador: McCormick España, S.A.","Dirección del operador: Av. Francesc Macià, 38 p. 11\n08208 Sadabell","Cantidad Neta: 0.070 Kilogramos","Otras menciones obligatorias en la etiqueta: Denominación de Origen Protegida McCormick Colección Gourmet PIMENTÓN de la VERA DENOMINACIÓN DE ORIGEN PROTEGIDA"],"ingredients":[" INGREDIENTE: pimentón de la vera dulce."],"ean":"3166295938576"},{"full_name":"ODALISCA pimentón picante bote 125 g","name":"pimentón picante bote 125 g","brand":"ODALISCA ","img":"https://sgfm.elcorteingles.es/SGFM/dctm/MEDIA02/CONTENIDOS/201410/02/00120945102604____1__600x600.jpg","price":"2,65 €","price_unit":"(21,20 € / Kilo)","categories":["Supermercado","Alimentación General","Especias, sazonadores y ayudas para cocinar","Pimentón","ODALISCA pimentón picante bote 125 g"],"general_information":["Denominación del alimento: Pimenton picante.","Nombre del operador: Jose M Fuster Hernandez","Dirección del operador: Pol. Industrial Cabezo Cortado Avda. del Este s/n - 30100- Espinardo (Murcia)."],"ingredients":[" Pimientos molidos."],"conservation":" Conservar en lugar fresco y seco, ausente de luz.","ean":"8412798400078"},{"full_name":"ODALISCA pimentón dulce envase 250 g","name":"pimentón dulce envase 250 g","brand":"ODALISCA ","img":"https://sgfm.elcorteingles.es/SGFM/00/14/5/0120945100145/0120945100145000g01011.jpg","price":"4,26 €","price_unit":"(17,04 € / Kilo)","categories":["Supermercado","Alimentación General","Especias, sazonadores y ayudas para cocinar","Pimentón","ODALISCA pimentón dulce envase 250 g"],"general_information":["Denominación del alimento: Pimenton dulce.","Nombre del operador: Jose M Fuster Hernandez","Dirección del operador: Pol. Industrial Cabezo Cortado Avda. del Este s/n - 30100- Espinardo (Murcia)."],"ingredients":[" Pimientos molidos."],"conservation":" Conservar en lugar fresco y seco, ausente de luz.","ean":"8412798300057"},{"full_name":"ODALISCA pimentón dulce especial envase 125 g","name":"pimentón dulce especial envase 125 g","brand":"ODALISCA ","img":"https://sgfm.elcorteingles.es/SGFM/00/22/8/0120945100228/0120945100228000g01011.jpg","price":"2,65 €","price_unit":"(21,20 € / Kilo)","categories":["Supermercado","Alimentación General","Especias, sazonadores y ayudas para cocinar","Pimentón","ODALISCA pimentón dulce especial envase 125 g"],"general_information":["Denominación del alimento: Pimenton dulce.","Nombre del operador: Jose M Fuster Hernandez","Dirección del operador: Pol. Industrial Cabezo Cortado Avda. del Este s/n - 30100- Espinardo (Murcia)."],"ingredients":[" Pimientos molidos."],"conservation":" Conservar en lugar fresco y seco, ausente de luz.","ean":"8412798300064"},{"full_name":"ARTEMIS pimentón dulce ecológico 100% Bio frasco 38 g","name":"pimentón dulce ecológico 100% Bio frasco 38 g","brand":"ARTEMIS ","img":"https://sgfm.elcorteingles.es/SGFM/dctm/MEDIA03/201702/13/00120950000263____1__600x600.jpg","price":"2,35 €","price_unit":"(67,14 € / Kilo)","categories":["Supermercado","Alimentación General","Especias, sazonadores y ayudas para cocinar","Pimentón","ARTEMIS pimentón dulce ecológico 100% Bio frasco 38 g"],"general_information":["Denominación del alimento: Pimentón dulce","Nombre del operador: Herbes del Molí Coop V.","Dirección del operador: Av. Constitución, 5 - 03827 Benimarfull (Alicante)","Cantidad Neta: 38 g"],"ingredients":[],"conservation":" Mantener el envase bien cerrado en ambiente seco y fresco.","ean":"8428201320017"},{"full_name":"ARTEMIS pimentón picante ecológico 100% Bio frasco 40 g","name":"pimentón picante ecológico 100% Bio frasco 40 g","brand":"ARTEMIS ","img":"https://sgfm.elcorteingles.es/SGFM/dctm/MEDIA03/201703/06/00120950000271____1__600x600.jpg","price":"2,45 €","price_unit":"(61,25 € / Kilo)","categories":["Supermercado","Alimentación General","Especias, sazonadores y ayudas para cocinar","Pimentón","ARTEMIS pimentón picante ecológico 100% Bio frasco 40 g"],"general_information":["Denominación del alimento: Pimentón Picante -Eco-","Nombre del operador: Herbes del Molí Coop V.","Dirección del operador: P.I. La Creueta, Avd. Constitución, 5 - 03827 Benimarfull (Alicante) ESPAÑA","Cantidad Neta: 40 g","Otras menciones obligatorias en la etiqueta: Producto procedente de la agricultura ecológica."],"ingredients":[" Pimentón dulce, cayena"],"conservation":" Mantener el envase bien cerrado en ambiente seco y fresco.","ean":"8428201320390"},{"full_name":"EL CORTE INGLES canela en rama envase 10 g","name":"canela en rama envase 10 g","brand":"EL CORTE INGLES ","img":"https://sgfm.elcorteingles.es/SGFM/dctm/MEDIA03/201610/19/00120945104329____1__600x600.jpg","price":"0,89 €","price_unit":"(89 € / Kilo)","categories":["Supermercado","Alimentación General","Especias, sazonadores y ayudas para cocinar","Canela","EL CORTE INGLES canela en rama envase 10 g"],"general_information":["Denominación del alimento: CANELA EN RAMA","Nombre del operador: Envasado en la UE \nDistribuido para el\nGrupo El Corte Inglés\nHermosilla, 112   28009 Madrid ? España \npor CIF: A08863680","Cantidad Neta: 10 g"],"ingredients":[],"conservation":" Conservar alejado de la luz, del calor y de la humedad","ean":"8433329069113"},{"full_name":"EL CORTE INGLES canela molida envase 47 g","name":"canela molida envase 47 g","brand":"EL CORTE INGLES ","img":"https://sgfm.elcorteingles.es/SGFM/dctm/MEDIA03/201610/19/00120945104311____1__600x600.jpg","price":"0,54 €","price_unit":"(11,49 € / Kilo)","categories":["Supermercado","Alimentación General","Especias, sazonadores y ayudas para cocinar","Canela","EL CORTE INGLES canela molida envase 47 g"],"general_information":["Denominación del alimento: CANELA MOLIDA","Nombre del operador: Envasado en la UE \nDistribuido para el\nGrupo El Corte Inglés\nHermosilla, 112   28009 Madrid ? España \npor CIF: A08863680","Cantidad Neta: 47 g"],"ingredients":[],"conservation":" Conservar alejado de la luz, del calor y de la humedad","ean":"8433329069120"},{"full_name":"VAHINE canela molida frasco 35 g","name":"canela molida frasco 35 g","brand":"VAHINE ","img":"https://sgfm.elcorteingles.es/SGFM/00/55/7/0120607100557/0120607100557000g01011.jpg","price":"3,00 €","price_unit":"(85,71 € / Kilo)","categories":["Supermercado","Alimentación General","Especias, sazonadores y ayudas para cocinar","Canela","VAHINE canela molida frasco 35 g"],"general_information":["Denominación del alimento: canela molida","País de origen: Alemania","Nombre del operador: McCormick España, S.A.","Dirección del operador: Av. Francesc Macià, 38 p. 11\n08208 Sadabell","Cantidad Neta: 0.035 Kilogramos"],"ingredients":[" INGREDIENTES: canela de Ceylán molida."],"conservation":" Conservar en lugar fresco y seco.","ean":"3179148563900"},{"full_name":"VAHINE canela en rama frasco 10 g","name":"canela en rama frasco 10 g","brand":"VAHINE ","img":"https://sgfm.elcorteingles.es/SGFM/00/54/0/0120607100540/0120607100540000g01011.jpg","price":"2,82 €","price_unit":"(282 € / Kilo)","categories":["Supermercado","Alimentación General","Especias, sazonadores y ayudas para cocinar","Canela","VAHINE canela en rama frasco 10 g"],"general_information":["Denominación del alimento: canela en rama","País de origen: Alemania","Nombre del operador: McCormick España, S.A.","Dirección del operador: Av. Francesc Macià, 38 p. 11\n08208 Sadabell","Cantidad Neta: 0.010 Kilogramos"],"ingredients":[" INGREDIENTES: canela en rama."],"conservation":"Modo de empleo: Dos bastoncillos por litro kilo.","ean":"3179148564006"},{"full_name":"DUCROS canela molida frasco 39 g","name":"canela molida frasco 39 g","brand":"DUCROS ","img":"https://sgfm.elcorteingles.es/SGFM/dctm/MEDIA03/201610/03/00120945101028____1__600x600.jpg","price":"1,60 €            ","price_unit":"(39,74 € / Kilo)","categories":["Supermercado","Alimentación General","Especias, sazonadores y ayudas para cocinar","Canela","DUCROS canela molida frasco 39 g"],"general_information":["Denominación del alimento: canela molida","País de origen: Francia","Nombre del operador: McCormick España, S.A.","Dirección del operador: Av. Francesc Macià, 38 p. 11\n08208 Sadabell","Cantidad Neta: 39.000 g"],"ingredients":[" INGREDIENTE: Canela molida."],"conservation":" Conservar alejado de la luz, del calor y de la humedad.","ean":"3166290200197"},{"full_name":"DUCROS canela de Saigón tostada y molida frasco 40 g","name":"canela de Saigón tostada y molida frasco 40 g","brand":"DUCROS ","img":"https://sgfm.elcorteingles.es/SGFM/dctm/MEDIA03/201610/18/00120945104246____6__600x600.jpg","price":"3,20 €","price_unit":"(80 € / Kilo)","categories":["Supermercado","Alimentación General","Especias, sazonadores y ayudas para cocinar","Canela","DUCROS canela de Saigón tostada y molida frasco 40 g"],"general_information":["Denominación del alimento: Canela de saigón tostada molida","País de origen: Francia","Nombre del operador: McCormick España, S.A.","Dirección del operador: Av.Francesc Maciá, 38 P.11 08208 Saradell","Cantidad Neta: 40.000 g"],"ingredients":[" Canela de saigón tostada molida"],"ean":"3166296203307"},{"full_name":"DUCROS canela 5 ramas envase 22 g","name":"canela 5 ramas envase 22 g","brand":"DUCROS ","img":"https://sgfm.elcorteingles.es/SGFM/dctm/MEDIA03/201610/18/00120945103875____1__600x600.jpg","price":"3,07 €","price_unit":"(139,55 € / Kilo)","categories":["Supermercado","Alimentación General","Especias, sazonadores y ayudas para cocinar","Canela","DUCROS canela 5 ramas envase 22 g"],"general_information":["Denominación del alimento: canela rama","País de origen: España","Nombre del operador: McCormick España, S.A.","Dirección del operador: Av. Francesc Macià, 38 p. 11\n08208 Sadabell","Cantidad Neta: 0.022 Kilogramos"],"ingredients":[" INGREDIENTES: Canela rama."],"conservation":" Conservar alejado de la luz, del calor y de la humedad.","ean":"3166295908982"},{"full_name":"DUCROS canela en rama frasco 15 g","name":"canela en rama frasco 15 g","brand":"DUCROS ","img":"https://sgfm.elcorteingles.es/SGFM/dctm/MEDIA03/201610/03/00120945101010____1__600x600.jpg","price":"1,72 €","price_unit":"(114,67 € / Kilo)","categories":["Supermercado","Alimentación General","Especias, sazonadores y ayudas para cocinar","Canela","DUCROS canela en rama frasco 15 g"],"general_information":["Denominación del alimento: canela rama","País de origen: Francia","Nombre del operador: McCormick España, S.A.","Dirección del operador: Av. Francesc Macià, 38 p. 11\n08208 Sadabell","Cantidad Neta: 10.000 g"],"ingredients":[" INGREDIENTE: Canela rama."],"ean":"3166290200180"},{"full_name":"DUCROS canela 1 rama envase 5 g","name":"canela 1 rama envase 5 g","brand":"DUCROS ","img":"https://sgfm.elcorteingles.es/SGFM/dctm/MEDIA03/201610/19/00120945100038____1__600x600.jpg","price":"0,79 €","price_unit":"(158 € / Kilo)","categories":["Supermercado","Alimentación General","Especias, sazonadores y ayudas para cocinar","Canela","DUCROS canela 1 rama envase 5 g"],"general_information":["Denominación del alimento: canela rama","País de origen: España","Nombre del operador: McCormick España, S.A.","Dirección del operador: Av. Francesc Macià, 38 p. 11\n08208 Sadabell","Cantidad Neta: 5.000 g"],"ingredients":[" INGREDIENTE: : Canela rama."],"conservation":" Conservar alejado de la luz, del calor y de la humedad.","ean":"8410219855803"},{"full_name":"ODALISCA canela molida frasco 39 g","name":"canela molida frasco 39 g","brand":"ODALISCA ","img":"https://sgfm.elcorteingles.es/SGFM/00/16/0/0120945100160/0120945100160000g01011.jpg","price":"1,42 €","price_unit":"(36,41 € / Kilo)","categories":["Supermercado","Alimentación General","Especias, sazonadores y ayudas para cocinar","Canela","ODALISCA canela molida frasco 39 g"],"general_information":["Denominación del alimento: Canela en rama","Nombre del operador: Jose M Fuster Hernandez","Dirección del operador: Pol. Industrial Cabezo Cortado Avda. del Este s/n - 30100- Espinardo (Murcia).","Cantidad Neta: 34,0 g"],"ingredients":[],"conservation":" Conservar en lugar fresco y seco, ausente de luz.","ean":"8412798600058"},{"full_name":"ODALISCA en rama frasco 12 g","name":"en rama frasco 12 g","brand":"ODALISCA ","img":"https://sgfm.elcorteingles.es/SGFM/00/15/2/0120945100152/0120945100152000g01011.jpg","price":"2,18 €","price_unit":"(181,67 € / Kilo)","categories":["Supermercado","Alimentación General","Especias, sazonadores y ayudas para cocinar","Canela","ODALISCA en rama frasco 12 g"],"general_information":["Denominación del alimento: Canela en rama","Nombre del operador: Jose M Fuster Hernandez","Dirección del operador: Pol. Industrial Cabezo Cortado Avda. del Este s/n - 30100- Espinardo (Murcia).","Cantidad Neta: 16,0 g"],"ingredients":[],"conservation":" Conservar en lugar fresco y seco, ausente de luz.","ean":"8412798600041"},{"full_name":"ARTEMIS canela en rama ecológica 100% Bio frasco 15 g","name":"canela en rama ecológica 100% Bio frasco 15 g","brand":"ARTEMIS ","img":"https://sgfm.elcorteingles.es/SGFM/dctm/MEDIA03/201702/10/00120950000065____1__600x600.jpg","price":"2,25 €","price_unit":"(75 € / Kilo)","categories":["Supermercado","Alimentación General","Especias, sazonadores y ayudas para cocinar","Canela","ARTEMIS canela en rama ecológica 100% Bio frasco 15 g"],"general_information":["Denominación del alimento: Canela en rama","Nombre del operador: Herbes del Molí Coop V.","Dirección del operador: Av. Constitución, 5 - 03827 Benimarfull (Alicante)","Cantidad Neta: 15 g"],"ingredients":[],"conservation":" Mantener el envase bien cerrado en ambiente seco y fresco.","ean":"8428201320116"},{"full_name":"ARTEMIS canela molida ecológica 100% Bio frasco 30 g","name":"canela molida ecológica 100% Bio frasco 30 g","brand":"ARTEMIS ","img":"https://sgfm.elcorteingles.es/SGFM/dctm/MEDIA03/201702/10/00120950000073____1__600x600.jpg","price":"2,15 €","price_unit":"(71,67 € / Kilo)","categories":["Supermercado","Alimentación General","Especias, sazonadores y ayudas para cocinar","Canela","ARTEMIS canela molida ecológica 100% Bio frasco 30 g"],"general_information":["Denominación del alimento: Canela molida","Nombre del operador: Herbes del Molí Coop V.","Dirección del operador: Av. Constitución, 5 - 03827 Benimarfull (Alicante)","Cantidad Neta: 30 g"],"ingredients":[],"conservation":" Mantener el envase bien cerrado en ambiente seco y fresco.","ean":"8428201320123"},{"full_name":"EL CORTE INGLES cebolla troceada tarro 36 g","name":"cebolla troceada tarro 36 g","brand":"EL CORTE INGLES ","img":"https://sgfm.elcorteingles.es/SGFM/dctm/MEDIA03/201701/18/00120945104428____1__600x600.jpg","price":"1,00 €","price_unit":"(27,78 € / Kilo)","categories":["Supermercado","Alimentación General","Especias, sazonadores y ayudas para cocinar","Especias de cebolla","EL CORTE INGLES cebolla troceada tarro 36 g"],"general_information":["Denominación del alimento: CEBOLLA","Nombre del operador: Envasado en la UE \nDistribuido para el\nGrupo El Corte Inglés\nHermosilla, 112   28009 Madrid ? España \npor CIF: A08863680","Cantidad Neta: 36 g"],"ingredients":[" Ingredientes: Cebolla deshidratada"],"conservation":" Conservar alejado de la luz, del calor y de la humedad","ean":"8433329069137"},{"full_name":"DUCROS cebolla frita tarro 130 g","name":"cebolla frita tarro 130 g","brand":"DUCROS ","img":"https://sgfm.elcorteingles.es/SGFM/dctm/MEDIA03/201610/18/00120945103032____1__600x600.jpg","price":"3,41 €","price_unit":"(26,23 € / Kilo)","categories":["Supermercado","Alimentación General","Especias, sazonadores y ayudas para cocinar","Especias de cebolla","DUCROS cebolla frita tarro 130 g"],"general_information":["Denominación del alimento: cebollas fritas","País de origen: Alemania","Nombre del operador: McCormick España, S.A.","Dirección del operador: Av. Francesc Macià, 38 p. 11\n08208 Sadabell","Cantidad Neta: 0.130 Kilogramos"],"ingredients":[" INGREDIENTES: Cebollas (76%), aceite de palma, harina de TRIGO, sal."],"conservation":" Conservar alejado de la luz,\ndel calor y de la humedad.","ean":"3166298902369"},{"full_name":"DUCROS cebolla troceada frasco 30 g","name":"cebolla troceada frasco 30 g","brand":"DUCROS ","img":"https://sgfm.elcorteingles.es/SGFM/dctm/MEDIA03/201610/18/00120945101051____1__600x600.jpg","price":"1,61 €","price_unit":"(53,67 € / Kilo)","categories":["Supermercado","Alimentación General","Especias, sazonadores y ayudas para cocinar","Especias de cebolla","DUCROS cebolla troceada frasco 30 g"],"general_information":["Denominación del alimento: cebolla","País de origen: Francia","Nombre del operador: McCormick España, S.A.","Dirección del operador: Av. Francesc Macià, 38 p. 11\n08208 Sadabell","Cantidad Neta: 30.000 g"],"ingredients":[" INGREDIENTE: Cebolla deshidratada."],"ean":"3166290200722"},{"full_name":"DUCROS cebolleta troceada frasco 30 g","name":"cebolleta troceada frasco 30 g","brand":"DUCROS ","img":"https://sgfm.elcorteingles.es/SGFM/dctm/MEDIA03/201610/18/00120945101523____1__600x600.jpg","price":"1,75 €","price_unit":"(58,33 € / Kilo)","categories":["Supermercado","Alimentación General","Especias, sazonadores y ayudas para cocinar","Especias de cebolla","DUCROS cebolleta troceada frasco 30 g"],"general_information":["Denominación del alimento: cebolleta","País de origen: Alemania","Nombre del operador: McCormick España, S.A.","Dirección del operador: Av. Francesc Macià, 38 p. 11\n08208 Sadabell","Cantidad Neta: 2.500 g"],"ingredients":[" INGREDIENTE: Cebolleta."],"conservation":"Modo de empleo: Cantidad: 1 cucharada para 4 personas.","ean":"3166298530609"},{"full_name":"ARTEMIS cebolla granulada ecológica 100% Bio frasco 45 g","name":"cebolla granulada ecológica 100% Bio frasco 45 g","brand":"ARTEMIS ","img":"https://sgfm.elcorteingles.es/SGFM/dctm/MEDIA03/201702/10/00120950000099____1__600x600.jpg","price":"2,35 €","price_unit":"(52,22 € / Kilo)","categories":["Supermercado","Alimentación General","Especias, sazonadores y ayudas para cocinar","Especias de cebolla","ARTEMIS cebolla granulada ecológica 100% Bio frasco 45 g"],"general_information":["Denominación del alimento: Cebolla Gran. Bio","Nombre del operador: Herbes del Molí, Coop. V.","Dirección del operador: P.I. La Creueta, Avd. Constitución, 5 - 03827 Benimarfull (Alicante) ESPAÑA","Cantidad Neta: 45 g","Otras menciones obligatorias en la etiqueta: Producto procedente de la agricultura ecológica."],"ingredients":[" 100% Cebolla (Allium Cepa)."],"conservation":" Mantener el envase bien cerrado en ambiente seco y fresco.","ean":"8428201320222"},{"full_name":"DUCROS laurel en hojas bolsa 8 g","name":"laurel en hojas bolsa 8 g","brand":"DUCROS ","img":"https://sgfm.elcorteingles.es/SGFM/dctm/MEDIA03/201610/18/00120945101390____1__600x600.jpg","price":"1,37 €","price_unit":"(171,25 € / Kilo)","categories":["Supermercado","Alimentación General","Especias, sazonadores y ayudas para cocinar","Laurel","DUCROS laurel en hojas bolsa 8 g"],"general_information":["Denominación del alimento: laurel hojas","País de origen: España","Nombre del operador: McCormick España, S.A.","Dirección del operador: Av. Francesc Macià, 38 p. 11\n08208 Sadabell","Cantidad Neta: 8 g","Otras menciones obligatorias en la etiqueta: Producto sujeto a desecación"],"ingredients":[" INGREDIENTE: Laurel."],"conservation":" Conservar alejado de la luz, del calor y de la humedad.","ean":"3166291360630"},{"full_name":"ARTEMIS laurel molido ecológico 100% Bio frasco 28 g","name":"laurel molido ecológico 100% Bio frasco 28 g","brand":"ARTEMIS ","img":"https://sgfm.elcorteingles.es/SGFM/dctm/MEDIA03/201703/06/00120950000198____1__600x600.jpg","price":"2,35 €","price_unit":"(83,93 € / Kilo)","categories":["Supermercado","Alimentación General","Especias, sazonadores y ayudas para cocinar","Laurel","ARTEMIS laurel molido ecológico 100% Bio frasco 28 g"],"general_information":["Denominación del alimento: Laurel -Eco-","Nombre del operador: Herbes del Molí Coop V.","Dirección del operador: P.I. La Creueta, Avd. Constitución, 5 - 03827 Benimarfull (Alicante) ESPAÑA","Cantidad Neta: 28 g","Otras menciones obligatorias en la etiqueta: Producto procedente de la agricultura ecológica."],"ingredients":[" Laurel"],"conservation":" Mantener el envase bien cerrado en ambiente seco y fresco.","ean":"8428201320246"},{"full_name":"DUCROS nuez moscada molida frasco 10 g","name":"nuez moscada molida frasco 10 g","brand":"DUCROS ","img":"https://sgfm.elcorteingles.es/SGFM/dctm/MEDIA03/201610/19/00120945101135____1__600x600.jpg","price":"2,51 €","price_unit":"(62,75 € / Kilo)","categories":["Supermercado","Alimentación General","Especias, sazonadores y ayudas para cocinar","Nuez moscada","DUCROS nuez moscada molida frasco 10 g"],"general_information":["Denominación del alimento: nuez moscada molida","País de origen: Alemania","Nombre del operador: McCormick España, S.A.","Dirección del operador: Av. Francesc Macià, 38 p. 11\n08208 Sadabell","Cantidad Neta: 0.032 Kilogramos"],"ingredients":[" INGREDIENTE: : Nuez moscada molida."],"conservation":" Conservar alejado de la luz, del calor y de la humedad.","ean":"8410219857098"},{"full_name":"DUCROS nuez moscada entera frasco 25 g","name":"nuez moscada entera frasco 25 g","brand":"DUCROS ","img":"https://sgfm.elcorteingles.es/SGFM/dctm/MEDIA03/201610/18/00120945101127____1__600x600.jpg","price":"2,95 €","price_unit":"(118 € / Kilo)","categories":["Supermercado","Alimentación General","Especias, sazonadores y ayudas para cocinar","Nuez moscada","DUCROS nuez moscada entera frasco 25 g"],"general_information":["Denominación del alimento: nuez moscada entera","País de origen: Alemania","Nombre del operador: McCormick España, S.A.","Dirección del operador: Av. Francesc Macià, 38 p. 11\n08208 Sadabell","Cantidad Neta: 0.025 Kilogramos"],"ingredients":[" INGREDIENTE: Nuez moscada entera."],"conservation":"Modo de empleo: Cantidad: 1/2 cuch. de café para 4 personas. Se recomienda no superar esta cantidad.","ean":"3166298594106"},{"full_name":"ODALISCA nuez moscada molida frasco 39 g","name":"nuez moscada molida frasco 39 g","brand":"ODALISCA ","img":"https://sgfm.elcorteingles.es/SGFM/00/19/4/0120945100194/0120945100194000g01011.jpg","price":"2,35 €","price_unit":"(60,26 € / Kilo)","categories":["Supermercado","Alimentación General","Especias, sazonadores y ayudas para cocinar","Nuez moscada","ODALISCA nuez moscada molida frasco 39 g"],"general_information":["Denominación del alimento: Nuez moscada","Nombre del operador: Jose M Fuster Hernandez","Dirección del operador: Pol. Industrial Cabezo Cortado Avda. del Este s/n - 30100- Espinardo (Murcia).","Cantidad Neta: 40,0 g"],"ingredients":[" Macis (Myristica Fragrans)"],"conservation":" Conservar en lugar fresco y seco, ausente de luz.","ean":"8412798600195"},{"full_name":"ARTEMIS nuez moscada molida ecológico 100% Bio frasco 40 g","name":"nuez moscada molida ecológico 100% Bio frasco 40 g","brand":"ARTEMIS ","img":"https://sgfm.elcorteingles.es/SGFM/dctm/MEDIA03/201703/06/00120950000230____1__600x600.jpg","price":"3,85 €","price_unit":"(96,25 € / Kilo)","categories":["Supermercado","Alimentación General","Especias, sazonadores y ayudas para cocinar","Nuez moscada","ARTEMIS nuez moscada molida ecológico 100% Bio frasco 40 g"],"general_information":["Denominación del alimento: Nuez Moscada -Eco-","Nombre del operador: Herbes del Molí Coop V.","Dirección del operador: P.I. La Creueta, Avd. Constitución, 5 - 03827 Benimarfull (Alicante) ESPAÑA","Cantidad Neta: 40 g","Otras menciones obligatorias en la etiqueta: Producto procedente de la agricultura ecológica."],"ingredients":[" Nuez Moscada"],"conservation":" Mantener el envase bien cerrado en ambiente seco y fresco.","ean":"8428201320420"},{"full_name":"ARTEMIS aromas índicos ecológico molinillo 100% Bio frasco 18 g","name":"aromas índicos ecológico molinillo 100% Bio frasco 18 g","brand":"ARTEMIS ","img":"https://sgfm.elcorteingles.es/SGFM/dctm/MEDIA03/201703/24/00120950000057____6__600x600.jpg","price":"3,19 €","price_unit":"(177,22 € / Kilo)","categories":["Supermercado","Alimentación General","Especias, sazonadores y ayudas para cocinar","Aromas y extractos","ARTEMIS aromas índicos ecológico molinillo 100% Bio frasco 18 g"],"general_information":[],"ingredients":[],"ean":"8428201320475"}]