[{"full_name":"EL CORTE INGLES María galletas tradicional artesana estuche 730 g","name":"María galletas tradicional artesana estuche 730 g","brand":"EL CORTE INGLES ","img":"https://sgfm.elcorteingles.es/SGFM/dctm/MEDIA03/201607/15/00120608201180____2__600x600.jpg","price":"2,74 €            ","price_unit":"(3,68 € / Kilo)","categories":["Supermercado","Desayunos Dulces y pan","Desayunos, dulces y pan","Galletas","Galletas desayuno","EL CORTE INGLES María galletas tradicional artesana estuche 730 g"],"general_information":["Denominación del alimento: Galletas","Nombre del operador: Elaborado para \nEl Corte Inglés \npor Galetes Camprodon, S.A \nC-38 pk 8,3 Colònia Estabanell 17867 Camprodon (GIRONA) \nEspaña","Cantidad Neta: 730 g","Número de raciones por envase: aproximadament"],"ingredients":[" Ingredientes: Harina de trigo (61,5%), azúcar, mantequilla, gasificantes (bicarbonato sódico y bicarbonato amónico), huevos frescos, leche en polvo, aceite de oliva, dextrosa, sal y aroma vainillina. Puede contener trazas de frutos secos"],"conservation":" Mantener en lugar fresco y seco protegido de la luz solar","ean":"8433329055451"},{"full_name":"EL CORTE INGLES galleta con relieve estuche 700 g","name":"galleta con relieve estuche 700 g","brand":"EL CORTE INGLES ","img":"https://sgfm.elcorteingles.es/SGFM/dctm/MEDIA03/201605/20/00120608201651____2__600x600.jpg","price":"1,06 €","price_unit":"(1,51 € / Kilo)","categories":["Supermercado","Desayunos Dulces y pan","Desayunos, dulces y pan","Galletas","Galletas desayuno","EL CORTE INGLES galleta con relieve estuche 700 g"],"general_information":["Denominación del alimento: Galletas con miel y coco","Lugar de procedencia del alimento: Distribuido para  El Corte Inglés\npor Seurodis C/Lepanto 367, bajos                             08025  Barcelona (España)","Cantidad Neta: 700 g","Número de raciones por envase: aproximadament"],"ingredients":[" Ingredientes: Harina de trigo (66,4%), azúcar, grasa de palma (con antioxidante: extracto rico en tocoferoles), miel (2, 1%), huevo, extracto de malta de cebada, coco rallado (0, 9%), suero de leche en polvo, sal, gasificantes\n(carbonatos de sodio y de amonio), aromas. Puede contener sulfitos y soja"],"conservation":" Conservar en lugar fresco, seco y protegido de los rayos solares.","ean":"8433329069885"},{"full_name":"EL CORTE INGLES Cookids galletas de desayuno paquete 600 g","name":"Cookids galletas de desayuno paquete 600 g","brand":"EL CORTE INGLES ","img":"https://sgfm.elcorteingles.es/SGFM/dctm/MEDIA03/201710/27/00120608202105____1__600x600.jpg","price":"1,55 €","price_unit":"(2,58 € / Kilo)","categories":["Supermercado","Desayunos Dulces y pan","Desayunos, dulces y pan","Galletas","Galletas desayuno","EL CORTE INGLES Cookids galletas de desayuno paquete 600 g"],"general_information":["Denominación del alimento: Galletas","Nombre del operador: Elaborado para El Corte Ingles\npor Galletas Gullón, S.A.   Ctra. Burgos km 1,5            34800 Aguilar de Campoo  (Palencia) - España","Cantidad Neta: 600 g","Número de raciones por envase: 102 aproximada"],"ingredients":[" Ingredientes: Harina de trigo, azúcar, aceite vegetal 14, 5% (girasol alto oleico), suero de leche en polvo, jarabe de glucosa y fructosa, minerales (hierro elemental y carbonato cálcico), sal, emulgente (lecitina de soja), gasificantes (carbonato ácido de sodio y carbonato ácido de amonio), colorante (caramelo natural),\nantioxidante (metabisulfito sódico), aromas y vitaminas."],"conservation":" Almacenar en lugar fresco y seco. Proteger de los rayos solares.                                                          Una vez abierto, mantener en las mismas condiciones y cerrar despúes de cada uso","ean":"8433329077071"},{"full_name":"EL CORTE INGLES galleta María sin azúcar estuche 400 g","name":"galleta María sin azúcar estuche 400 g","brand":"EL CORTE INGLES ","img":"https://sgfm.elcorteingles.es/SGFM/dctm/MEDIA03/201611/22/00200213801491____2__600x600.jpg","price":"1,51 €","price_unit":"(3,78 € / Kilo)","categories":["Supermercado","Desayunos Dulces y pan","Desayunos, dulces y pan","Galletas","Galletas desayuno","EL CORTE INGLES galleta María sin azúcar estuche 400 g"],"general_information":["Denominación del alimento: GALLETAS MARÍA SIN AZÚCARES CON EDULCORANTE","Nombre del operador: Elaborado para El Corte Ingles\npor Galletas Gullón, S.A.   Ctra. Burgos km 1,5            34800 Aguilar de Campoo  (Palencia) - España","Cantidad Neta: 400 g","Número de raciones por envase: 66 aproximada"],"ingredients":[" Ingredientes: Harina de trigo (67 %), edulcorante (maltitol), aceite vegetal (girasol alto oleíco), fibra vegetal, gasificantes: carbonato ácido de sodio y carbonato ácido de amonio, sal, emulgente: lecitina de soja, aromas, antioxidante: metabisulfito sódico. Puede contener trazas de leche y sésamo."],"conservation":" Almacenar en lugar fresco y seco. Proteger de los rayos solares.                                                            Una vez abierto, mantener en las mismas condiciones y cerrar despúes de cada uso.","ean":"8433329075411"},{"full_name":"ALIADA galletas María 4 paquetes x 200 g envase 800 g","name":"galletas María 4 paquetes x 200 g envase 800 g","brand":"ALIADA ","img":"https://sgfm.elcorteingles.es/SGFM/dctm/MEDIA02/CONTENIDOS/201503/13/00120608201198000_1__600x600.jpg","price":"0,99 €","price_unit":"(1,24 € / Kilo)","categories":["Supermercado","Desayunos Dulces y pan","Desayunos, dulces y pan","Galletas","Galletas desayuno","ALIADA galletas María 4 paquetes x 200 g envase 800 g"],"general_information":["Denominación del alimento: Galletas tipo maría","Lugar de procedencia del alimento: Distribuido para el  Grupo El Corte Inglés\nHermosilla, 112 28009 Madrid ? España / Espanha\npor NIF: B60397874","Cantidad Neta: 800 g","Número de raciones por envase: Ã 26"],"ingredients":[" Ingredientes:  Harina de trigo (67%), azúcar, grasa de palma (con antioxidante: extracto rico en tocoferoles), jarabe de glucosa y fructosa, gasificantes (carbonatos de sodio y amonio), sal, emulgente (lecitina de girasol), suero de leche\nen polvo (huevo), agente de tratamiento de la harina (E 223 (sulfito)). Puede contener soja"],"conservation":" Conservar en lugar fresco, seco y protegido de los rayos solares.","ean":"8433329057738"},{"full_name":"ALIADA galletas María Doradas 4 paquetes x 200 g envase 800 g","name":"galletas María Doradas 4 paquetes x 200 g envase 800 g","brand":"ALIADA ","img":"https://sgfm.elcorteingles.es/SGFM/dctm/MEDIA02/CONTENIDOS/201503/13/00120608201131000_1__600x600.jpg","price":"0,99 €","price_unit":"(1,24 € / Kilo)","categories":["Supermercado","Desayunos Dulces y pan","Desayunos, dulces y pan","Galletas","Galletas desayuno","ALIADA galletas María Doradas 4 paquetes x 200 g envase 800 g"],"general_information":["Denominación del alimento: Galletas tipo maría","Lugar de procedencia del alimento: Distribuido para el  Grupo El Corte Inglés\nHermosilla, 112 28009 Madrid ? España / Espanha\npor NIF: B60397874","Cantidad Neta: 800 g","Número de raciones por envase: Ã 25"],"ingredients":[" Ingredientes:  Harina de trigo (57%), grasa de palma (con antioxidante: extracto rico en tocoferoles), azúcar, jarabe de glucosa y fructosa, gasificantes (carbonatos de sodio y amonio), emulgente (lecitina de girasol), sal, suero de leche en polvo (huevo), agente de tratamiento de la harina (E 223 (sulfito)) y aromas. Puede contener soja"],"conservation":" Conservar en lugar fresco, seco y protegido de los rayos solares.","ean":"8433329057745"},{"full_name":"ALIADA galletas tostadas 4 paquetes x 200 g envase 800 g","name":"galletas tostadas 4 paquetes x 200 g envase 800 g","brand":"ALIADA ","img":"https://sgfm.elcorteingles.es/SGFM/dctm/MEDIA02/CONTENIDOS/201503/13/00120608201123000_1__600x600.jpg","price":"0,93 €","price_unit":"(1,16 € / Kilo)","categories":["Supermercado","Desayunos Dulces y pan","Desayunos, dulces y pan","Galletas","Galletas desayuno","ALIADA galletas tostadas 4 paquetes x 200 g envase 800 g"],"general_information":["Denominación del alimento: Galletas tipo tostada","Lugar de procedencia del alimento: Distribuido para el  Grupo El Corte Inglés\nHermosilla, 112 28009 Madrid ? España / Espanha\npor NIF: B60397874","Cantidad Neta: 800 g","Número de raciones por envase: Ã 30"],"ingredients":[" Ingredientes:  Harina de trigo (65%), azúcar, grasa de palma (con antioxidante: extracto rico en tocoferoles), jarabe de glucosa y fructosa, gasificantes (carbonatos de sodio y amonio), sal, emulgente (lecitina de girasol), colorante (caramelo de sulfito amónico), suero de leche en polvo (huevo), agente de tratamiento de la harina (E 223 (sulfito)). Puede contener soja"],"conservation":" Conservar en lugar fresco, seco y protegido de los rayos solares.","ean":"8433329057752"},{"full_name":"FONTANEDA LA BUENA MARIA galletas de desayuno caja 1800 g","name":"galletas de desayuno caja 1800 g","brand":"FONTANEDA LA BUENA MARIA ","img":"https://sgfm.elcorteingles.es/SGFM/dctm/MEDIA03/201606/13/00200208200352____1__600x600.jpg","price":"4,46 €","price_unit":"(2,48 € / Kilo)","categories":["Supermercado","Desayunos Dulces y pan","Desayunos, dulces y pan","Galletas","Galletas desayuno","FONTANEDA LA BUENA MARIA galletas de desayuno caja 1800 g"],"general_information":["Denominación del alimento: Galleta Maria.","País de origen: España","Nombre del operador: Mondelez España Commercial, S.L.","Dirección del operador: C/Eucalipto, 25  - 28016 Madrid,  España","Cantidad Neta: 1.8 Kilogramos"],"ingredients":[" Ingredientes: Harina de TRIGO 74,3% , azúcar, grasa de palma, jarabe de glucosa y fructosa, suero de LECHE en polvo, gasificantes (bicarbonato de amonio, bicarbonato de sodio), sal, emulgentes (lecitina de SOJA, lecitina de girasol), agente de tratamiento de la harina (METABISULFITO de sodio), aroma."],"ean":"8410000816464"},{"full_name":"FONTANEDA LA BUENA MARIA galletas de desayuno envase 800 g","name":"galletas de desayuno envase 800 g","brand":"FONTANEDA LA BUENA MARIA ","img":"https://sgfm.elcorteingles.es/SGFM/dctm/MEDIA03/201605/10/00120608200299____1__600x600.jpg","price":"1,96 €","price_unit":"(2,45 € / Kilo)","categories":["Supermercado","Desayunos Dulces y pan","Desayunos, dulces y pan","Galletas","Galletas desayuno","FONTANEDA LA BUENA MARIA galletas de desayuno envase 800 g"],"general_information":["Denominación del alimento: Galleta Maria.","País de origen: España","Nombre del operador: Mondelez España Commercial, S.L.","Dirección del operador: C/Eucalipto, 25  - 28016 Madrid,  España","Cantidad Neta: 800 g"],"ingredients":[" Ingredientes: Harina de TRIGO 74,3% , azúcar, grasa de palma, jarabe de glucosa y fructosa, suero de LECHE en polvo, gasificantes (bicarbonato de amonio, bicarbonato de sodio), sal, emulgentes (lecitina de SOJA, lecitina de girasol), agente de tratamiento de la harina (METABISULFITO de sodio), aroma."],"ean":"8410000826937"},{"full_name":"FONTANEDA BELVITA Desayuno galletas con leche y cereales estuche 400 g","name":"Desayuno galletas con leche y cereales estuche 400 g","brand":"FONTANEDA BELVITA ","img":"https://sgfm.elcorteingles.es/SGFM/dctm/MEDIA02/CONTENIDOS/201408/27/00120613800901____2__600x600.jpg","price":"2,45 €","price_unit":"(6,12 € / Kilo)","categories":["Supermercado","Desayunos Dulces y pan","Desayunos, dulces y pan","Galletas","Galletas desayuno","FONTANEDA BELVITA Desayuno galletas con leche y cereales estuche 400 g"],"general_information":["Denominación del alimento: GALLETA DE CEREALES CON LECHE Y ENRIQUECIDA CON HIERRO, MAGNESIO, VITAMINAS E  Y B1.","País de origen: República Checa","Nombre del operador: Mondelez España Commercial, S.L.","Dirección del operador: C/Eucalipto, 25  - 28016 Madrid,  España","Cantidad Neta: 400 g"],"ingredients":[" Ingredientes: Cereales 69,4% [ harina de TRIGO 47%, cereales integrales 22,4% ( harina integral de TRIGO 6,2%, copos de AVENA 6,1%, copos de trigo sarraceno 4,3%, harina integral de CEBADA 2,8%, harina integral de CENTENO 2%, harina de ESPELTA 1%)], azúcar, aceite de nabina, agente de carga (polidextrosa), gasificantes (carbonato ácido de sodio, carbonato ácido de amonio, difosfato disódico), LECHE entera en polvo 0,9%, sal, emulgentes (E472e, lecitina de SOJA), minerales (carbonato de magnesio, hierro elemental), aromas, LECHE desnatada en polvo, vitaminas (E, tiamina (B1)]. PUEDE CONTENER HUEVO, CACAHUETE, FRUTOS DE CÁSCARA, GRANOS DE SÉSAMO."],"ean":"7622300563196"},{"full_name":"FONTANEDA BELVITA Desayuno Crunchy Avellanas 5 cereales completos caja 300 g","name":"Desayuno Crunchy Avellanas 5 cereales completos caja 300 g","brand":"FONTANEDA BELVITA ","img":"https://sgfm.elcorteingles.es/SGFM/dctm/MEDIA02/CONTENIDOS/201502/16/00120613801305____1__600x600.jpg","price":"2,45 €","price_unit":"(8,17 € / Kilo)","categories":["Supermercado","Desayunos Dulces y pan","Desayunos, dulces y pan","Galletas","Galletas desayuno","FONTANEDA BELVITA Desayuno Crunchy Avellanas 5 cereales completos caja 300 g"],"general_information":["Denominación del alimento: GALLETA DE CEREALES CON AVELLANAS ENRIQUECIDA CON VITAMINAS B1, B2, B6, B9, B5.","País de origen: República Checa","Nombre del operador: Mondelez España Commercial, S.L.","Dirección del operador: C/Eucalipto, 25  - 28016 Madrid,  España","Cantidad Neta: 300 g"],"ingredients":[" Ingredientes: Cereales 67% [cereales integrales 43,4% (copos de AVENA 18,4%, harina integral de TRIGO 13,3%, sémola integral de trigo sarraceno 8,4%, harina integral de ESPELTA 1,1%, harina integral de CEBADA 1,1%, harina integral de CENTENO 1,1%), harina de TRIGO 23,6%], azúcar, aceite de nabina, agente de carga (polidextrosa), AVELLANAS 5,4%, gasificantes (carbonato ácido de amonio, carbonato ácido de sodio, difosfato disódico), emulgentes (lecitina de SOJA, E472e), sal, LECHE desnatada en polvo, aroma, vitaminas [vitamina B5 (ácido pantoténico), vitamina B6 (piridoxina), vitamina B2 (riboflavina), vitamina B1 (tiamina), vitamina B9 (ácido fólico)]. PUEDE CONTENER HUEVO."],"ean":"7622210396563"},{"full_name":"FONTANEDA BELVITA Desayuno Tiernas con 5 cereales completos 5 uds estuche 250 g","name":"Desayuno Tiernas con 5 cereales completos 5 uds estuche 250 g","brand":"FONTANEDA BELVITA ","img":"https://sgfm.elcorteingles.es/SGFM/dctm/MEDIA02/CONTENIDOS/201511/05/00120613801487____2__600x600.jpg","price":"2,55 €","price_unit":"(10,20 € / Kilo)","categories":["Supermercado","Desayunos Dulces y pan","Desayunos, dulces y pan","Galletas","Galletas desayuno","FONTANEDA BELVITA Desayuno Tiernas con 5 cereales completos 5 uds estuche 250 g"],"general_information":["Denominación del alimento: GALLETA DE CEREALES ENRIQUECIDA CON HIERRO, MAGNESIO, VITAMINAS B6 Y B9.","País de origen: República Checa","Nombre del operador: Mondelez España Commercial, S.L.","Dirección del operador: C/Eucalipto, 25  - 28016 Madrid,  España","Cantidad Neta: 250 g"],"ingredients":[" Ingredientes: Cereales 46,5% [ harina de TRIGO 25%, cereales integrales 18,8% (sémola integral de trigosarraceno 14,7%, harina integral de TRIGO 1,1%, harina integral de CEBADA 1%, harina integral de ESPELTA 1%, copos de AVENA 1%), harina de arroz 2,6%, harina de TRIGO malteada 0,1%], azúcar, aceite de nabina, almidón modificado, isomaltulosa****, inulina, humectante (glicerina), agente de carga (maltitol), gluten de TRIGO, sal, gasificante (carbonato ácido de sodio), emulgente (lecitina de SOJA), aroma, minerales (óxido de magnesio, hierro elemental), dextrosa, vitaminas [vitamina B6 (piridoxina), vitamina B9 (ácido fólico)]. **** La isomaltulosa es una fuente de glucosa y fructosa.  PUEDE CONTENER LECHE."],"ean":"7622210450630"},{"full_name":"CUETARA MARIA ORO galletas de desayuno con 63% de cereales paquete 800 g","name":"galletas de desayuno con 63% de cereales paquete 800 g","brand":"CUETARA MARIA ORO ","img":"https://sgfm.elcorteingles.es/SGFM/00/18/2/0120608200182/0120608200182000g01011.jpg","price":"2,49 €","price_unit":"(3,11 € / Kilo)","categories":["Supermercado","Desayunos Dulces y pan","Desayunos, dulces y pan","Galletas","Galletas desayuno","CUETARA MARIA ORO galletas de desayuno con 63% de cereales paquete 800 g"],"general_information":["Denominación del alimento: Galletas     Bolachas CookiesBiscuits","País de origen: España","Nombre del operador: Cuétara S.L.U.","Dirección del operador: Avda. Hermanos Gómez Cuétara núm. 1","Cantidad Neta: 800 g"],"ingredients":[" Harina de trigo 66%, Oleoequilibre 19% (aceites vegetales de girasol alto oleico y palma), azúcar, suero de leche en polvo, jarabe de glucosa y fructosa, gasificantes (carbonatos de amonio y de sodio), sal, emulgente (lecitina), aromas, agente de tratamiento de la harina (metabisulfito sódico). Puede contener soja, huevos."],"conservation":" Almacenar en lugar fresco y seco.  Preservar de los rayos solares Armazenar em lugar fresco e seco. Preservar dos raios solares Keep in a cool and dry place. Protect from direct sunlightA conserver dans un lieu frais et sec. Protéger du rayonnement solaire","ean":"8410014305176"},{"full_name":"CUETARA MARIA galletas de desayuno paquete 800 g","name":"galletas de desayuno paquete 800 g","brand":"CUETARA MARIA ","img":"https://sgfm.elcorteingles.es/SGFM/00/07/5/0120608200075/0120608200075000g01011.jpg","price":"2,39 €","price_unit":"(2,99 € / Kilo)","categories":["Supermercado","Desayunos Dulces y pan","Desayunos, dulces y pan","Galletas","Galletas desayuno","CUETARA MARIA galletas de desayuno paquete 800 g"],"general_information":["Denominación del alimento: GalletaBolacha BiscuitsBiscuits","País de origen: España","Nombre del operador: Cuétara S.L.U.","Dirección del operador: Avda. Hermanos Gómez Cuétara núm. 1","Cantidad Neta: 800 g"],"ingredients":[" Harina de trigo, azúcar, jarabe de glucosa y fructosa, Cuétara Oleoequilibre 7,6% (aceites vegetales de girasol alto oleico y palma), sal, gasificantes (bicarbonatos sódico y amónico), emulgente (lecitina), aromas, agente de tratamiento de la harina (metabisulfito sódico), colorante: E 150d (sulfitos). Puede contener leche, soja, huevo."],"conservation":" Almacenar en lugar fresco y seco. Preservar de los rayos solares Armazenar em lugar fresco e seco. Preservar dos raios solaresKeep in a cool and dry place. Protect from direct sunlightA conserver dans un lieu frais et sec. Protéger du rayonnement solaire","ean":"8410014305268"},{"full_name":"CUETARA HOJALDRADA galletas de desayunno paquete 600 g","name":"galletas de desayunno paquete 600 g","brand":"CUETARA HOJALDRADA ","img":"https://sgfm.elcorteingles.es/SGFM/dctm/MEDIA03/201703/16/00120608200133____1__600x600.jpg","price":"1,88 €","price_unit":"(3,13 € / Kilo)","categories":["Supermercado","Desayunos Dulces y pan","Desayunos, dulces y pan","Galletas","Galletas desayuno","CUETARA HOJALDRADA galletas de desayunno paquete 600 g"],"general_information":["Denominación del alimento: GalletaBolachaCookiesBiscuits","País de origen: España","Nombre del operador: Cuétara S.L.U.","Dirección del operador: Avda. Hermanos Gómez Cuétara núm. 1","Cantidad Neta: 600 g"],"ingredients":[" Harina de trigo, azúcar, jarabe de glucosa y fructosa, Oleoequilibre 6% (aceites vegetales de girasol alto oleico y palma), sal, gasificantes (carbonatos de sodio y de amonio), emulgente (lecitina), aromas, agente de tratamiento de la harina (metabisulfito sódico). Puede contener leche, soja, derivados del huevo."],"conservation":" Mantener en lugar fresco y seco. Preservar de los rayos solaresManter em lugar fresco e seco. Preservar dos raios solaresKeep in a cool and dry place. Protect from direct sunlightA conserver dans un lieu frais et sec. Protéger du rayonnement solaire","ean":"8410014305251"},{"full_name":"CUETARA TOSTA RICA galletas de desayuno con vitaminas hierro calcio y cereales formato ahorro caja 860 g","name":"galletas de desayuno con vitaminas hierro calcio y cereales formato ahorro caja 860 g","brand":"CUETARA TOSTA RICA ","img":"https://sgfm.elcorteingles.es/SGFM/dctm/MEDIA03/201710/17/00120608201628____12__600x600.jpg","price":"2,89 €            ","price_unit":"(3,24 € / Kilo)","categories":["Supermercado","Desayunos Dulces y pan","Desayunos, dulces y pan","Galletas","Galletas desayuno","CUETARA TOSTA RICA galletas de desayuno con vitaminas hierro calcio y cereales formato ahorro caja 860 g"],"general_information":["Denominación del alimento: Galletas\tBolachas","País de origen: España","Nombre del operador: Cuétara S.L.U.","Dirección del operador: Avda. Hermanos Gómez Cuétara núm. 1","Cantidad Neta: 860 g"],"ingredients":[" Harina de trigo 68%, azúcar, aceite de girasol alto oleico 14%, jarabe de  glucosa y fructosa, suero de leche en polvo, emulgente (lecitina), sal, gasificantes (carbonatos de sodio y de amonio), colorante: E150d (sulfitos), aromas, vitaminas (A, tiamina (B1), riboflavina (B2), niacina (B3), B6, D), sales minerales (hierro elemental y carbonato de calcio), agente de tratamiento de la harina (metabisulfito sódico)."],"conservation":" Almacenar en lugar fresco y seco. Preservar de los rayos solares Armazenar em lugar fresco e seco. Proteger dos raios solares","ean":"8434165486485"},{"full_name":"CUETARA TOSTA RICA Fibra galletas con vitaminas hierro calcio y cereales formato ahorro caja 860 g","name":"Fibra galletas con vitaminas hierro calcio y cereales formato ahorro caja 860 g","brand":"CUETARA TOSTA RICA ","img":"https://sgfm.elcorteingles.es/SGFM/dctm/MEDIA03/201710/17/00120608201636____12__600x600.jpg","price":"2,92 €","price_unit":"(3,40 € / Kilo)","categories":["Supermercado","Desayunos Dulces y pan","Desayunos, dulces y pan","Galletas","Galletas desayuno","CUETARA TOSTA RICA Fibra galletas con vitaminas hierro calcio y cereales formato ahorro caja 860 g"],"general_information":["Denominación del alimento: Galleta\tBolacha","País de origen: España","Nombre del operador: Cuétara S.L.U.","Dirección del operador: Avda. Hermanos Gómez Cuétara núm. 1","Cantidad Neta: 860 g"],"ingredients":[" Harina de trigo 63%, azúcar, aceite de girasol alto oleico 15%, fibra de avena 4%, suero de leche en polvo, jarabe de  glucosa y fructosa, sal, gasificantes (carbonatos de amonio y de sodio), emulgente (lecitina), colorante: E150d (contiene sulfitos), aromas (contiene leche), vitaminas (A, tiamina (B1), riboflavina (B2), niacina (B3), B6, D), sales minerales (hierro elemental y carbonato de calcio), agente de tratamiento de la harina (metabisulfito sódico). Puede contener soja, huevos, huevo."],"conservation":" Almacenar en lugar fresco y seco. Preservar de los rayos solaresArmazenar em lugar fresco e seco. Proteger dos raios solares","ean":"8434165486515"},{"full_name":"CUETARA TOSTA RICA galletas de desayuno con vitaminas hierro calcio y cereales estuche 570 g","name":"galletas de desayuno con vitaminas hierro calcio y cereales estuche 570 g","brand":"CUETARA TOSTA RICA ","img":"https://sgfm.elcorteingles.es/SGFM/dctm/MEDIA03/201710/17/00120608201669____6__600x600.jpg","price":"1,98 €","price_unit":"(3,47 € / Kilo)","categories":["Supermercado","Desayunos Dulces y pan","Desayunos, dulces y pan","Galletas","Galletas desayuno","CUETARA TOSTA RICA galletas de desayuno con vitaminas hierro calcio y cereales estuche 570 g"],"general_information":["Denominación del alimento: Galletas Bolachas","País de origen: España","Nombre del operador: Cuétara S.L.U.","Dirección del operador: Avda. Hermanos Gómez Cuétara núm. 1","Cantidad Neta: 570 g"],"ingredients":[" Harina de trigo 68%, azúcar, aceite de girasol alto oleico 14%, jarabe de  glucosa y fructosa, suero de leche en polvo, emulgente (lecitina), sal, gasificantes (carbonatos de sodio y de amonio), colorante: E150d (contiene sulfitos), aromas (contiene leche), aromas, vitaminas (A, tiamina (B1), riboflavina (B2), niacina (B3), B6, D), sales minerales (hierro elemental y carbonato de calcio), agente de tratamiento de la harina (metabisulfito sódico)."],"conservation":" Almacenar en lugar fresco y seco. Preservar de los rayos solares Armazenar em lugar fresco e seco. Proteger dos raios solares","ean":"8434165483965"},{"full_name":"CUETARA TOSTA RICA Mini Go galletas de desayuno con vitaminas hierro calcio y cereales estuche 240 g 8 bolsitas de 8 minigalletas","name":"Mini Go galletas de desayuno con vitaminas hierro calcio y cereales estuche 240 g","brand":"CUETARA TOSTA RICA ","img":"https://sgfm.elcorteingles.es/SGFM/dctm/MEDIA03/201710/17/00120608201248____18__600x600.jpg","price":"1,48 €","price_unit":"(6,17 € / Kilo)","categories":["Supermercado","Desayunos Dulces y pan","Desayunos, dulces y pan","Galletas","Galletas desayuno","CUETARA TOSTA RICA Mini Go galletas de desayuno con vitaminas hierro calcio y cereales estuche 240 g 8 bolsitas de 8 minigalletas"],"general_information":["Denominación del alimento: Galleta\tBolacha","País de origen: España","Nombre del operador: Cuétara S.L.U.","Dirección del operador: Avda. Hermanos Gómez Cuétara núm. 1","Cantidad Neta: 240 g"],"ingredients":[" Harina de trigo 65%, azúcar, aceite de girasol alto oleico 15%, suero de leche en polvo, jarabe de  glucosa y fructosa, emulgente: lecitina (contiene trigo), sal, gasificantes (carbonatos de amonio y de sodio), colorante: E150d (contiene sulfitos), aromas (contiene leche), vitaminas (A, tiamina (B1), riboflavina (B2), niacina (B3), B6, D), sales minerales (hierro elemental y carbonato de calcio), agente de tratamiento de la harina (metabisulfito sódico). Contiene huevo. Puede contener soja."],"conservation":" Almacenar en lugar fresco y seco. Preservar de los rayos solares Armazenar em lugar fresco e seco. Proteger dos raios solares","ean":"8434165484054"},{"full_name":"CUETARA NAPOLITANAS galletas de desayuno con canela paquete 500 g","name":"galletas de desayuno con canela paquete 500 g","brand":"CUETARA NAPOLITANAS ","img":"https://sgfm.elcorteingles.es/SGFM/dctm/MEDIA02/CONTENIDOS/201408/25/00120608200174____2__600x600.jpg","price":"1,75 €            ","price_unit":"(3,18 € / Kilo)","categories":["Supermercado","Desayunos Dulces y pan","Desayunos, dulces y pan","Galletas","Galletas desayuno","CUETARA NAPOLITANAS galletas de desayuno con canela paquete 500 g"],"general_information":["Denominación del alimento: Galleta Bolacha","País de origen: España","Nombre del operador: Cuétara S.L.U.","Dirección del operador: Avda. Hermanos Gómez Cuétara núm. 1","Cantidad Neta: 500 g"],"ingredients":[" Harina de trigo, aceite vegetal (palma), azúcar, jarabe de glucosa y fructosa, dextrosa, sal, emulgente (lecitina), canela 0,2%, aroma, agente de tratamiento de la harina (metabisulfito sódico), gasificantes (carbonatos de amonio y de sodio). Puede contener leche."],"conservation":" Almacenar en lugar fresco y secoArmazenar em lugar fresco e secoA conserver dans un lieu frais et secKeep in a cool and dry place","ean":"8410014307682"},{"full_name":"CUETARA NAPOLITANAS galletas de desayuno con canela paquete 213 g","name":"galletas de desayuno con canela paquete 213 g","brand":"CUETARA NAPOLITANAS ","img":"https://sgfm.elcorteingles.es/SGFM/dctm/CONTENIDOS/201511/24/00120608201404____1__600x600.jpg","price":"1,00 €","price_unit":"(4,69 € / Kilo)","categories":["Supermercado","Desayunos Dulces y pan","Desayunos, dulces y pan","Galletas","Galletas desayuno","CUETARA NAPOLITANAS galletas de desayuno con canela paquete 213 g"],"general_information":["Denominación del alimento: Galleta\tBolacha  RICANELA","País de origen: España","Nombre del operador: Cuétara S.L.U.","Dirección del operador: Avda. Hermanos Gómez Cuétara núm. 1","Cantidad Neta: 213 g"],"ingredients":[" Harina de trigo, aceite vegetal (palma), azúcar, jarabe de glucosa y fructosa, dextrosa, sal, emulgente (lecitina), gasificantes (carbonatos de amonio y de sodio), canela 0,2%, aroma, agente de tratamiento de la harina (metabisulfito sódico). Puede contener leche."],"conservation":" Almacenar en lugar fresco y secoArmazenar em lugar fresco e seco","ean":"8410014359841"},{"full_name":"CUETARA CAMPURRIANAS galletas de desayuno caja 500 g","name":"galletas de desayuno caja 500 g","brand":"CUETARA CAMPURRIANAS ","img":"https://sgfm.elcorteingles.es/SGFM/dctm/MEDIA02/CONTENIDOS/201408/25/00120608200315____2__600x600.jpg","price":"1,75 €            ","price_unit":"(3,18 € / Kilo)","categories":["Supermercado","Desayunos Dulces y pan","Desayunos, dulces y pan","Galletas","Galletas desayuno","CUETARA CAMPURRIANAS galletas de desayuno caja 500 g"],"general_information":["Denominación del alimento: Galletas\tBolachasBiscuitsBiscuits","País de origen: España","Nombre del operador: Cuétara S.L.U.","Dirección del operador: Avda. Hermanos Gómez Cuétara núm. 1","Cantidad Neta: 625 g"],"ingredients":[" Harina de trigo, azúcar, aceites vegetales de palma y girasol alto oleico, aceite vegetal de palma y girasol alto oleico, jarabe de glucosa y fructosa, sal, gasificantes (carbonatos de amonio y de sodio). Puede contener leche."],"conservation":" Almacenar en lugar fresco y seco. Preservar de los rayos solaresArmazenar em lugar fresco e seco. Preservar dos raios solaresKeep in a cool and dry place, protect from direct sunlight. A conserver dans un lieu frais et sec. Protéger du soleil.","ean":"8434165494664"},{"full_name":"CUETARA CAMPURRIANAS Mini Churruscos galletas de desayuno paquete 600 g","name":"Mini Churruscos galletas de desayuno paquete 600 g","brand":"CUETARA CAMPURRIANAS ","img":"https://sgfm.elcorteingles.es/SGFM/dctm/MEDIA03/201611/08/00120608200570____1__600x600.jpg","price":"2,55 €","price_unit":"(4,25 € / Kilo)","categories":["Supermercado","Desayunos Dulces y pan","Desayunos, dulces y pan","Galletas","Galletas desayuno","CUETARA CAMPURRIANAS Mini Churruscos galletas de desayuno paquete 600 g"],"general_information":[],"ingredients":[],"ean":"8434165460775"},{"full_name":"CUETARA CAMPURRIANAS galletas de desayuno 0% azúcares estuche 400 g","name":"galletas de desayuno 0% azúcares estuche 400 g","brand":"CUETARA CAMPURRIANAS ","img":"https://sgfm.elcorteingles.es/SGFM/dctm/MEDIA02/CONTENIDOS/201504/10/00120613801354____1__600x600.jpg","price":"1,98 €","price_unit":"(4,95 € / Kilo)","categories":["Supermercado","Desayunos Dulces y pan","Desayunos, dulces y pan","Galletas","Galletas desayuno","CUETARA CAMPURRIANAS galletas de desayuno 0% azúcares estuche 400 g"],"general_information":[],"ingredients":[],"ean":"8434165458079"},{"full_name":"CUETARA AVENACOL galleta rústica paquete 300 g","name":"galleta rústica paquete 300 g","brand":"CUETARA AVENACOL ","img":"https://sgfm.elcorteingles.es/SGFM/dctm/MEDIA02/CONTENIDOS/201504/10/00120613801339____1__600x600.jpg","price":"2,45 €","price_unit":"(8,17 € / Kilo)","categories":["Supermercado","Desayunos Dulces y pan","Desayunos, dulces y pan","Galletas","Galletas desayuno","CUETARA AVENACOL galleta rústica paquete 300 g"],"general_information":[],"ingredients":[],"ean":"8434165479456"},{"full_name":"CUETARA AVENACOL galletas de avena a cucharadas en forma de corazón 0% azúcares añadidos paquete 300 g","name":"galletas de avena a cucharadas en forma de corazón 0% azúcares añadidos paquete 300 g","brand":"CUETARA AVENACOL ","img":"https://sgfm.elcorteingles.es/SGFM/dctm/MEDIA03/201711/30/00120613801958____1__600x600.jpg","price":"2,99 €","price_unit":"(9,97 € / Kilo)","categories":["Supermercado","Desayunos Dulces y pan","Desayunos, dulces y pan","Galletas","Galletas desayuno","CUETARA AVENACOL galletas de avena a cucharadas en forma de corazón 0% azúcares añadidos paquete 300 g"],"general_information":["Denominación del alimento: GALLETA CON SALVADO DE AVENA, SIN AZÚCARES AÑADIDOS, CON EDULCORANTEBOLACHA COM FARELO DE AVEIA, SEM AÇÚCARES ADICIONADOS, COM EDULCORANTE","País de origen: España","Nombre del operador: Cuétara S.L.U.","Dirección del operador: Avda. Hermanos Gómez Cuétara núm. 1","Cantidad Neta: 300 g"],"ingredients":[" Copos de avena 30%, harina de trigo, edulcorante (maltitol), aceite de girasol alto oleico 13%, Avenacol 9,6% (salvado de avena alto en betaglucano), salvado de trigo, almidón de arroz, jarabe de oligofructosacáridos, gasificantes (bicarbonatos sódico y amónico), sal, aromas. Puede contener soja, huevo."],"conservation":" Almacenar en lugar seco y fresco. Preservar de los rayos solares.Armazenar em lugar seco e fresco. Preservar dos raios solares.","ean":"8434165493094"},{"full_name":"CUETARA AVENACOL galleta de avena rústica 0% azúcares bolsa 200 g","name":"galleta de avena rústica 0% azúcares bolsa 200 g","brand":"CUETARA AVENACOL ","img":"https://sgfm.elcorteingles.es/SGFM/dctm/MEDIA03/201611/21/00120613801560____1__600x600.jpg","price":"1,99 €","price_unit":"(9,95 € / Kilo)","categories":["Supermercado","Desayunos Dulces y pan","Desayunos, dulces y pan","Galletas","Galletas desayuno","CUETARA AVENACOL galleta de avena rústica 0% azúcares bolsa 200 g"],"general_information":["Denominación del alimento: GALLETA SIN AZÚCARES AÑADIDOS, CON EDULCORANTEBOLACHA SEM AÇÚCARES ADICIONADOS, COM EDULCORANTE","País de origen: España","Nombre del operador: Cuétara S.L.U.","Dirección del operador: Avda. Hermanos Gómez Cuétara núm. 1","Cantidad Neta: 200 g"],"ingredients":[" Harina de trigo, edulcorante (maltitol), aceite de girasol alto oleico, copos de avena 14%, Avenacol 9% (salvado de avena alto en betaglucano), oligofructosa, almidón de arroz, gasificantes (carbonatos de amonio y de sodio), sal, aromas, emulgente (lecitina). Puede contener frutos de cáscara, leche, soja, huevos. Un consumo excesivo puede producir efectos laxantes."],"conservation":" Almacenar en lugar fresco y seco. Preservar de los rayos solaresArmazenar em lugar fresco e seco. Preservar dos raios solares","ean":"8434165451544"},{"full_name":"MARBU Dorada galletas de desayuno doradas al horno paquete 1,8 kg","name":"Dorada galletas de desayuno doradas al horno paquete 1,8 kg","brand":"MARBU ","img":"https://sgfm.elcorteingles.es/SGFM/dctm/MEDIA03/201703/16/00120608201362____4__600x600.jpg","price":"4,65 €","price_unit":"(2,58 € / Kilo)","categories":["Supermercado","Desayunos Dulces y pan","Desayunos, dulces y pan","Galletas","Galletas desayuno","MARBU Dorada galletas de desayuno doradas al horno paquete 1,8 kg"],"general_information":["Denominación del alimento: (ES) GALLETA MARIA (PT) BOLACHA MARIA (EN) MARIA BISCUIT (FR) BISCUIT MARIA","País de origen: España","Nombre del operador: Galletas Artiach S.A.U.","Dirección del operador: Barrio Bengoechea núm. 20 48410-Orozco","Cantidad Neta: 1800 g"],"ingredients":[" Harina de trigo, azúcar, aceites vegetales de palma y girasol alto oleico, jarabe de glucosa y fructosa, suero de leche en polvo, gasificantes (bicarbonatos amónico y sódico), sal, aromas, antioxidantes (E 304, E 306), agente de tratamiento de la harina (metabisulfito sódico). Puede contener soja, huevos."],"conservation":" Conservar en lugar fresco y secoConservar em local fresco e secoKeep in a cool and dry placeÀ conserver dans un endroit frais et sec","ean":"8410000002089"},{"full_name":"MARBU Dorada galletas de desayuno doradas al horno caja 800 g","name":"Dorada galletas de desayuno doradas al horno caja 800 g","brand":"MARBU ","img":"https://sgfm.elcorteingles.es/SGFM/dctm/MEDIA03/201707/04/00120608200356____7__600x600.jpg","price":"2,40 €","price_unit":"(3 € / Kilo)","categories":["Supermercado","Desayunos Dulces y pan","Desayunos, dulces y pan","Galletas","Galletas desayuno","MARBU Dorada galletas de desayuno doradas al horno caja 800 g"],"general_information":["Denominación del alimento: (ES) GALLETA MARIA(PT) BOLACHA MARIA (EN) MARIA BISCUIT (FR) BISCUIT MARIA","País de origen: España","Nombre del operador: Galletas Artiach S.A.U.","Dirección del operador: Barrio Bengoetxea núm. 20 48410-Orozko","Cantidad Neta: 800 g"],"ingredients":[" Harina de trigo, aceites vegetales de palma y girasol alto oleico, azúcar, jarabe de glucosa y fructosa, suero lácteo en polvo, gasificantes (bicarbonatos amónico y sódico), sal, aromas, antioxidantes (E 304, E 306), agente de tratamiento de la harina (metabisulfito sódico). Contiene huevo. Puede contener soja."],"conservation":" Conservar en lugar fresco y secoConservar em local fresco e secoKeep in a cool and dry placeÀ conserver dans un endroit frais et sec","ean":"8410000806953"},{"full_name":"MARBU Dorada mini galletas de desayuno a cucharadas bolsa 250 g","name":"Dorada mini galletas de desayuno a cucharadas bolsa 250 g","brand":"MARBU ","img":"https://sgfm.elcorteingles.es/SGFM/dctm/MEDIA03/201707/04/00120608201800____6__600x600.jpg","price":"1,00 €","price_unit":"(4 € / Kilo)","categories":["Supermercado","Desayunos Dulces y pan","Desayunos, dulces y pan","Galletas","Galletas desayuno","MARBU Dorada mini galletas de desayuno a cucharadas bolsa 250 g"],"general_information":["Denominación del alimento: (ES) GALLETA MARIA(PT) BOLACHA MARIA","País de origen: España","Nombre del operador: Galletas Artiach S.A.U.","Dirección del operador: Barrio Bengoetxea núm. 20 48410-Orozko","Cantidad Neta: 250 g"],"ingredients":[" Harina de trigo 74%, azúcar, aceites vegetales de palma y girasol alto oleico, jarabe de glucosa y fructosa, suero de leche en polvo, gasificantes (bicarbonatos amónico y sódico), sal, aromas, agente de tratamiento de la harina (metabisulfito sódico). Puede contener soja, huevos."],"conservation":" Conservar en lugar fresco y secoConservar em local fresco e seco","ean":"8436048453232"},{"full_name":"MARBU galletas de desayuno doradas al horno 0% azúcares añadidos estuche 400 g","name":"galletas de desayuno doradas al horno 0% azúcares añadidos estuche 400 g","brand":"MARBU ","img":"https://sgfm.elcorteingles.es/SGFM/dctm/MEDIA03/201701/20/00120613800778____1__600x600.jpg","price":"1,84 €","price_unit":"(4,60 € / Kilo)","categories":["Supermercado","Desayunos Dulces y pan","Desayunos, dulces y pan","Galletas","Galletas desayuno","MARBU galletas de desayuno doradas al horno 0% azúcares añadidos estuche 400 g"],"general_information":["Denominación del alimento: (ES) GALLETA MARIA SIN AZÚCARES AÑADIDOS, CON EDULCORANTES      (PT) BOLACHA MARIA SEM AÇÚCARES ADICIONADOS, COM EDULCORANTES (EN) BISCUITS MARIA WITH NO ADDED SUGARS,  WITH SWEETENERS(FR) BISCUITS MARIA SANS SUCRES AJOUTÉS, AVEC ÉDULCORANTS","País de origen: España","Nombre del operador: Galletas Artiach S.A.U.","Dirección del operador: Barrio Bengoetxea núm. 20 48410-Orozko","Cantidad Neta: 400 g"],"ingredients":[" Harina de trigo, edulcorantes (jarabe de maltitol, sucralosa), aceites vegetales (girasol alto oleico, palma), aceite de palma, jarabe de oligofructosacáridos, gasificantes (bicarbonatos amónico y sódico), sal, extracto de malta de cebada, aromas, antioxidantes (E 304, E 306), agente de tratamiento de la harina (metabisulfito sódico). Puede contener leche, soja, huevos. Un consumo excesivo puede producir efectos laxantes."],"conservation":" Conservar en lugar fresco y secoConservar em local fresco e secoKeep in a cool and dry placeÀ conserver dans un endroit frais et sec","ean":"8436048960594"},{"full_name":"CHIQUILIN galletas de desayuno pack 2 x 875g en lata vintage de 1,75 kg","name":"galletas de desayuno pack 2 x 875g en lata vintage de  1,75 kg","brand":"CHIQUILIN ","img":"https://sgfm.elcorteingles.es/SGFM/dctm/MEDIA03/201709/19/00120608201917____1__600x600.jpg","price":"7,50 €","price_unit":"(4,29 € / Kilo)","categories":["Supermercado","Desayunos Dulces y pan","Desayunos, dulces y pan","Galletas","Galletas desayuno","CHIQUILIN galletas de desayuno pack 2 x 875g en lata vintage de 1,75 kg"],"general_information":["Denominación del alimento: GALLETABOLACHABISCUITBISCUIT","País de origen: España","Nombre del operador: Galletas Artiach S.A.U.","Dirección del operador: Barrio Bengoetxea núm. 20 48410-Orozko","Cantidad Neta: 1750 g"],"ingredients":[" Harina de trigo 67%, azúcar, Oleoequilibre 13% (aceites vegetales de girasol alto oleico y palma), coco rallado, suero de leche en polvo, almidón de trigo, jarabe de glucosa y fructosa, miel 0,7%, huevos en polvo (equivalente a 2,4% de huevos), gasificantes (bicarbonatos amónico y sódico), sal, aromas, antioxidantes (E 304, E 306), extracto de malta de cebada, vitamina y sales minerales: vitamina D, carbonato de calcio y hierro. Puede contener soja."],"conservation":" Almacenar en lugar fresco y seco.  Preservar de los rayos solares Armazenar em lugar fresco e seco. Preservar dos raios solaresKeep in a cool and dry place. Protect from direct sunlightA conserver dans un lieu frais et sec. Protéger du rayonnement solaire","ean":"8436048490572"},{"full_name":"CHIQUILIN galletas de desayuno caja 875 g","name":"galletas de desayuno caja 875 g","brand":"CHIQUILIN ","img":"https://sgfm.elcorteingles.es/SGFM/dctm/MEDIA03/201707/04/00120608200141____6__600x600.jpg","price":"3,35 €","price_unit":"(3,83 € / Kilo)","categories":["Supermercado","Desayunos Dulces y pan","Desayunos, dulces y pan","Galletas","Galletas desayuno","CHIQUILIN galletas de desayuno caja 875 g"],"general_information":["Denominación del alimento: (ES) GALLETA(PT) BOLACHA(EN) BISCUIT(FR) BISCUIT","País de origen: España","Nombre del operador: Galletas Artiach S.A.U.","Dirección del operador: Barrio Bengoetxea núm. 20 48410-Orozko","Cantidad Neta: 875 g"],"ingredients":[" Harina de trigo 68%, azúcar, aceite de girasol alto oleico 13%, coco rallado, suero lácteo en polvo, almidón de trigo, miel 0,7%, jarabe de glucosa y fructosa, huevos en polvo (equivalente a 2,3% de huevos), huevos en polvo (equivalente a 2,4% de huevos), gasificantes (bicarbonatos amónico y sódico), sal, aromas, antioxidantes (E 304, E 306), extracto de malta de cebada, vitamina y sales minerales: vitamina D, carbonato de calcio y hierro. Puede contener soja."],"conservation":" Conservar en lugar fresco y secoConservar em local fresco e secoKeep in a cool and dry placeÀ conserver dans un endroit frais et sec","ean":"8410000000108"},{"full_name":"CHIQUILIN galletas de desayuno caja 525 g","name":"galletas de desayuno caja 525 g","brand":"CHIQUILIN ","img":"https://sgfm.elcorteingles.es/SGFM/dctm/MEDIA03/201707/04/00120608201677____6__600x600.jpg","price":"2,12 €","price_unit":"(4,04 € / Kilo)","categories":["Supermercado","Desayunos Dulces y pan","Desayunos, dulces y pan","Galletas","Galletas desayuno","CHIQUILIN galletas de desayuno caja 525 g"],"general_information":["Denominación del alimento: (ES) GALLETA(PT) BOLACHA(EN) BISCUIT(FR) BISCUIT","País de origen: España","Nombre del operador: Galletas Artiach S.A.U.","Dirección del operador: Barrio Bengoetxea núm. 20 48410-Orozko","Cantidad Neta: 525 g"],"ingredients":[" Harina de trigo 68%, azúcar, aceite de girasol alto oleico 13%, coco rallado, suero lácteo en polvo, almidón de trigo, miel 0,7%, jarabe de glucosa y fructosa, huevos en polvo (equivalente a 2,3% de huevos), huevos en polvo (equivalente a 2,4% de huevos), gasificantes (bicarbonatos amónico y sódico), sal, aromas, antioxidantes (E 304, E 306), extracto de malta de cebada, vitamina y sales minerales: vitamina D, carbonato de calcio y hierro. Puede contener soja."],"conservation":" Conservar en lugar fresco y secoConservar em local fresco e secoKeep in a cool and dry placeÀ conserver dans un endroit frais et sec","ean":"8436048413939"},{"full_name":"CHIQUILIN galletas de desayuno 0% azúcares añadidos paquete 525 g","name":"galletas de desayuno 0% azúcares añadidos paquete 525 g","brand":"CHIQUILIN ","img":"https://sgfm.elcorteingles.es/SGFM/dctm/MEDIA03/201707/04/00120613801669____6__600x600.jpg","price":"2,65 €","price_unit":"(5,05 € / Kilo)","categories":["Supermercado","Desayunos Dulces y pan","Desayunos, dulces y pan","Galletas","Galletas desayuno","CHIQUILIN galletas de desayuno 0% azúcares añadidos paquete 525 g"],"general_information":["Denominación del alimento: GALLETA SIN AZÚCARES AÑADIDOS, CON EDULCORANTEBOLACHA SEM AÇÚCARES ADICIONADOS, COM EDULCORANTEBISCUITS WITH NO ADDED SUGARS, WITH SWEETENERBISCUIT SANS SUCRES AJOUTÉS, AVEC ÉDULCORANT","País de origen: España","Nombre del operador: Galletas Artiach S.A.U.","Dirección del operador: Barrio Bengoetxea núm. 20 48410-Orozko","Cantidad Neta: 525 g"],"ingredients":[" Harina de trigo 71%, edulcorante: maltitol (contiene trigo), aceite de girasol alto oleico 13%, aceite de girasol alto oleico, jarabe de oligofructosacáridos, coco rallado, almidón, huevos en polvo (equivalente a 2,5% de huevos), gasificantes (bicarbonatos amónico y sódico), sal, aromas, antioxidantes (E 304, E 306). Puede contener leche, soja. Un consumo excesivo puede producir efectos laxantes."],"conservation":" Conservar en lugar fresco y secoConservar em local fresco e secoKeep in a cool and dry placeÀ conserver dans un endroit frais et sec","ean":"8436048475739"},{"full_name":"CHIQUILIN ositos de galleta con miel caja 450 g","name":"ositos de galleta con miel caja 450 g","brand":"CHIQUILIN ","img":"https://sgfm.elcorteingles.es/SGFM/dctm/MEDIA03/201707/04/00120608200240____6__600x600.jpg","price":"2,85 €","price_unit":"(6,33 € / Kilo)","categories":["Supermercado","Desayunos Dulces y pan","Desayunos, dulces y pan","Galletas","Galletas desayuno","CHIQUILIN ositos de galleta con miel caja 450 g"],"general_information":["Denominación del alimento: (ES) GALLETAS DE CEREALES SABOR MIEL(PT) BOLACHAS DE CEREAIS SABOR A MEL(EN) HONEY FLAVOUR CEREAL BISCUITS(FR) BICUITS AUX CEREALES PARFUM MIEL","País de origen: España","Nombre del operador: Galletas Artiach S.A.U.","Dirección del operador: Barrio Bengoetxea núm. 20 48410-Orozko","Cantidad Neta: 450 g"],"ingredients":[" Harinas de cereales 67% (trigo, arroz, avena, cebada, centeno), azúcar, aceite de girasol alto oleico 14%, miel 3,4%, salvado de trigo, dextrosa, sal, gasificantes (bicarbonatos sódico y amónico), emulgente (lecitina), antioxidantes (E 304, E 306), vitamina y sales minerales: vitamina D, carbonato de calcio y hierro. Puede contener leche, huevos."],"conservation":" Conservar en lugar fresco y secoConservar em local fresco e secoKeep in a cool and dry placeÀ conserver dans un endroit frais et sec","ean":"8410000803808"},{"full_name":"CHIQUILIN galleta de cereales milenarios con centeno, espelta, quinoa, chía y lino paquete 260 g 8 bolsitas individuales","name":"galleta de cereales milenarios con centeno, espelta, quinoa, chía y lino paquete 260 g","brand":"CHIQUILIN ","img":"https://sgfm.elcorteingles.es/SGFM/dctm/MEDIA03/201711/30/00120608202113____1__600x600.jpg","price":"1,99 €","price_unit":"(7,65 € / Kilo)","categories":["Supermercado","Desayunos Dulces y pan","Desayunos, dulces y pan","Galletas","Galletas desayuno","CHIQUILIN galleta de cereales milenarios con centeno, espelta, quinoa, chía y lino paquete 260 g 8 bolsitas individuales"],"general_information":["Denominación del alimento: (ES) GALLETA DE CEREALES Y SEMILLAS(PT) BOLACHA DE CEREAIS E SEMENTES(EN) CEREALS AND SEEDS BISCUIT(FR) BISCUIT DE CÉRÉALES ET GRAINES","País de origen: España","Nombre del operador: Galletas Artiach S.A.U.","Dirección del operador: Barrio Bengoetxea núm. 20 48410-Orozko","Cantidad Neta: 260 g"],"ingredients":[" Harina de cereales integrales (trigo espelta 32% y centeno 32%), azúcar moreno de caña 21%, aceite de girasol alto oleico 11%, aceite de girasol alto oleico, coco rallado, semillas de quinoa 2,3%, chía 2,0% y lino 1,8%, miel 0,6%, suero lácteo en polvo, huevos en polvo (equivalente a 2,0% de huevos), gasificantes (bicarbonatos amónico y sódico), sal, extracto de malta de cebada, jarabe de glucosa y fructosa, aroma, vitamina y sales minerales: vitamina D, carbonato de calcio y hierro. Puede contener soja."],"conservation":" Conservar en lugar fresco y secoConservar em local fresco e secoKeep in a cool and dry placeÀ conserver dans un endroit frais et sec","ean":"8436048961379"},{"full_name":"ARTIACH Dinosaurus galletas de cereales con vitaminas formato ahorro paquete 411 g","name":"Dinosaurus galletas de cereales con vitaminas formato ahorro paquete 411 g","brand":"ARTIACH ","img":"https://sgfm.elcorteingles.es/SGFM/dctm/MEDIA03/201707/04/00120614301420____3__600x600.jpg","price":"2,26 €","price_unit":"(5,50 € / Kilo)","categories":["Supermercado","Desayunos Dulces y pan","Desayunos, dulces y pan","Galletas","Galletas desayuno","ARTIACH Dinosaurus galletas de cereales con vitaminas formato ahorro paquete 411 g"],"general_information":["Denominación del alimento: (ES) GALLETAS DE CEREALES CON VITAMINAS(PT) BOLACHAS DE CEREAIS COM VITAMINAS(EN) CEREALS? BISCUITS WITH VITAMINS(FR) BISCUITS DE CEREALES AVEC VITAMINES","País de origen: España","Nombre del operador: Galletas Artiach S.A.U.","Dirección del operador: Barrio Bengoetxea núm. 20 48410-Orozko","Cantidad Neta: 411 g"],"ingredients":[" Cereales 68% (harina de trigo, harina de centeno, almidón de trigo, salvado de trigo), azúcar, aceite de girasol alto oleico 18%, sal, suero lácteo en polvo, gasificantes (bicarbonatos amónico y sódico), leche desnatada en polvo, jarabe de glucosa y fructosa, aroma, antioxidantes (E 304, E 306), vitaminas (tiamina, riboflavina, niacina, ácido pantoténico, vitamina B6, ácido fólico, vitamina B12). Puede contener soja, huevos."],"conservation":" Conservar en lugar fresco y secoConservar em local fresco e secoKeep in a cool and dry placeÀ conserver dans un endroit frais et sec","ean":"8410180225087"},{"full_name":"ARTIACH Dinosaurus galletas a cucharadas con cereales y 7 vitaminas caja 350 g","name":"Dinosaurus galletas a cucharadas con cereales y 7 vitaminas caja 350 g","brand":"ARTIACH ","img":"https://sgfm.elcorteingles.es/SGFM/dctm/MEDIA03/201707/04/00120614302444____7__600x600.jpg","price":"2,02 €","price_unit":"(5,77 € / Kilo)","categories":["Supermercado","Desayunos Dulces y pan","Desayunos, dulces y pan","Galletas","Galletas desayuno","ARTIACH Dinosaurus galletas a cucharadas con cereales y 7 vitaminas caja 350 g"],"general_information":["Denominación del alimento: (ES) GALLETAS DE CEREALES CON VITAMINAS(PT) BOLACHAS DE CEREAIS COM VITAMINAS","País de origen: España","Nombre del operador: Galletas Artiach S.A.U.","Dirección del operador: Barrio Bengoetxea núm. 20 48410-Orozko","Cantidad Neta: 350 g"],"ingredients":[" Cereales 60% (harina de trigo, harina de centeno, salvado de trigo, almidón de trigo), azúcar, aceite de girasol alto oleico 17%, chips de cereales 6,3% (arroz, azúcar, gluten de trigo, aceite de girasol, harina de trigo malteada, sal), jarabe de glucosa y fructosa, sal, gasificantes (carbonatos de sodio y de amonio), aroma, antioxidantes (E 304, E 306), vitaminas (contiene trigo): tiamina, riboflavina, niacina, ácido pantoténico, vitamina B6, ácido fólico, vitamina B12, vitaminas (tiamina, riboflavina, niacina, ácido pantoténico, vitamina B6, ácido fólico, vitamina B12), sal mineral (carbonato de calcio). Contiene leche. Puede contener soja, huevos."],"conservation":" Conservar en lugar fresco y secoConservar em local fresco e seco","ean":"8436048437348"},{"full_name":"ARTIACH Dinosaurus galletas de cereales con vitaminas caja 185 g","name":"Dinosaurus galletas de cereales con vitaminas caja 185 g","brand":"ARTIACH ","img":"https://sgfm.elcorteingles.es/SGFM/dctm/MEDIA03/201707/04/00120614300174____1__600x600.jpg","price":"1,17 €","price_unit":"(6,32 € / Kilo)","categories":["Supermercado","Desayunos Dulces y pan","Desayunos, dulces y pan","Galletas","Galletas desayuno","ARTIACH Dinosaurus galletas de cereales con vitaminas caja 185 g"],"general_information":["Denominación del alimento: (ES) GALLETAS DE CEREALES CON VITAMINAS(PT) BOLACHAS DE CEREAIS COM VITAMINAS(EN) CEREALS? BISCUITS WITH VITAMINS(FR) BISCUITS DE CEREALES AVEC VITAMINES","País de origen: España","Nombre del operador: Galletas Artiach S.A.U.","Dirección del operador: Barrio Bengoetxea núm. 20 48410-Orozko","Cantidad Neta: 185 g"],"ingredients":[" Cereales 68% (harina de trigo, harina de centeno, almidón de trigo, salvado de trigo), azúcar, aceite de girasol alto oleico 18%, sal, suero lácteo en polvo, gasificantes (bicarbonatos amónico y sódico), leche desnatada en polvo, jarabe de glucosa y fructosa, aroma, antioxidantes (E 304, E 306), vitaminas (tiamina, riboflavina, niacina, ácido pantoténico, vitamina B6, ácido fólico, vitamina B12). Puede contener soja, huevos."],"conservation":" Conservar en lugar fresco y secoConservar em local fresco e secoKeep in a cool and dry placeÀ conserver dans un endroit frais et sec","ean":"8410180108038"},{"full_name":"ARTIACH Princesa galletitas con miel caja 125 g","name":"Princesa galletitas con miel caja 125 g","brand":"ARTIACH ","img":"https://sgfm.elcorteingles.es/SGFM/dctm/MEDIA03/201707/04/00120614300125____2__600x600.jpg","price":"1,29 €","price_unit":"(10,75 € / Kilo)","categories":["Supermercado","Desayunos Dulces y pan","Desayunos, dulces y pan","Galletas","Galletas desayuno","ARTIACH Princesa galletitas con miel caja 125 g"],"general_information":["Denominación del alimento: (ES) GALLETAS DE HOJALDRE(PT) BOLACHAS(EN) BISCUITS(FR) BISCUITS","País de origen: España","Nombre del operador: Galletas Artiach S.A.U.","Dirección del operador: Barrio Bengoetxea núm. 20 48410-Orozko","Cantidad Neta: 120 g"],"ingredients":[" Harina de trigo, azúcar, aceites vegetales de girasol alto oleico y palma, suero lácteo en polvo, gasificantes (bicarbonatos amónico y sódico), sal, emulgente (lecitina), antioxidantes (E 304, E 306), agente de tratamiento de la harina (metabisulfito sódico). Puede contener soja, huevos."],"conservation":" Conservar en lugar fresco y secoConservar em local fresco e secoKeep in a cool and dry placeÀ conserver dans un endroit frais et sec","ean":"8410000000214"},{"full_name":"VIRGINIAS B-San galletas integrales finas de espelta bajas en sal sin lactosa paquete 300 g y sin azúcares añadidos","name":"B-San galletas integrales finas de espelta bajas en sal sin lactosa paquete 300 g","brand":"VIRGINIAS ","img":"https://sgfm.elcorteingles.es/SGFM/dctm/MEDIA03/201706/14/00120613801727____1__600x600.jpg","price":"2,33 €","price_unit":"(7,77 € / Kilo)","categories":["Supermercado","Desayunos Dulces y pan","Desayunos, dulces y pan","Galletas","Galletas desayuno","VIRGINIAS B-San galletas integrales finas de espelta bajas en sal sin lactosa paquete 300 g y sin azúcares añadidos"],"general_information":["Denominación del alimento: Galleta sin azúcares añadidos con edulcorantes","Nombre del operador: Industrias Rodríguez, S.A.","Dirección del operador: Paseo Sunyer, nº 8, 43202 Reus (Tarragona)","Cantidad Neta: 300 g"],"ingredients":[" Harina de espelta (60%), edulcorante (maltitol), aceite de girasol alto oleico, edulcorante (jarabe de maltitol),  almidón de patata, harina de malta de cebada, salvado de trigo (1%), aromas, gasificantes (carbonatos de sodio y carbonatos de amonio), emulgente (lecitina de girasol), colorante (E-150d), edulcorante (Acesulfamo K), conservador (metabisulfito potásico). Puede contener trazas de soja, proteína de la leche y semillas de sésamo."],"conservation":" Mantener en lugar fresco y seco","ean":"8410196033881"},{"full_name":"VIRGINIAS Doraemon galletas de desayuno sin lactosa con cereales y 6 vitaminas paquete 120 g","name":"Doraemon galletas de desayuno sin lactosa con cereales y 6 vitaminas paquete 120 g","brand":"VIRGINIAS ","img":"https://sgfm.elcorteingles.es/SGFM/dctm/MEDIA03/201706/15/00200208201897____1__600x600.jpg","price":"1,99 €","price_unit":"(16,58 € / Kilo)","categories":["Supermercado","Desayunos Dulces y pan","Desayunos, dulces y pan","Galletas","Galletas desayuno","VIRGINIAS Doraemon galletas de desayuno sin lactosa con cereales y 6 vitaminas paquete 120 g"],"general_information":["Denominación del alimento: Caramelo duro surtido sabor frutas","Nombre del operador: Industrias Rodríguez, S.A.","Dirección del operador: Paseo Sunyer, nº 8, 43202 Reus (Tarragona)","Cantidad Neta: 180 g"],"ingredients":[" Harina multicereales (Harina de trigo, harina integral de trigo, harina de cebada, harina de malta de cebada, azúcar, grasa vegetal de palma, jarabe de glucosa y fructosa, aceite de girasol, aromas, sal, gasificantes (carbonatos de sodio y carbonatos de amonio), emulgente (lecitina de girasol), vitaminas [Acetato de retinilo (Vitamina A), colecalciferol (vitamina D), mononitrato de tiamina (vitamina B1), riboflavina (Vitamina B2), D-pteroilmonoglutámico (ácido fólico)]. Puede contener trazas de soja, proteína de leche, frutos de cascara y semillas de sesamo"],"conservation":" Mantener en lugar fresco y seco.","ean":"8410196033775"},{"full_name":"VIRGINIAS galletas Hello Kitty sin gluten y sin lactosa caja 158 g con regalos","name":"galletas Hello Kitty sin gluten y sin lactosa caja 158 g","brand":"VIRGINIAS ","img":"https://sgfm.elcorteingles.es/SGFM/dctm/MEDIA03/201706/14/00120614301743____1__600x600.jpg","price":"2,92 €","categories":["Supermercado","Desayunos Dulces y pan","Desayunos, dulces y pan","Galletas","Galletas desayuno","VIRGINIAS galletas Hello Kitty sin gluten y sin lactosa caja 158 g con regalos"],"general_information":["Denominación del alimento: Galleta","Nombre del operador: Industrias Rodríguez, S.A.","Dirección del operador: Paseo Sunyer, nº 8, 43202 Reus (Tarragona)","Cantidad Neta: 120 g"],"ingredients":[" Almidón de maíz (50%), grasa vegetal de palma, soja y girasol, azúcar moreno de caña, harina de arroz, harina de soja, dextrina de maíz, albúmina de huevo, fécula de patata, azúcar invertido, proteína de soja, huevo líquido pasteurizado, dextrosa, gasificantes (carbonato ácido de amonio y carbonato ácido de sodio), sal, estabilizador (sorbitol), espesante (goma guar), aroma, emulgente (lecitina de soja). Puede contener trazas de frutos de cáscara y semillas de sésamo"],"conservation":" Mantener en lugar fresco y seco.","ean":"8410196060993"},{"full_name":"BIRBA Nuria Original galletas receta tradicional con mantequilla, leche y huevos frescos caja 730 g","name":"Nuria Original galletas receta tradicional con mantequilla, leche y huevos frescos caja 730 g","brand":"BIRBA ","img":"https://sgfm.elcorteingles.es/SGFM/dctm/MEDIA02/CONTENIDOS/201511/16/00120608200018____2__600x600.jpg","price":"2,99 €","price_unit":"(4,10 € / Kilo)","categories":["Supermercado","Desayunos Dulces y pan","Desayunos, dulces y pan","Galletas","Galletas desayuno","BIRBA Nuria Original galletas receta tradicional con mantequilla, leche y huevos frescos caja 730 g"],"general_information":["Denominación del alimento: Galletas desayuno tipo maría","Nombre del operador: Galetes Camprodon S.A","Dirección del operador: C38 pk 8,3 sn 17867 Camprodon (Girona)","Cantidad Neta: 730 g","Número de raciones por envase: 21"],"ingredients":[" Harina de trigo, azúcar, mantequilla ( 7,8%), huevos frescos (2%), lechev(2%), aceite de oliva (1,6%), dextrosa, jarabe de glucosa, gasificantes (bicarbonato sódico, bicarbonato amónico), sal, aroma vainillina. Puede contener trazas de otros frutos secos."],"conservation":" Conservar en lugar fresco y seco protegido de la luz solar","ean":"8412522000307"},{"full_name":"BIRBA galletas de desayuno con soja y sin gluten estuche 420 g","name":"galletas de desayuno con soja y sin gluten estuche 420 g","brand":"BIRBA ","img":"https://sgfm.elcorteingles.es/SGFM/dctm/MEDIA03/201705/09/00120613801677____1__600x600.jpg","price":"3,90 €","price_unit":"(9,29 € / Kilo)","categories":["Supermercado","Desayunos Dulces y pan","Desayunos, dulces y pan","Galletas","Galletas desayuno","BIRBA galletas de desayuno con soja y sin gluten estuche 420 g"],"general_information":["Denominación del alimento: Galletas sin gluten","Nombre del operador: Galetes Camprodon S.A","Dirección del operador: C38 pk 8,3 sn 17867 Camprodon (Girona)","Cantidad Neta: 420 g","Número de raciones por envase: 15","Otras menciones obligatorias en la etiqueta: Sin gluten y sin colesterol. Aptas para celíacos"],"ingredients":[" Harina de arroz (21%), azúcar, fécula de patata, harina de maíz, proteína de soja (6%), aceite de oliva (4%), mantequilla fresca (4%), almendras, gasificantes (bicarbonato sódico y amónico), leche desgrasada en polvo, inulina, dextrosa, huevos frescos (1%), jarabe glucosa, sal y aceite esencial de limón."],"conservation":" Conservar en lugar fresco y seco","ean":"8412522000383"},{"full_name":"BIRBA Nuria galletas de desayuno con ciruelas 0% azúcares estuche 410 g","name":"Nuria galletas de desayuno con ciruelas 0% azúcares estuche 410 g","brand":"BIRBA ","img":"https://sgfm.elcorteingles.es/SGFM/dctm/MEDIA03/201705/05/00120613801693____1__600x600.jpg","price":"3,19 €","price_unit":"(7,78 € / Kilo)","categories":["Supermercado","Desayunos Dulces y pan","Desayunos, dulces y pan","Galletas","Galletas desayuno","BIRBA Nuria galletas de desayuno con ciruelas 0% azúcares estuche 410 g"],"general_information":["Denominación del alimento: GALLETAS SIN AZÚCARES AÑADIDOS CON EDULCORANTE","Nombre del operador: Galetes Camprodon S.A","Dirección del operador: C38 pk 8,3 sn 17867 Camprodon (Girona)","Cantidad Neta: 410 g","Número de raciones por envase: 14","Otras menciones obligatorias en la etiqueta: Sin Colestorol"],"ingredients":[" Harina de trigo (62,5%), edulcorantes (maltitol y sucralosa), aceite de oliva (7,8%), ciruelas pasas (5,2%), leche en polvo descremada, fibra de achicoria, gasificantes (bicarbonato sódico y amónico) y sal."],"conservation":" Conservar en lugar fresco y seco","ean":"8412522030137"},{"full_name":"FLORA galleta María Dorada al horno 3 paquetes x 200 g envase 600 g","name":"galleta María Dorada al horno 3 paquetes x 200 g envase 600 g","brand":"FLORA ","img":"https://sgfm.elcorteingles.es/SGFM/01/33/9/0120608201339/0120608201339000g01011.jpg","price":"1,85 €","price_unit":"(3,08 € / Kilo)","categories":["Supermercado","Desayunos Dulces y pan","Desayunos, dulces y pan","Galletas","Galletas desayuno","FLORA galleta María Dorada al horno 3 paquetes x 200 g envase 600 g"],"general_information":["Denominación del alimento: Galletas","Nombre del operador: Unilever España S.A.","Dirección del operador: C/Tecnología 19, 08840 Viladecans (Barcelona)","Cantidad Neta: 600 g"],"ingredients":[" Harina de trigo (61%), azúcar, aceites vegetales (soja, maíz, girasol alto oleico) (10%), jarabe de glucosa, leche desnatada en polvo, grasa de palma, fibra de guisante, sal, emulgentes (lecitina de girasol, E472e), gasificantes (bicarbonato sódico y amónico), antioxidantes (metabisulfito sódico, E304, E306), aromas, vitaminas (B6, ácido fólico, B12). Puede contener soja, frutos secos, sésamo."],"conservation":" Conservar En Lugar Fresco Y Seco.","ean":"8712566250677"},{"full_name":"FLORA galletas de desayuno tostadas caja 450 g","name":"galletas de desayuno tostadas caja 450 g","brand":"FLORA ","img":"https://sgfm.elcorteingles.es/SGFM/dctm/MEDIA03/201604/11/00120613800091____3__600x600.jpg","price":"1,20 €","price_unit":"(2,67 € / Kilo)","categories":["Supermercado","Desayunos Dulces y pan","Desayunos, dulces y pan","Galletas","Galletas desayuno","FLORA galletas de desayuno tostadas caja 450 g"],"general_information":["Denominación del alimento: Galletas","País de origen: España","Nombre del operador: Unilever","Dirección del operador: UNILEVER ESPAÑA, S.A.\nC/ Tecnología, 19 \n08840 Viladecans (Barcelona)\nwww.flora.es\n\nSERVICIO DE ATENCIÓN AL CONSUMIDOR DE UNILEVER ESPAÑA, S.A.\n<Icono teléfono> 900 812 511\n\nDISTRIBUIDO POR: Arluy Cuida de ti","Cantidad Neta: 450 g","Número de raciones por envase: 68"],"ingredients":[" Ingredientes: Harina (TRIGO, arroz) (58%), azúcar, aceite girasol alto oleico (11,7%), jarabe de glucosa, fibra de guisante, sal, LECHE desnatada en polvo, emulgentes (lecitina de girasol, E-472e), gasificantes (carbonatos de sodio y carbonatos de amonio), antioxidantes (METABISULFITO sódico), aromas, vitaminas (B6, ácido fólico y B12).  Puede contener soja."],"ean":"8413800016805"},{"full_name":"FLORA galletas María estuche 400 g","name":"galletas María estuche 400 g","brand":"FLORA ","img":"https://sgfm.elcorteingles.es/SGFM/00/83/6/0120608200836/0120608200836000g01011.jpg","price":"1,64 €","price_unit":"(4,10 € / Kilo)","categories":["Supermercado","Desayunos Dulces y pan","Desayunos, dulces y pan","Galletas","Galletas desayuno","FLORA galletas María estuche 400 g"],"general_information":["Denominación del alimento: Galletas","Nombre del operador: Unilever España S.A.","Dirección del operador: C/Tecnología 19, 08840 Viladecans (Barcelona)","Cantidad Neta: 400 g"],"ingredients":[" Harina de trigo (61%), azúcar, aceites vegetales (soja, maíz, girasol alto oleico) (10%), jarabe de glucosa, leche desnatada en polvo, grasa de palma, fibra de guisante, sal, emulgentes (lecitina de girasol, E472e), gasificantes (bicarbonato sódico y amónico), antioxidantes (metabisulfito sódico, E304, E306), aromas, vitaminas (B6, ácido fólico, B12). Puede contener soja, frutos secos, sésamo."],"conservation":" Conservar En Lugar Fresco Y Seco.","ean":"8413800016706"},{"full_name":"FLORA Cereales Milenarios galletas de desayuno con espelta, avena, amaranto y teff estuche 300 g 100% aceite de girasol en 6 paquetes inviduales","name":"Cereales Milenarios galletas de desayuno con espelta, avena, amaranto y teff estuche 300 g","brand":"FLORA ","img":"https://sgfm.elcorteingles.es/SGFM/dctm/MEDIA03/201709/14/00120613801735____1__600x600.jpg","price":"2,14 €","price_unit":"(7,13 € / Kilo)","categories":["Supermercado","Desayunos Dulces y pan","Desayunos, dulces y pan","Galletas","Galletas desayuno","FLORA Cereales Milenarios galletas de desayuno con espelta, avena, amaranto y teff estuche 300 g 100% aceite de girasol en 6 paquetes inviduales"],"general_information":[],"ingredients":[],"ean":"8714100834480"},{"full_name":"FLORA delicias de galleta paquete 200 g","name":"delicias de galleta paquete 200 g","brand":"FLORA ","img":"https://sgfm.elcorteingles.es/SGFM/00/10/9/0120613800109/0120613800109000g01011.jpg","price":"1,13 €","price_unit":"(5,65 € / Kilo)","categories":["Supermercado","Desayunos Dulces y pan","Desayunos, dulces y pan","Galletas","Galletas desayuno","FLORA delicias de galleta paquete 200 g"],"general_information":["Denominación del alimento: Galletas","Nombre del operador: Unilever España S.A.","Dirección del operador: C/Tecnología 19, 08840 Viladecans (Barcelona)","Cantidad Neta: 200 g"],"ingredients":[" Harina (trigo (59%), arroz (1,5%), cebada malteada (1,3%)), azúcar, aceites vegetales (8%) (soja, maíz, girasol alto oleico), jarabe de glucosa, leche desnatada en polvo, grasa de palma, fibra de guisante, sal, emulgentes (lecitina de girasol, E472e), gasificantes (bicarbonato sódico y amónico), antioxidantes (E304, E306), aromas, vitaminas (B6, ácido fólico, B12). Puede contener soja, frutos secos, sésamo."],"conservation":" Conservar En Lugar Fresco Y Seco.","ean":"0000084138316"},{"full_name":"GULLON Creme Tropical galleta dorada con 62% de cereales caja 800 g","name":"Creme Tropical galleta dorada con 62% de cereales caja 800 g","brand":"GULLON ","img":"https://sgfm.elcorteingles.es/SGFM/dctm/MEDIA03/201706/27/00120608200059____9__600x600.jpg","price":"2,20 €","price_unit":"(2,75 € / Kilo)","categories":["Supermercado","Desayunos Dulces y pan","Desayunos, dulces y pan","Galletas","Galletas desayuno","GULLON Creme Tropical galleta dorada con 62% de cereales caja 800 g"],"general_information":["Denominación del alimento: Galleta","Nombre del operador: GALLETAS GULLON, S.A","Dirección del operador: Ctra, Burgos km 1,5- 34800 Aguilar de Campoo (Palencia)","Cantidad Neta: 800 g"],"ingredients":[" Harina de trigo 61,5%, aceite vegetal (girasol alto oleico) 17,5%, azúcar, jarabe de glucosa y fructosa, gasi cantes (carbonato ácido de sodio, carbonato ácido de amonio), sal, aroma, emulgente (lecitina de soja), antioxidante (metabisulto sódico), leche desnatada en polvo. Puede contener trazas de frutos seco. Con girasol alto oleico."],"conservation":" Almacenar en lugar fresco y seco. Proteger de los rayos solares. Una vez abierto, mantener en las mismas condiciones y cerrar después de cada uso.","ean":"8410376002454"},{"full_name":"GULLON galletas María ligeras sin sal y sin azúcar caja 600 g","name":"galletas María ligeras sin sal y sin azúcar caja 600 g","brand":"GULLON ","img":"https://sgfm.elcorteingles.es/SGFM/dctm/MEDIA03/201701/30/00120613800265____1__600x600.jpg","price":"2,29 €","price_unit":"(3,82 € / Kilo)","categories":["Supermercado","Desayunos Dulces y pan","Desayunos, dulces y pan","Galletas","Galletas desayuno","GULLON galletas María ligeras sin sal y sin azúcar caja 600 g"],"general_information":["Denominación del alimento: Galleta sin azúcares añadidos con edulcorante y  sin sal","Nombre del operador: GALLETAS GULLON, S.A","Dirección del operador: Ctra, Burgos km 1,5- 34800 Aguilar de Campoo (Palencia)","Cantidad Neta: 600 g","Otras menciones obligatorias en la etiqueta: Un consumo excesivo puede producir efecto laxantes"],"ingredients":[" Harina integral de trigo 51,5%, fibra vegetal, aceite vegetal (girasol alto oleico) 9%, edulcorante (maltitol), semillas de sésamo 4,5%, salvado de trigo, harina de soja, gasificantes (carbonato ácido de potasio y carbonato ácido de amonio), proteína de soja, emulgente (lecitina de soja), germen de trigo 0,2%, semillas de lino 0,2%, antioxidante (metabisulfito potásico) y aroma de vainilla. Puede contener trazas de leche. Sin sal. Sin azúcares añadidos. Contiene azúcares naturalmente presentes. Con girasol alto oleico."],"conservation":" Almacenar en lugar fresco y seco. Proteger de los rayos solares. Una vez abierto, mantener en las mismas condiciones y cerrar después de cada uso.","ean":"8410376000825"},{"full_name":"GULLON Dibus Angry Birds galletas de desayuno con 6 cereales estuche 250 g","name":"Dibus Angry Birds galletas de desayuno con 6 cereales estuche 250 g","brand":"GULLON ","img":"https://sgfm.elcorteingles.es/SGFM/dctm/MEDIA03/201701/30/00120608201438____1__600x600.jpg","price":"1,46 €","price_unit":"(5,84 € / Kilo)","categories":["Supermercado","Desayunos Dulces y pan","Desayunos, dulces y pan","Galletas","Galletas desayuno","GULLON Dibus Angry Birds galletas de desayuno con 6 cereales estuche 250 g"],"general_information":["Denominación del alimento: Galleta  de cereales","Nombre del operador: GALLETAS GULLON, S.A","Dirección del operador: Ctra, Burgos km 1,5- 34800 Aguilar de Campoo (Palencia)","Cantidad Neta: 250 g"],"ingredients":[" Cereales 63% (harina integral de trigo, harina de centeno, harina de maíz, harina de avena, harina  integral de cebada, harina de arroz), azúcar, aceite vegetal (girasol alto oleico) 15%, jarabe de glucosa y fructosa, gasificantes (carbonato ácido de sodio y carbonato ácido de amonio), sal, vitaminas, aroma de vainilla. Sin huevo, sin frutos secos, sin proteínas lácteas - lactosa. Con girasol alto oleico."],"conservation":" Almacenar en lugar fresco y seco. Proteger de los rayos solares. Una vez abierto, mantener en las mismas condiciones y cerrar después de cada uso.","ean":"8410376039207"},{"full_name":"GULLON Bio Organic galletas de desayuno de avena ecológicas sin gluten y sin lactosa caja 250 g","name":"Bio Organic galletas de desayuno de avena ecológicas sin gluten y sin lactosa caja 250 g","brand":"GULLON ","img":"https://sgfm.elcorteingles.es/SGFM/dctm/MEDIA03/201705/31/00120614302709____1__600x600.jpg","price":"2,86 €","categories":["Supermercado","Desayunos Dulces y pan","Desayunos, dulces y pan","Galletas","Galletas desayuno","GULLON Bio Organic galletas de desayuno de avena ecológicas sin gluten y sin lactosa caja 250 g"],"general_information":["Denominación del alimento: Galleta con avena y trigo","Nombre del operador: GALLETAS GULLON, S.A","Dirección del operador: Ctra, Burgos km 1,5- 34800 Aguilar de Campoo (Palencia)","Cantidad Neta: 250 g"],"ingredients":[" Copos de avena 43,5 %, harina de trigo 19%, aceite vegetal (girasol alto oleico) 16,5%, azúcar moreno de caña integral, jarabe de glucosa y fructosa, gasificantes (carbonato ácido de sodio, carbonato ácido de amonio), sal. Sin Lactosa, sin proteínas de la leche. Sin huevo. Sin frutos secos. Sin Soja. Ingredientes procedentes de la agricultura ecológica. Con girasol alto oleico."],"conservation":" Almacenar en lugar fresco y seco. Proteger de los rayos solares. Una vez abierto, mantener en las mismas condiciones y cerrar después de cada uso.","ean":"8410376049060"},{"full_name":"GULLON DIET NATURE galletas María sin azúcar caja 400 g","name":"galletas María sin azúcar caja 400 g","brand":"GULLON DIET NATURE ","img":"https://sgfm.elcorteingles.es/SGFM/dctm/MEDIA03/201609/30/00120613800158____1__600x600.jpg","price":"1,75 €","price_unit":"(4,38 € / Kilo)","categories":["Supermercado","Desayunos Dulces y pan","Desayunos, dulces y pan","Galletas","Galletas desayuno","GULLON DIET NATURE galletas María sin azúcar caja 400 g"],"general_information":["Denominación del alimento: Galleta Maria sin azúcares con edulcorante","Nombre del operador: GALLETAS GULLON, S.A","Dirección del operador: Ctra, Burgos km 1,5- 34800 Aguilar de Campoo (Palencia)","Cantidad Neta: 400 g","Otras menciones obligatorias en la etiqueta: Un consumo excesivo puede producir efecto laxantes"],"ingredients":[" Harina de trigo 67%, edulcorante (maltitol), aceite vegetal (aceite de girasol alto oleico) 10%, fibra vegetal, gasificantes (carbonato ácido de sódico y carbonato ácido de amonio), sal, emulgente (lecitina de soja), aromas, antioxidantes (metabisulfito sódico). Puede contener trazas de sésamo y leche. Con girasol alto oleico. Sin azúcares añadidos"],"conservation":" Almacenar en lugar fresco y seco. Proteger de los rayos solares. Una vez abierto, mantener en las mismas condiciones y cerrar después de cada uso.","ean":"8410376010701"},{"full_name":"GULLON DIET NATURE galletas tostadas sin azúcares añadidos paquete 400 g","name":"galletas tostadas sin azúcares añadidos paquete 400 g","brand":"GULLON DIET NATURE ","img":"https://sgfm.elcorteingles.es/SGFM/dctm/MEDIA03/201701/30/00120613801586____6__600x600.jpg","price":"1,81 €","price_unit":"(4,52 € / Kilo)","categories":["Supermercado","Desayunos Dulces y pan","Desayunos, dulces y pan","Galletas","Galletas desayuno","GULLON DIET NATURE galletas tostadas sin azúcares añadidos paquete 400 g"],"general_information":["Denominación del alimento: Galleta sin azúcares añadidos con edulcorante","Nombre del operador: GALLETAS GULLON, S.A","Dirección del operador: Ctra, Burgos km 1,5- 34800 Aguilar de Campoo (Palencia)","Cantidad Neta: 400 g","Otras menciones obligatorias en la etiqueta: Un consumo excesivo puede producir efecto laxantes"],"ingredients":[" Harina de trigo 66%, edulcorante (maltitol), aceite vegetal (girasol alto oleico) 9,5%, fibra vegetal, harina de trigo malteada, gasificantes (carbonato ácido de sodio y carbonato ácido de amonio), sal, aroma de vainilla, emulgente (lecitina de soja),  antioxidante (metabisulfito sódico). Puede contener trazas de leche. Con girasol alto oleico."],"conservation":" Almacenar en lugar fresco y seco. Proteger de los rayos solares. Una vez abierto, mantener en las mismas condiciones y cerrar después de cada uso.","ean":"8410376047509"},{"full_name":"GULLON DIET NATURE galletas doradas al horno sin azúcar paquete 330 g","name":"galletas doradas al horno sin azúcar paquete 330 g","brand":"GULLON DIET NATURE ","img":"https://sgfm.elcorteingles.es/SGFM/dctm/MEDIA03/201609/30/00120613800174____3__600x600.jpg","price":"2,19 €","price_unit":"(6,64 € / Kilo)","categories":["Supermercado","Desayunos Dulces y pan","Desayunos, dulces y pan","Galletas","Galletas desayuno","GULLON DIET NATURE galletas doradas al horno sin azúcar paquete 330 g"],"general_information":["Denominación del alimento: Galleta  sin azucares con edulcorantes","Nombre del operador: GALLETAS GULLON, S.A","Dirección del operador: Ctra, Burgos km 1,5- 34800 Aguilar de Campoo (Palencia)","Cantidad Neta: 330 g","Otras menciones obligatorias en la etiqueta: Un consumo excesivo puede producir efecto laxantes"],"ingredients":[" Harina de trigo 62%, aceite vegetal  (girasol alto oleico) 18%, edulcorantes (maltitol e isomalt), fibra vegetal, gasificantes (carbonato ácido de sodio y carbonato ácido de amonio), sal, decoración láctea (proteínas de leche y dextrosa), aroma vainilla. Puede contener trazas de soja. Con girasol alto oleico. Sin azúcares añadidos"],"conservation":" Almacenar en lugar fresco y seco. Proteger de los rayos solares. Una vez abierto, mantener en las mismas condiciones y cerrar después de cada uso.","ean":"8410376009408"},{"full_name":"GULLON Bio Organic galletas María sin lactosa, sin huevo, sin frutos secos y sin soja ecológicas caja 350 g","name":"Bio Organic galletas María sin lactosa, sin huevo, sin frutos secos y sin soja ecológicas caja 350 g","brand":"GULLON ","img":"https://sgfm.elcorteingles.es/SGFM/dctm/MEDIA03/201705/31/00120608201909____1__600x600.jpg","price":"1,99 €","price_unit":"(5,69 € / Kilo)","categories":["Supermercado","Desayunos Dulces y pan","Desayunos, dulces y pan","Galletas","Galletas desayuno","GULLON Bio Organic galletas María sin lactosa, sin huevo, sin frutos secos y sin soja ecológicas caja 350 g"],"general_information":["Denominación del alimento: Galleta","Nombre del operador: GALLETAS GULLON, S.A","Dirección del operador: Ctra, Burgos km 1,5- 34800 Aguilar de Campoo (Palencia)","Cantidad Neta: 350 g"],"ingredients":[" Harina de trigo, azúcar moreno de caña integral, aceite vegetal (girasol alto oleico) 17,5%, gasificantes (carbonato ácido de sodio, carbonato ácido de amonio), sal, aroma de vainilla. Sin Lactosa, sin proteínas de la leche. Sin huevo. Sin frutos secos. Con girasol alto oleico."],"conservation":" Almacenar en lugar fresco y seco. Proteger de los rayos solares. Una vez abierto, mantener en las mismas condiciones y cerrar después de cada uso.","ean":"8410376022476"},{"full_name":"QUELY Quelis Rustic galletas de desayuno crujientes bolsa 350 g","name":"Quelis Rustic galletas de desayuno crujientes bolsa 350 g","brand":"QUELY ","img":"https://sgfm.elcorteingles.es/SGFM/00/08/3/0120612400083/0120612400083000g01011.jpg","price":"2,89 €","price_unit":"(8,26 € / Kilo)","categories":["Supermercado","Desayunos Dulces y pan","Desayunos, dulces y pan","Galletas","Galletas desayuno","QUELY Quelis Rustic galletas de desayuno crujientes bolsa 350 g"],"general_information":["Denominación del alimento: Pan especial integral","Nombre del operador: QUELY, S.A.","Dirección del operador: C/ La Balanguera 1, 07300 Inca, Mallorca, Islas Baleares, España","Cantidad Neta: 350 g"],"ingredients":[" harina de trigo, aceite refinado de girasol alto oleico, aceite de oliva (4,5%), levadura, sal marina"],"ean":"8411145201207"},{"full_name":"QUELY Quelis galletas de desayuno bolsa 400 g","name":"Quelis galletas de desayuno bolsa 400 g","brand":"QUELY ","img":"https://sgfm.elcorteingles.es/SGFM/00/18/2/0120612400182/0120612400182000g01011.jpg","price":"2,65 €","price_unit":"(6,62 € / Kilo)","categories":["Supermercado","Desayunos Dulces y pan","Desayunos, dulces y pan","Galletas","Galletas desayuno","QUELY Quelis galletas de desayuno bolsa 400 g"],"general_information":["Denominación del alimento: Pan especial","Nombre del operador: QUELY, S.A.","Dirección del operador: C/ La Balanguera 1, 07300 Inca, Mallorca, Islas Baleares, España","Cantidad Neta: 400 g"],"ingredients":[" harina de trigo, aceite refinado de girasol (antioxidante E - 320), levadura, aceite de oliva, sal marina"],"ean":"8411145201016"},{"full_name":"QUELY galletas María bolsa 450 g","name":"galletas María bolsa 450 g","brand":"QUELY ","img":"https://sgfm.elcorteingles.es/SGFM/00/33/1/0120608200331/0120608200331000g01011.jpg","price":"2,25 €","price_unit":"(5 € / Kilo)","categories":["Supermercado","Desayunos Dulces y pan","Desayunos, dulces y pan","Galletas","Galletas desayuno","QUELY galletas María bolsa 450 g"],"general_information":["Denominación del alimento: Galleta María","Nombre del operador: QUELY, S.A.","Dirección del operador: C/ La Balanguera 1, 07300 Inca, Mallorca, Islas Baleares, España","Cantidad Neta: 450 g"],"ingredients":[" Harina de trigo, azúcar, aceite refinado de girasol alto oleico, dextrosa, gasificantes: bicarbonato sódico y bicarbonato amónico, sal marina, miel, emulgente: lecitina de girasol y aroma vainilla."],"ean":"8411145202013"},{"full_name":"LU YAYITAS galletas doradas al horno caja 600 g","name":"galletas doradas al horno caja 600 g","brand":"LU YAYITAS ","img":"https://sgfm.elcorteingles.es/SGFM/00/25/7/0120608200257/0120608200257000g01011.jpg","price":"2,99 €","price_unit":"(4,98 € / Kilo)","categories":["Supermercado","Desayunos Dulces y pan","Desayunos, dulces y pan","Galletas","Galletas desayuno","LU YAYITAS galletas doradas al horno caja 600 g"],"general_information":["Denominación del alimento: GALLETAS DORADAS.","País de origen: España","Nombre del operador: Mondelez España Commercial, S.L.","Dirección del operador: C/Eucalipto, 25  - 28016 Madrid,  España","Cantidad Neta: 600 g"],"ingredients":[" Ingredientes: Harina de TRIGO 73,7%, azúcar, grasa de palma, jarabe de glucosa, gasificantes (carbonato ácido de amonio, carbonato ácido de sodio), sal, LECHE desnatada en polvo, aromas, emulgente (lecitina de SOJA). PUEDE CONTENER HUEVO."],"ean":"8410180106805"},{"full_name":"LA BELLA EASO WEIKIS galletas tiernas con sabor a galleta María con 20% de leche 6 bolsas de 2 unidades bolsa 204 g","name":"galletas tiernas con sabor a galleta María con 20% de leche 6 bolsas de 2 unidades bolsa 204 g","brand":"LA BELLA EASO WEIKIS ","img":"https://sgfm.elcorteingles.es/SGFM/dctm/MEDIA03/201602/18/00120671500559____1__600x600.jpg","price":"1,84 €","price_unit":"(9,02 € / Kilo)","categories":["Supermercado","Desayunos Dulces y pan","Desayunos, dulces y pan","Galletas","Galletas desayuno","LA BELLA EASO WEIKIS galletas tiernas con sabor a galleta María con 20% de leche 6 bolsas de 2 unidades bolsa 204 g"],"general_information":[],"ingredients":[],"ean":"8410099574122"},{"full_name":"RIO Girasol galletas con hierro y vitaminas caja 600 g","name":"Girasol galletas con hierro y vitaminas caja 600 g","brand":"RIO ","img":"https://sgfm.elcorteingles.es/SGFM/01/39/6/0120608201396/0120608201396000g01011.jpg","price":"2,99 €","price_unit":"(4,98 € / Kilo)","categories":["Supermercado","Desayunos Dulces y pan","Desayunos, dulces y pan","Galletas","Galletas desayuno","RIO Girasol galletas con hierro y vitaminas caja 600 g"],"general_information":[],"ingredients":[],"ean":"8410043000615"},{"full_name":"RIO PETIT galletas de desayuno con 66% de cereales estuche 400 g","name":"galletas de desayuno con 66% de cereales estuche 400 g","brand":"RIO PETIT ","img":"https://sgfm.elcorteingles.es/SGFM/01/52/9/0120608201529/0120608201529000g01011.jpg","price":"1,45 €","price_unit":"(3,62 € / Kilo)","categories":["Supermercado","Desayunos Dulces y pan","Desayunos, dulces y pan","Galletas","Galletas desayuno","RIO PETIT galletas de desayuno con 66% de cereales estuche 400 g"],"general_information":[],"ingredients":[],"ean":"8410043011529"},{"full_name":"REGLERO Mayuca galletas de desayuno estuche 400 g","name":"Mayuca galletas de desayuno estuche 400 g","brand":"REGLERO ","img":"https://sgfm.elcorteingles.es/SGFM/01/51/1/0120608201511/0120608201511000g01011.jpg","price":"1,75 €","price_unit":"(4,38 € / Kilo)","categories":["Supermercado","Desayunos Dulces y pan","Desayunos, dulces y pan","Galletas","Galletas desayuno","REGLERO Mayuca galletas de desayuno estuche 400 g"],"general_information":[],"ingredients":[],"ean":"8411115101209"},{"full_name":"EL CORTE INGLES galletas digestive paquete 800 g","name":"galletas digestive paquete 800 g","brand":"EL CORTE INGLES ","img":"https://sgfm.elcorteingles.es/SGFM/dctm/MEDIA03/201704/20/00120608201693____2__600x600.jpg","price":"1,36 €","price_unit":"(1,70 € / Kilo)","categories":["Supermercado","Desayunos Dulces y pan","Desayunos, dulces y pan","Galletas","Galletas Digestive","EL CORTE INGLES galletas digestive paquete 800 g"],"general_information":["Denominación del alimento: Galletas de trigo","Nombre del operador: Elaborado para El Corte Ingles\npor Galletas Gullón, S.A.   Ctra. Burgos km 1,5            34800 Aguilar de Campoo  (Palencia) - España","Cantidad Neta: 800 g","Número de raciones por envase: 56 aprox."],"ingredients":[" Ingredientes: Harina de trigo (55,5%), grasa vegetal (palma), azúcar, jarabe de glucosa y fructosa, salvado de trigo (3%), gasificantes (carbonato ácido de sodio y carbonato ácido de amonio) y sal. Puede contener trazas de leche y soja."],"conservation":" Almacenar en lugar fresco y seco. Proteger de los rayos solares.                                                          Una vez abierto, mantener en las mismas condiciones y cerrar despúes de cada uso","ean":"8433329075404"},{"full_name":"EL CORTE INGLES galletas Digestive de avena con alto contenido en fibra paquete 425 g","name":"galletas Digestive de avena con alto contenido en fibra paquete 425 g","brand":"EL CORTE INGLES ","img":"https://sgfm.elcorteingles.es/SGFM/dctm/MEDIA03/201610/17/00120613801420____7__600x600.jpg","price":"1,19 €","price_unit":"(2,80 € / Kilo)","categories":["Supermercado","Desayunos Dulces y pan","Desayunos, dulces y pan","Galletas","Galletas Digestive","EL CORTE INGLES galletas Digestive de avena con alto contenido en fibra paquete 425 g"],"general_information":["Denominación del alimento: Galletas integrales con avena y trigo","Nombre del operador: Elaborado para El Corte Ingles\npor Galletas Gullón, S.A.   Ctra. Burgos km 1,5            34800 Aguilar de Campoo  (Palencia) - España","Cantidad Neta: 425 g","Número de raciones por envase: 31 aproximada"],"ingredients":[" Ingredientes: Copos de avena 36 %, harina integral de trigo 20,5 %, grasa vegetal (palma), azúcar, jarabe de glucosa y fructosa, gasificantes (carbonato ácido de sodio y carbonato ácido de amonio) y sal. Puede contener trazas de leche y soja."],"conservation":" Almacenar en lugar fresco y seco. Proteger de los rayos solares.                                                             Una vez abierto, mantener en las mismas condiciones y cerrar despúes de cada uso.","ean":"8433329075428"},{"full_name":"FONTANEDA DIGESTIVE galletas de trigo caja 700 g","name":"galletas de trigo caja 700 g","brand":"FONTANEDA DIGESTIVE ","img":"https://sgfm.elcorteingles.es/SGFM/dctm/MEDIA03/201605/10/00120608200109____1__600x600.jpg","price":"2,95 €","price_unit":"(4,21 € / Kilo)","categories":["Supermercado","Desayunos Dulces y pan","Desayunos, dulces y pan","Galletas","Galletas Digestive","FONTANEDA DIGESTIVE galletas de trigo caja 700 g"],"general_information":["Denominación del alimento: Galleta.","País de origen: España","Nombre del operador: Mondelez España Commercial, S.L.","Dirección del operador: C/Eucalipto, 25  - 28016 Madrid,  España","Cantidad Neta: 700 g"],"ingredients":[" Ingredientes: Cereales 68,8% (harina de TRIGO 54,7%, harina integral de TRIGO 14,1%) azúcar, aceite de girasol alto oleico 12,7%, grasa de palma, jarabe de azúcar, gasificantes (carbonato ácido de sodio, ácido málico, carbonato ácido de amonio), jarabe de fructooligosacaridos, sal, emulgentes (lecitina de SOJA, lecitina de girasol). PUEDE CONTENER LECH."],"ean":"7622210114730"},{"full_name":"FONTANEDA DIGESTIVE galletas con soja y fruta paquete 600 g","name":"galletas con soja y fruta paquete 600 g","brand":"FONTANEDA DIGESTIVE ","img":"https://sgfm.elcorteingles.es/SGFM/dctm/MEDIA03/201612/15/00120608200729____4__600x600.jpg","price":"2,99 €","price_unit":"(4,98 € / Kilo)","categories":["Supermercado","Desayunos Dulces y pan","Desayunos, dulces y pan","Galletas","Galletas Digestive","FONTANEDA DIGESTIVE galletas con soja y fruta paquete 600 g"],"general_information":["Denominación del alimento: Galleta con trozos de soja caramelizada  sabor  naranja.","País de origen: España","Nombre del operador: Mondelez España Commercial, S.L.","Dirección del operador: C/Eucalipto, 25  - 28016 Madrid,  España","Cantidad Neta: 600 g"],"ingredients":[" Ingredientes: Cereales 65,4% (harina de TRIGO 52,6%, harina integral de TRIGO 11,9%, salvado de TRIGO 0,9%), azúcar, aceite de girasol alto oleico 12,8%, grasa de palma, SOJA caramelizada 4,8% (azúcar, semillas de SOJA, grasa de palma, glucosa, colorante (E150a), aroma), gasificantes (carbonato ácido de sodio, carbonato ácido de amonio, ácido málico), jarabe de glucosa-fructosa, preparado de trocitos de naranja 1,3% (jarabe de glucosa-fructosa, humectante (glicerina), puré concentrado de manzana, fibra de TRIGO, puré concentrado de naranja, azúcar, grasa de palma, almidón de arroz, gelificante (pectina), aroma, colorante (E100)), sal, emulgentes (lecitina de SOJA, lecitina de girasol). PUEDE CONTENER LECHE, FRUTOS DE CÁSCARA, APIO."],"ean":"7622210114624"},{"full_name":"FONTANEDA DIGESTIVE galletas de avena estuche 600 g","name":"galletas de avena estuche 600 g","brand":"FONTANEDA DIGESTIVE ","img":"https://sgfm.elcorteingles.es/SGFM/dctm/MEDIA03/201605/10/00120613800802____2__600x600.jpg","price":"2,99 €","price_unit":"(5,44 € / Kilo)","categories":["Supermercado","Desayunos Dulces y pan","Desayunos, dulces y pan","Galletas","Galletas Digestive","FONTANEDA DIGESTIVE galletas de avena estuche 600 g"],"general_information":["Denominación del alimento: Galleta con copos de avena.","País de origen: España","Nombre del operador: Mondelez España Commercial, S.L.","Dirección del operador: C/Eucalipto, 25  - 28016 Madrid,  España","Cantidad Neta: 550 g"],"ingredients":[" Ingredientes: Cereales 60,6% (copos de AVENA 37,6%, harina integral de TRIGO 22,9%), azúcar, aceite de girasol alto oleico 11,8%, jarabe de glucosa-fructosa, grasa de palma, gasificantes (carbonato ácido de sodio, carbonato ácido de amonio), sal, emulgentes (lecitina de SOJA, lecitina de girasol). PUEDE CONTENER HUEVO, LECHE, FRUTOS DE CÁSCARA, GRANOS DE SÉSAM."],"ean":"7622210114648"},{"full_name":"FONTANEDA DIGESTIVE galletas con frutos rojos estuche 250 g","name":"galletas con frutos rojos estuche 250 g","brand":"FONTANEDA DIGESTIVE ","img":"https://sgfm.elcorteingles.es/SGFM/dctm/MEDIA03/201605/10/00120608201370____1__600x600.jpg","price":"2,50 €","price_unit":"(10 € / Kilo)","categories":["Supermercado","Desayunos Dulces y pan","Desayunos, dulces y pan","Galletas","Galletas Digestive","FONTANEDA DIGESTIVE galletas con frutos rojos estuche 250 g"],"general_information":["Denominación del alimento: GALLETA CON FRUTAS DEL BOSQUE.","País de origen: España","Nombre del operador: Mondelez España Commercial, S.L.","Dirección del operador: C/Eucalipto, 25  - 28016 Madrid,  España","Cantidad Neta: 250 g"],"ingredients":[" Ingredientes: Cereales 64,4% (harina de TRIGO 52,5%, harina integral de TRIGO 11,9%), aceite de girasol alto oleico 16,9%, azúcar, preparado de frutas del bosque 5,2% (jarabe de glucosa y fructosa, humectante (glicerina), azúcar, fibra de TRIGO, grasa de palma, puré de fresa concentrado 0,21% (equivalente a 2,5% de puré de fresa), puré de frambuesa concentrado 0,15%(equivalente a 1,3% de puré de frambuesa) , gelificante (pectina), puré de grosella negra concentrado 0,1% (equivalente a 0,55% de puré de grosella negra ), aroma, acidulante (ácido málico)), arándanos azucarados 2,9% (azúcar, arándanos 1,18%, aceite de girasol), jarabe de glucosa y fructosa, gasificantes (carbonato ácido de sodio, ácido málico, carbonato ácido de amonio), jarabe de fructooligosacaridos, sal, emulgentes (lecitina de SOJA, lecitina de girasol), aroma, grasa de palma, jarabe de azúcar.PUEDE CONTENER LECH."],"ean":"7622210060297"},{"full_name":"MCVITIE'S Digestive Original galletas de trigo estuche 800 g","name":"Digestive Original galletas de trigo estuche 800 g","brand":"MCVITIE'S ","img":"https://sgfm.elcorteingles.es/SGFM/dctm/MEDIA03/201705/23/00120608201388____2__600x600.jpg","price":"2,79 €","price_unit":"(3,49 € / Kilo)","categories":["Supermercado","Desayunos Dulces y pan","Desayunos, dulces y pan","Galletas","Galletas Digestive","MCVITIE'S Digestive Original galletas de trigo estuche 800 g"],"general_information":["Denominación del alimento: Galletas","Nombre del operador: Ferrero Ibérica, S.A.","Dirección del operador: WTC Almeda Park, Edificio 2 - 08940 Cornellà de Llobregat (Barcelona)","Cantidad Neta: 800 g"],"ingredients":[" Harina (54%) (Harina de trigo, carbonato de calcio, hierro, niacina, tiamina). Aceite de palma, harina de trigo integral (16%), azúcar, jarabe de azúcar parcialmente invertido, gasificantes (carbonatos sódicos, ácido málico, carbonatos amónicos), sal, leche desnatada en polvo."],"conservation":" Conservar en lugar fresco y seco","ean":"5000396032758"},{"full_name":"MCVITIE'S Digestive galletas de avena estuche 300 g","name":"Digestive galletas de avena estuche 300 g","brand":"MCVITIE'S ","img":"https://sgfm.elcorteingles.es/SGFM/dctm/MEDIA03/201605/27/00120613801545____1__600x600.jpg","price":"2,10 €","price_unit":"(7 € / Kilo)","categories":["Supermercado","Desayunos Dulces y pan","Desayunos, dulces y pan","Galletas","Galletas Digestive","MCVITIE'S Digestive galletas de avena estuche 300 g"],"general_information":["Denominación del alimento: Galletas","Nombre del operador: Ferrero Ibérica, S.A.","Dirección del operador: WTC Almeda Park, Edificio 2 - 08940 Cornellà de Llobregat (Barcelona)","Cantidad Neta: 300 g"],"ingredients":[" Copos de avena (35%), harina de trigo integral (20%), azúcar, aceite de palma, pepitas de chocolate negro (11%), [azúcar, masa de cacao, cacao negro en polvo, manteca de cacao, emulgente (lecitina de soja), aromas naturales], jarabe de azúcar parciamente invertido, gasificantes (carbonatos de sodio, carbonatos de amonio), sal. Puede contener frutos de cáscara, leche."],"conservation":" Conservar en lugar fresco y seco","ean":"5000396039290"},{"full_name":"MCVITIE'S Digestive galletas integrales paquete 400 g","name":"Digestive galletas integrales paquete 400 g","brand":"MCVITIE'S ","img":"https://sgfm.elcorteingles.es/SGFM/00/73/7/0120613800737/0120613800737000g01011.jpg","price":"2,10 €","price_unit":"(5,25 € / Kilo)","categories":["Supermercado","Desayunos Dulces y pan","Desayunos, dulces y pan","Galletas","Galletas Digestive","MCVITIE'S Digestive galletas integrales paquete 400 g"],"general_information":["Denominación del alimento: Galletas","Nombre del operador: Ferrero Ibérica, S.A.","Dirección del operador: WTC Almeda Park, Edificio 2 - 08940 Cornellà de Llobregat (Barcelona)","Cantidad Neta: 400 g"],"ingredients":[" Harina de trigo integral (69%), Aceites vegetales (girasol, palma), azúcar, gasificantes (carbonato de sodio, ácido málico, carbonatos de amonio), sal, jarabe de azúcar parcialmente invertido, también puede contener leche."],"conservation":" Conservar en lugar fresco y seco","ean":"5000396025026"},{"full_name":"CUETARA AVENACOL Digestive galleta de avena paquete 300 g","name":"Digestive galleta de avena paquete 300 g","brand":"CUETARA AVENACOL ","img":"https://sgfm.elcorteingles.es/SGFM/dctm/MEDIA02/CONTENIDOS/201504/10/00120613801347____1__600x600.jpg","price":"2,45 €","price_unit":"(8,17 € / Kilo)","categories":["Supermercado","Desayunos Dulces y pan","Desayunos, dulces y pan","Galletas","Galletas Digestive","CUETARA AVENACOL Digestive galleta de avena paquete 300 g"],"general_information":[],"ingredients":[],"ean":"8434165479463"},{"full_name":"GULLON DIET NATURE Digestive de avena galletas sin azúcar caja 410 g","name":"Digestive de avena galletas sin azúcar caja 410 g","brand":"GULLON DIET NATURE ","img":"https://sgfm.elcorteingles.es/SGFM/dctm/MEDIA03/201710/19/00120613801891____1__600x600.jpg","price":"1,95 €","price_unit":"(4,76 € / Kilo)","categories":["Supermercado","Desayunos Dulces y pan","Desayunos, dulces y pan","Galletas","Galletas Digestive","GULLON DIET NATURE Digestive de avena galletas sin azúcar caja 410 g"],"general_information":["Denominación del alimento: Galleta con avena sin azucares añadidos con edulcorantes.","Nombre del operador: GALLETAS GULLON, S.A","Dirección del operador: Ctra, Burgos km 1,5- 34800 Aguilar de Campoo (Palencia)","Cantidad Neta: 410 g","Otras menciones obligatorias en la etiqueta: Un consumo excesivo puede producir efecto laxantes"],"ingredients":[" Copos de avena 34,5%, harina de trigo 33%, aceite vegetal (aceite girasol alto oleíco) 15,5%, edulcorante (maltitol), fibra vegetal, gasificantes (carbonato ácido de sodio y carbonato ácido de amonio), sal , aromas, canela. Puede contener trazas de leche y soja. Sin azúcares añadidos. Con girasol alto oleico."],"conservation":" Almacenar en lugar fresco y seco. Proteger de los rayos solares. Una vez abierto, mantener en las mismas condiciones y cerrar después de cada uso.","ean":"8410376033267"},{"full_name":"GULLON DIET NATURE Digestive galletas sin azúcar paquete 400 g","name":"Digestive galletas sin azúcar paquete 400 g","brand":"GULLON DIET NATURE ","img":"https://sgfm.elcorteingles.es/SGFM/dctm/MEDIA03/201609/30/00200208201194____1__600x600.jpg","price":"1,70 €","price_unit":"(4,25 € / Kilo)","categories":["Supermercado","Desayunos Dulces y pan","Desayunos, dulces y pan","Galletas","Galletas Digestive","GULLON DIET NATURE Digestive galletas sin azúcar paquete 400 g"],"general_information":["Denominación del alimento: Galleta  Integral de trigo sin azúcares con edulcorantes","Nombre del operador: GALLETAS GULLON, S.A","Dirección del operador: Ctra, Burgos km 1,5- 34800 Aguilar de Campoo (Palencia)","Cantidad Neta: 400 g","Otras menciones obligatorias en la etiqueta: Un consumo excesivo puede producir efecto laxantes"],"ingredients":[" Harina integral de trigo 65,5 %, edulcorantes: isomalt y maltitol, aceite vegetal (girasol alto oleico) 15,5 %, fibra vegetal, gasificantes (carbonato ácido de sodio y carbonato ácido de amonio), sal. Puede contener trazas de leche y soja. Con girasol alto oleico. Sin azúcares añadidos"],"conservation":" Almacenar en lugar fresco y seco. Proteger de los rayos solares. Una vez abierto, mantener en las mismas condiciones y cerrar después de cada uso.","ean":"8410376023831"},{"full_name":"GULLON Digestive galletas con 33% menos grasa paquete 400 g","name":"Digestive galletas con 33% menos grasa paquete 400 g","brand":"GULLON ","img":"https://sgfm.elcorteingles.es/SGFM/dctm/MEDIA03/201701/30/00120613800323____3__600x600.jpg","price":"1,84 €","price_unit":"(4,60 € / Kilo)","categories":["Supermercado","Desayunos Dulces y pan","Desayunos, dulces y pan","Galletas","Galletas Digestive","GULLON Digestive galletas con 33% menos grasa paquete 400 g"],"general_information":["Denominación del alimento: Galleta integral con contenido reducido de grasa","Nombre del operador: GALLETAS GULLON, S.A","Dirección del operador: Ctra, Burgos km 1,5- 34800 Aguilar de Campoo (Palencia)","Cantidad Neta: 400 g"],"ingredients":[" Harina de trigo 60%, azúcar, aceite vegetal (girasol alto oleico) 13,5%, jarabe de glucosa y fructosa, salvado de trigo, gasificantes (carbonato ácido de sodio, carbonato ácido de amonio), sal. Puede contener trazas de leche y soja. Con girasol alto oleico. Contenido reducido en grasa"],"conservation":" Almacenar en lugar fresco y seco. Proteger de los rayos solares. Una vez abierto, mantener en las mismas condiciones y cerrar después de cada uso.","ean":"8410376016857"},{"full_name":"GULLON Digestive con avena y naranja paquete 425 g","name":"Digestive con avena y naranja paquete 425 g","brand":"GULLON ","img":"https://sgfm.elcorteingles.es/SGFM/dctm/MEDIA03/201701/30/00120613801628____6__600x600.jpg","price":"1,29 €","price_unit":"(3,04 € / Kilo)","categories":["Supermercado","Desayunos Dulces y pan","Desayunos, dulces y pan","Galletas","Galletas Digestive","GULLON Digestive con avena y naranja paquete 425 g"],"general_information":["Denominación del alimento: Galleta Integral con Avena y Naranja","Nombre del operador: GALLETAS GULLON, S.A","Dirección del operador: Ctra, Burgos km 1,5- 34800 Aguilar de Campoo (Palencia)","Cantidad Neta: 425 g"],"ingredients":[" Copos de avena 42,5 %, harina integral de trigo 18%, aceite vegetal (girasol alto oleico) 17,5%, azúcar, jarabe de glucosa y fructosa, preparado de frutas 1,5% [jarabe de fructosa y glucosa, fruta (puré de manzana y zuma de naranja), jarabe de glucosa, humectante (glicerol), azúcar, fibra de trigo, gelificante (pectina), corrector de acidez (ácido cítrico), aroma, colorante (curcumina)], gasificantes (carbonato ácido de sodio y carbonato ácido de amonio), sal, aroma de naranja 0,1%. Puede contener trazas de leche y soja.  Con girasol alto oleico."],"conservation":" Almacenar en lugar fresco y seco. Proteger de los rayos solares. Una vez abierto, mantener en las mismas condiciones y cerrar después de cada uso.","ean":"8410376047578"},{"full_name":"GULLON Digestive Ligera de avena y sin sal paquete 425 g","name":"Digestive Ligera de avena y sin sal paquete 425 g","brand":"GULLON ","img":"https://sgfm.elcorteingles.es/SGFM/dctm/MEDIA03/201701/16/00200213801749____1__600x600.jpg","price":"1,99 €","price_unit":"(4,68 € / Kilo)","categories":["Supermercado","Desayunos Dulces y pan","Desayunos, dulces y pan","Galletas","Galletas Digestive","GULLON Digestive Ligera de avena y sin sal paquete 425 g"],"general_information":["Denominación del alimento: Galleta con cereales sin sal añadida","Nombre del operador: GALLETAS GULLON, S.A","Dirección del operador: Ctra, Burgos km 1,5- 34800 Aguilar de Campoo (Palencia)","Cantidad Neta: 425 g"],"ingredients":[" Cereales 67% (copos de avena, harina de trigo, salvado de arroz), aceite vegetal (girasol alto oleico) 15,5%, azúcar, jarabe de glucosa y fructosa, gasificantes (carbonato ácido de potasio, carbonato ácido de amonio), aroma. Puede contener trazas de leche y soja. Sin sal. Con girasol alto oleico."],"conservation":" Almacenar en lugar fresco y seco. Proteger de los rayos solares. Una vez abierto, mantener en las mismas condiciones y cerrar después de cada uso.","ean":"8410376047530"},{"full_name":"MARBU galletas tipo Digestive 0% azúcares estuche 400 g","name":"galletas tipo Digestive 0% azúcares estuche 400 g","brand":"MARBU ","img":"https://sgfm.elcorteingles.es/SGFM/dctm/MEDIA03/201602/12/00120613801255____3__600x600.jpg","price":"1,89 €","price_unit":"(4,72 € / Kilo)","categories":["Supermercado","Desayunos Dulces y pan","Desayunos, dulces y pan","Galletas","Galletas Digestive","MARBU galletas tipo Digestive 0% azúcares estuche 400 g"],"general_information":["Denominación del alimento: (ES) GALLETA PARA USOS NUTRICIONALES ESPECÍFICOS, SIN AZÚCARES AÑADIDOS, CON EDULCORANTES(PT) BOLACHA DESTINADA A UMA ALIMENTAÇÃO ESPECIAL, SEM AÇÚCARES ADICIONADOS , COM EDULCORANTES(EN) BISCUITS FOR SPECIAL NUTRITIONAL USES, WITH NO ADDED SUGARS WITH SWEETENERS.(FR) BISCUIT DESTINÉ À UNE ALIMENTATION PARTICULIÈRE SANS SUCRES AJOUTÉS AVEC ÉDULCORANTS","País de origen: España","Nombre del operador: Galletas Artiach S.A.U.","Dirección del operador: Barrio Bengoechea núm. 20 48410-Orozco","Cantidad Neta: 400 g"],"ingredients":[" Harina de trigo, Oleoequilibre 21% (aceites vegetales girasol alto oleico y palma), edulcorantes (maltitol, jarabe de maltitol, sucralosa), salvado de trigo, jarabe de oligofructosacáridos, gasificantes (bicarbonatos sódico y amónico), sal, antioxidantes (E 304, E 306), corrector de acidez (tartrato de potasio). Puede contener leche, soja, huevos. Un consumo excesivo puede producir efectos laxantes."],"conservation":" Conservar en lugar fresco y secoConservar em local fresco e secoKeep in a cool and dry placeÀ conserver dans un endroit frais et sec","ean":"8436048421347"},{"full_name":"ALIADA galletas María integrales fuente de fibra envase 800 g","name":"galletas María integrales fuente de fibra envase 800 g","brand":"ALIADA ","img":"https://sgfm.elcorteingles.es/SGFM/dctm/MEDIA02/CONTENIDOS/201505/28/00120613801362____1__600x600.jpg","price":"1,09 €","price_unit":"(1,36 € / Kilo)","categories":["Supermercado","Desayunos Dulces y pan","Desayunos, dulces y pan","Galletas","Galletas integrales y de fibra","ALIADA galletas María integrales fuente de fibra envase 800 g"],"general_information":["Denominación del alimento: Galletas María integrales","Nombre del operador: Elaborado para el\nGrupo el Corte Ingles\nHermosilla, 112. 28009-Madrid- España\npor el CIF: A-34002501","Cantidad Neta: 800 g","Número de raciones por envase: 135 aproximad"],"ingredients":[" Ingredientes: Harina integral de trigo (64 %), azúcar, grasa vegetal (palma), dextrosa, jarabe de glucosa y fructosa, gasificantes: bicarbonatos sódico y amónico, sal, miel, emulgente: lecitina de soja, antioxidantes: metabisulfito sódico. Puede contener trazas de leche y sésamo."],"conservation":" Almacenar en lugar fresco y seco. Proteger de los rayos solares","ean":"8433329057950"},{"full_name":"CUETARA FIBRALIA galletas integral de soja con fibra de salvado de trigo caja 550 g","name":"galletas integral de soja con fibra de salvado de trigo caja 550 g","brand":"CUETARA FIBRALIA ","img":"https://sgfm.elcorteingles.es/SGFM/dctm/MEDIA03/201701/20/00120613800018____2__600x600.jpg","price":"2,70 €","price_unit":"(4,91 € / Kilo)","categories":["Supermercado","Desayunos Dulces y pan","Desayunos, dulces y pan","Galletas","Galletas integrales y de fibra","CUETARA FIBRALIA galletas integral de soja con fibra de salvado de trigo caja 550 g"],"general_information":[],"ingredients":[],"ean":"8434165460959"},{"full_name":"CUETARA FIBRALIA galletas 5 cereales con fibra de salvado de trigo caja 500 g","name":"galletas 5 cereales con fibra de salvado de trigo caja 500 g","brand":"CUETARA FIBRALIA ","img":"https://sgfm.elcorteingles.es/SGFM/dctm/MEDIA03/201701/20/00120613800257____3__600x600.jpg","price":"2,25 €","price_unit":"(4,50 € / Kilo)","categories":["Supermercado","Desayunos Dulces y pan","Desayunos, dulces y pan","Galletas","Galletas integrales y de fibra","CUETARA FIBRALIA galletas 5 cereales con fibra de salvado de trigo caja 500 g"],"general_information":["Denominación del alimento: GalletasBolachas","País de origen: España","Nombre del operador: Cuétara S.L.U.","Dirección del operador: Avda. Hermanos Gómez Cuétara núm. 1","Cantidad Neta: 500 g"],"ingredients":[" Harina de cereales 72% (trigo 48%, salvado de trigo 16%, salvado de avena 4,2%, maíz , arroz, cebada 0,4%), Oleoequilibre 16% (aceites vegetales de girasol alto oleico y palma), Oleoequilibre 17% (aceites vegetales de girasol alto oleico y palma), azúcar, jarabe de glucosa y fructosa, gasificantes (bicarbonatos sódico y amónico), sal, emulgente (lecitina), extracto de malta de cebada, aroma. Puede contener leche, soja, sulfitos/sulfito, derivados del huevo."],"conservation":" Mantener en lugar fresco y seco / Manter em lugar fresco e secoPreservar de los rayos solares / Preservar dos raios solares","ean":"8434165460966"},{"full_name":"FONTANEDA LA BUENA MARIA galletas de desayuno integrales con soja caja 700","name":"galletas de desayuno integrales con soja caja 700 ","brand":"FONTANEDA LA BUENA MARIA ","img":"https://sgfm.elcorteingles.es/SGFM/dctm/MEDIA03/201605/10/00200208200907____2__600x600.jpg","price":"2,13 €","price_unit":"(3,04 € / Kilo)","categories":["Supermercado","Desayunos Dulces y pan","Desayunos, dulces y pan","Galletas","Galletas integrales y de fibra","FONTANEDA LA BUENA MARIA galletas de desayuno integrales con soja caja 700"],"general_information":["Denominación del alimento: Galleta maria con harina integral y soja.","País de origen: España","Nombre del operador: Mondelez España Commercial, S.L.","Dirección del operador: C/Eucalipto, 25  - 28016 Madrid,  España","Cantidad Neta: 700 g"],"ingredients":[" Ingredientes: Cereales 73,7% (harina de TRIGO 66,7%, harina integral de TRIGO 7%), azúcar, aceite de girasol alto oleico, jarabe de glucosa-fructosa, semillas de SOJA tostadas 3,5%, grasa de palma, gasificantes (carbonatos ácido de sodio, carbonato ácido de amonio), sal, emulgentes (lecitina de SOJA, lecitina de girasol) agente de tratamiento de la harina (METABISULFITO sódico), aroma. PUEDE CONTENER LECHE."],"ean":"8410000828511"},{"full_name":"FONTANEDA BELVITA Desayuno galletas con cereales integrales y chocolate estuche 400 g","name":"Desayuno galletas con cereales integrales y chocolate estuche 400 g","brand":"FONTANEDA BELVITA ","img":"https://sgfm.elcorteingles.es/SGFM/dctm/MEDIA02/CONTENIDOS/201408/27/00120613800919____2__600x600.jpg","price":"2,45 €","price_unit":"(6,12 € / Kilo)","categories":["Supermercado","Desayunos Dulces y pan","Desayunos, dulces y pan","Galletas","Galletas integrales y de fibra","FONTANEDA BELVITA Desayuno galletas con cereales integrales y chocolate estuche 400 g"],"general_information":["Denominación del alimento: GALLETA DE CEREALES CON GOTAS DE CHOCOLATE Y ENRIQUECIDA CON HIERRO, MAGNESIO, VITAMINAS E Y B1.","País de origen: República Checa","Nombre del operador: Mondelez España Commercial, S.L.","Dirección del operador: C/Eucalipto, 25  - 28016 Madrid,  España","Cantidad Neta: 400 g"],"ingredients":[" Ingredientes: Cereales 56,3% [cereales integrales 39,9% (harina integral de TRIGO 20,1%, copos de AVENA 8,8%, harina integral de CEBADA 6,4%, harina integral de CENTENO 3,6%, harina integral de ESPELTA 1%), harina de TRIGO 16,4%], azúcar, aceite de nabina, gotas de chocolate 12,9% [azúcar, pasta de cacao, manteca de cacao, emulgente (lecitina de SOJA)], cacao desgrasado en polvo 3,4%, almidón de TRIGO, gasificantes (carbonato ácido de amonio, difosfato disódico, carbonato ácido de sodio), emulgentes (lecitina de SOJA, E472e), aroma, sal, LECHE desnatada en polvo, minerales (carbonato de magnesio, hierro elemental), azúcar glacé (azúcar, almidón de maíz), salvado de TRIGO, vitaminas [E, B1 (tiamina)]. PUEDE CONTENER HUEVO, CACAHUETE, FRUTOS DE CÁSCARA, GRANOS DE SÉSAM."],"ean":"7622300563202"},{"full_name":"FONTANEDA MARIE LU galletas de desayuno integrales con fibra y cereales caja 520 g","name":"galletas de desayuno integrales con fibra y cereales caja 520 g","brand":"FONTANEDA MARIE LU ","img":"https://sgfm.elcorteingles.es/SGFM/dctm/MEDIA03/201611/23/00120608200463____3__600x600.jpg","price":"2,20 €","price_unit":"(4,23 € / Kilo)","categories":["Supermercado","Desayunos Dulces y pan","Desayunos, dulces y pan","Galletas","Galletas integrales y de fibra","FONTANEDA MARIE LU galletas de desayuno integrales con fibra y cereales caja 520 g"],"general_information":["Denominación del alimento: GALLETAS CON  HARINA INTEGRAL.","País de origen: España","Nombre del operador: Mondelez España Commercial, S.L.","Dirección del operador: C/Eucalipto, 25  - 28016 Madrid,  España","Cantidad Neta: 520 g"],"ingredients":[" Ingredientes: Cereales 66% (harina de TRIGO 33%, harina integral de TRIGO 33%), azúcar, grasa de palma, sal, suero de LECHE en polvo, HUEVO en polvo, LECHE desnatada en polvo, gasificantes (bicarbonato de amonio, bicarbonato de sodio), jarabe de glucosa, aroma . PUEDE CONTENER SOJ."],"ean":"8410180106034"},{"full_name":"GULLON galletas María integral caja 600 g","name":"galletas María integral caja 600 g","brand":"GULLON ","img":"https://sgfm.elcorteingles.es/SGFM/00/19/0/0120613800190/0120613800190000g01011.jpg","price":"1,99 €","price_unit":"(3,32 € / Kilo)","categories":["Supermercado","Desayunos Dulces y pan","Desayunos, dulces y pan","Galletas","Galletas integrales y de fibra","GULLON galletas María integral caja 600 g"],"general_information":["Denominación del alimento: Galleta Maria integral","Nombre del operador: GALLETAS GULLON, S.A","Dirección del operador: Ctra, Burgos km 1,5- 34800 Aguilar de Campoo (Palencia)","Cantidad Neta: 600 g"],"ingredients":[" Harina integral de trigo (66%), azúcar, aceite vegetal (Girasol Alto Oleíco) (10,5%), jarabe de glucosa y fructosa, gasificantes (carbonato ácido de sodio y carbonato ácido de amonio, sal, miel, emulgente: lecitina de soja, antioxidante (metabisulfito sódico). Puede contener trazas de leche y sésamo.  Con girasol alto oleico"],"conservation":" Almacenar en lugar fresco y seco. Proteger de los rayos solares. Una vez abierto, mantener en las mismas condiciones y cerrar después de cada uso.","ean":"8410376006322"},{"full_name":"GULLON galleta ligera sin sal añadida y con cereales integrales paquete 216 g","name":"galleta ligera sin sal añadida y con cereales integrales paquete 216 g","brand":"GULLON ","img":"https://sgfm.elcorteingles.es/SGFM/dctm/MEDIA03/201701/30/00120613801602____6__600x600.jpg","price":"1,99 €","price_unit":"(9,21 € / Kilo)","categories":["Supermercado","Desayunos Dulces y pan","Desayunos, dulces y pan","Galletas","Galletas integrales y de fibra","GULLON galleta ligera sin sal añadida y con cereales integrales paquete 216 g"],"general_information":["Denominación del alimento: Galleta con cereales sin sal añadida","Nombre del operador: GALLETAS GULLON, S.A","Dirección del operador: Ctra, Burgos km 1,5- 34800 Aguilar de Campoo (Palencia)","Cantidad Neta: 216 g"],"ingredients":[" Cereales 62% (harina integral de trigo, copos de avena, copos de trigo sarraceno  integral, harina integral de cebada, harina integral de centeno, salvado de arroz, harina de espelta), aceite vegetal 13% (girasol alto oleico), azúcar, fibra vegetal, leche desnatada en polvo, gasificantes (carbonato ácido de potasio, carbonato ácido de amonio), aromas, emulgente (lecitina de soja). Puede contener trazas de frutos secos.. Con girasol alto oleico."],"conservation":" Almacenar en lugar fresco y seco. Proteger de los rayos solares. Una vez abierto, mantener en las mismas condiciones y cerrar después de cada uso.","ean":"8410376047523"},{"full_name":"GULLON Diet Fibra galletas sin azúcares caja 450 g","name":"Diet Fibra galletas sin azúcares caja 450 g","brand":"GULLON ","img":"https://sgfm.elcorteingles.es/SGFM/00/14/1/0120613800141/0120613800141000g01011.jpg","price":"2,28 €","price_unit":"(5,07 € / Kilo)","categories":["Supermercado","Desayunos Dulces y pan","Desayunos, dulces y pan","Galletas","Galletas integrales y de fibra","GULLON Diet Fibra galletas sin azúcares caja 450 g"],"general_information":["Denominación del alimento: Galleta con Fibra. Sin azúcares añadidos y con edulcorante","Nombre del operador: GALLETAS GULLON, S.A","Dirección del operador: Ctra, Burgos km 1,5- 34800 Aguilar de Campoo (Palencia)","Cantidad Neta: 450 g","Otras menciones obligatorias en la etiqueta: Un consumo excesivo puede producir efecto laxantes"],"ingredients":[" Harina integral de trigo 38,5%, aceite vegetal (girasol alto oleico) 14 %, edulcorante (maltitol), fibra vegetal, almidón resistente de maíz 9,5 %, fibra de cereales (maíz y avena), fibra de guisante, arroz inflado 2% (harina de arroz, harina de trigo, sal), gasificantes (carbonato ácido de sodio y carbonato ácido de amonio), sal, aroma (leche). Puede contener trazas de soja. Contienen azúcares naturalmente presentes. Con girasol alto oleico."],"conservation":" Almacenar en lugar fresco y seco. Proteger de los rayos solares. Una vez abierto, mantener en las mismas condiciones y cerrar después de cada uso.","ean":"8410376001952"},{"full_name":"GULLON galleta María integral sin gluten, sin lactosa, sin huevo y sin frutos secos estuche 400 g","name":"galleta María integral sin gluten, sin lactosa, sin huevo y sin frutos secos estuche 400 g","brand":"GULLON ","img":"https://sgfm.elcorteingles.es/SGFM/dctm/MEDIA03/201609/30/00120613800794____2__600x600.jpg","price":"2,17 €","price_unit":"(5,42 € / Kilo)","categories":["Supermercado","Desayunos Dulces y pan","Desayunos, dulces y pan","Galletas","Galletas integrales y de fibra","GULLON galleta María integral sin gluten, sin lactosa, sin huevo y sin frutos secos estuche 400 g"],"general_information":["Denominación del alimento: Galleta integral sin gluten","Nombre del operador: GALLETAS GULLON, S.A","Dirección del operador: Ctra, Burgos km 1,5- 34800 Aguilar de Campoo (Palencia)","Cantidad Neta: 400 g"],"ingredients":[" Harina de maíz, aceite vegetal (girasol alto oleico) 18%, azúcar, almidón de maíz, harina de arroz, jarabe de glucosa y fructosa de maíz, fibra de maíz, fibra de guisante, sal, gasificantes (carbonato ácido de sodio, carbonato ácido de amonio), emulgente (lecitina de soja). Sin gluten. Con girasol alto oleico."],"conservation":" Almacenar en lugar fresco y seco. Proteger de los rayos solares. Una vez abierto, mantener en las mismas condiciones y cerrar después de cada uso.","ean":"8410376036169"},{"full_name":"GULLON DIET NATURE galletas de desayuno con cereales integrales sin azúcares añadidos envase 216 g","name":"galletas de desayuno con cereales integrales sin azúcares añadidos envase 216 g","brand":"GULLON DIET NATURE ","img":"https://sgfm.elcorteingles.es/SGFM/dctm/MEDIA03/201701/30/00120613801446____2__600x600.jpg","price":"1,78 €","price_unit":"(8,24 € / Kilo)","categories":["Supermercado","Desayunos Dulces y pan","Desayunos, dulces y pan","Galletas","Galletas integrales y de fibra","GULLON DIET NATURE galletas de desayuno con cereales integrales sin azúcares añadidos envase 216 g"],"general_information":["Denominación del alimento: Galleta con cereales integrales sin azúcares añadidos con edulcorante","Nombre del operador: GALLETAS GULLON, S.A","Dirección del operador: Ctra, Burgos km 1,5- 34800 Aguilar de Campoo (Palencia)","Cantidad Neta: 216 g","Otras menciones obligatorias en la etiqueta: Un consumo excesivo puede producir efecto laxantes"],"ingredients":[" Cereales integrales 58% (harina integral de trigo, copos de avena, harina integral de cebada, harina integral de centeno), edulcorante (maltitol), aceite vegetal 13 % (girasol alto oleico), fibra vegetal, arroz inflado 4% (harina de arroz, harina de trigo, sal), leche desnatada en polvo 1%, gasificantes (carbonato ácido de sodio y carbonato ácido de amonio), emulgente (lecitina de soja), sal, aromas. Puede contener trazas de frutos secos."],"conservation":" Almacenar en lugar fresco y seco. Proteger de los rayos solares. Una vez abierto, mantener en las mismas condiciones y cerrar después de cada uso.","ean":"8410376042498"},{"full_name":"GULLON DIET NATURE galletas con alto contenido en fibra integral sin azúcares paquete 170 g","name":"galletas con alto contenido en fibra integral sin azúcares paquete 170 g","brand":"GULLON DIET NATURE ","img":"https://sgfm.elcorteingles.es/SGFM/dctm/MEDIA03/201609/30/00120613801156____2__600x600.jpg","price":"1,29 €","price_unit":"(7,59 € / Kilo)","categories":["Supermercado","Desayunos Dulces y pan","Desayunos, dulces y pan","Galletas","Galletas integrales y de fibra","GULLON DIET NATURE galletas con alto contenido en fibra integral sin azúcares paquete 170 g"],"general_information":["Denominación del alimento: Galleta de fibra sin azúcares con edulcorantes","Nombre del operador: GALLETAS GULLON, S.A","Dirección del operador: Ctra, Burgos km 1,5- 34800 Aguilar de Campoo (Palencia)","Cantidad Neta: 170 g","Otras menciones obligatorias en la etiqueta: Un consumo excesivo puede producir efecto laxantes"],"ingredients":[" Harina integral de trigo 57,5%, edulcorante (maltitol), aceite vegetal (girasol alto oleico) 16,5%, fibra vegetal 3,5%, fibra de guisante 3,5%, gasificantes (carbonato ácido de sodio y carbonato ácido de amonio, emulgente (lecitina de soja), sal, aromas. Puede contener trazas de leche. Con girasol alto oleico. Sin azúcares añadidos"],"conservation":" Almacenar en lugar fresco y seco. Proteger de los rayos solares. Una vez abierto, mantener en las mismas condiciones y cerrar después de cada uso.","ean":"8410376009392"},{"full_name":"FLORA galletas con fibra paquete 185 g","name":"galletas con fibra paquete 185 g","brand":"FLORA ","img":"https://sgfm.elcorteingles.es/SGFM/00/12/5/0120613800125/0120613800125000g01011.jpg","price":"1,09 €","price_unit":"(5,89 € / Kilo)","categories":["Supermercado","Desayunos Dulces y pan","Desayunos, dulces y pan","Galletas","Galletas integrales y de fibra","FLORA galletas con fibra paquete 185 g"],"general_information":["Denominación del alimento: Galletas","Nombre del operador: Unilever España S.A.","Dirección del operador: C/Tecnología 19, 08840 Viladecans (Barcelona)","Cantidad Neta: 185 g"],"ingredients":[" Harina de trigo (59%), azúcar, aceites vegetales (soja, maíz, girasol alto oleico) (9%), salvado de trigo (6%), grasa de palma, extracto de cebada malteada, suero de leche en polvo, gasificantes (bicarbonato sódico y amónico, carbonato cálcico), sal, leche desnatada en polvo, emulgentes (lecitina de girasol, E472e), aromas, antioxidantes (E304, E306), vitaminas (B6, ácido fólico, B12). Puede contener soja, frutos secos, sésamo."],"conservation":" Conservar En Lugar Fresco Y Seco.","ean":"8413800016300"},{"full_name":"FLORA galletas de naranja con fibra envase 125 g","name":"galletas de naranja con fibra envase 125 g","brand":"FLORA ","img":"https://sgfm.elcorteingles.es/SGFM/dctm/MEDIA02/CONTENIDOS/201408/27/00120613800026____2__600x600.jpg","price":"1,11 €","price_unit":"(8,88 € / Kilo)","categories":["Supermercado","Desayunos Dulces y pan","Desayunos, dulces y pan","Galletas","Galletas integrales y de fibra","FLORA galletas de naranja con fibra envase 125 g"],"general_information":["Denominación del alimento: Galletas con naranja y pasas.","País de origen: España","Nombre del operador: Unilever","Dirección del operador: UNILEVER ESPAÑA, S.A.\nC/ Tecnología, 19\n08840 Viladecans (Barcelona)\nwww.flora.es\n\nSERVICIO DE ATENCIÓN AL CONSUMIDOR DE UNILEVER ESPAÑA, S.A.\n<Icono teléfono> 900 812 511\n\nDISTRIBUIDO POR: Arluy Cuida de ti","Cantidad Neta: 125 g","Número de raciones por envase: 10"],"ingredients":[" Ingredientes: TRIGO (harina, salvado)(53%), aceites vegetales (soja, maíz, girasol alto oleico)(11%), azúcar, frutas (pasas (6%) y naranja confitada (0,5%)(piel de naranja, azúcar, jarabe de glucosa)), grasa de palma, jarabe de glucosa, gasificantes (carbonatos de sodio, carbonatos de amonio, fosfatos de calcio), sal, emulgentes (lecitina de girasol, E472e), aromas, antioxidantes (E304, E306), vitaminas (B6, ácido fólico, B12). Puede contener huevo, cacahuete, soja, leche, frutos secos."],"ean":"8413800016355"},{"full_name":"VIRGINIAS B-San galletas integrales 0% azúcares añadidos, con calcio, sésamo y sin lactosa caja 480 g","name":"B-San galletas integrales 0% azúcares añadidos, con calcio, sésamo y sin lactosa caja 480 g","brand":"VIRGINIAS ","img":"https://sgfm.elcorteingles.es/SGFM/dctm/MEDIA03/201706/14/00120614300844____1__600x600.jpg","price":"2,42 €","price_unit":"(5,04 € / Kilo)","categories":["Supermercado","Desayunos Dulces y pan","Desayunos, dulces y pan","Galletas","Galletas integrales y de fibra","VIRGINIAS B-San galletas integrales 0% azúcares añadidos, con calcio, sésamo y sin lactosa caja 480 g"],"general_information":["Denominación del alimento: Galleta sin azúcares añadidos. Con edulcorantes","Nombre del operador: Industrias Rodríguez, S.A.","Dirección del operador: Paseo Sunyer, nº 8, 43202 Reus (Tarragona)","Cantidad Neta: 480 g","Otras menciones obligatorias en la etiqueta: Contiene azúcares naturalmente presentes. Un consumo excesivo puede producir efectos laxantes."],"ingredients":[" Harina integral de trigo (29%), harina de trigo, aceite de girasol, edulcorantes (maltitol, jarabe de maltitol), semillas de sésamo (2,5%),  almidón de patata, harina de malta de cebada,  gasificantes (carbonatos de sodio y carbonatos de amonio),  mineral: Calcio  (carbonato de calcio), aroma, emulgente (lecitina de girasol), edulcorante (acesulfamo K), conservador (metabisulfito potásico). Puede contener trazas de soja y proteína de la leche."],"conservation":" Mantener en lugar fresco y seco.","ean":"8410196046447"},{"full_name":"QUELY galletas María integrales bolsa 450 g","name":"galletas María integrales bolsa 450 g","brand":"QUELY ","img":"https://sgfm.elcorteingles.es/SGFM/00/21/6/0120608200216/0120608200216000g01011.jpg","price":"3,25 €","price_unit":"(7,22 € / Kilo)","categories":["Supermercado","Desayunos Dulces y pan","Desayunos, dulces y pan","Galletas","Galletas integrales y de fibra","QUELY galletas María integrales bolsa 450 g"],"general_information":["Denominación del alimento: Galleta María","Nombre del operador: QUELY, S.A.","Dirección del operador: C/ La Balanguera 1, 07300 Inca, Mallorca, Islas Baleares, España","Cantidad Neta: 450 g"],"ingredients":[" harina de trigo, harina integral de trigo, azúcar, grasas y aceites vegetales de palma y girasol parcialmente hidrogenado, dextrosa, bicarbonato amónico, bicarbonato sódico, sal marina, lecitina de girasol, miel, aroma vainilla"],"ean":"8411145202037"},{"full_name":"ELGORRIAGA Elgovita galletas con semillas de quinoa con alto contenido en fibra estuche 150 g y aceite de girasol alto oleico","name":"Elgovita galletas con semillas de quinoa con alto contenido en fibra estuche 150 g","brand":"ELGORRIAGA ","img":"https://sgfm.elcorteingles.es/SGFM/dctm/MEDIA03/201710/20/00120613801743____1__600x600.jpg","price":"1,50 €","price_unit":"(10 € / Kilo)","categories":["Supermercado","Desayunos Dulces y pan","Desayunos, dulces y pan","Galletas","Galletas integrales y de fibra","ELGORRIAGA Elgovita galletas con semillas de quinoa con alto contenido en fibra estuche 150 g y aceite de girasol alto oleico"],"general_information":[],"ingredients":[],"ean":"8410255913307"},{"full_name":"BIRBA Nuria galletas integrales sin colorantes ni conservantes estuche 470 g","name":"Nuria galletas integrales sin colorantes ni conservantes estuche 470 g","brand":"BIRBA ","img":"https://sgfm.elcorteingles.es/SGFM/dctm/MEDIA03/201609/22/00120613800604____4__600x600.jpg","price":"2,59 €","price_unit":"(5,18 € / Kilo)","categories":["Supermercado","Desayunos Dulces y pan","Desayunos, dulces y pan","Galletas","Galletas integrales y de fibra","BIRBA Nuria galletas integrales sin colorantes ni conservantes estuche 470 g"],"general_information":["Denominación del alimento: Galletas integrales, ricas en fibra","País de origen: España","Nombre del operador: Galetes Camprodon S.A","Dirección del operador: C38 pk 8,3 sn 17867 Camprodon (Girona) España","Cantidad Neta: 470 g","Número de raciones por envase: 13","Otras menciones obligatorias en la etiqueta: Puede contener trazas de otros frutos secos y huevo."],"ingredients":[" Harina integral de trigo (60,4%) , azúcar y azúcar moreno, aceite de oliva (10,7%), avellanas, leche descremada en polvo, dextrosa, gasificantes (bicarbonato sódico, bicarbonato amónico), sal."],"conservation":" Conservar en lugar fresco y seco protegido de la luz solar","ean":"8412522000314"},{"full_name":"EL CORTE INGLES galletas con chips de chocolate 37% de trocitos estuche 225 g","name":"galletas con chips de chocolate 37% de trocitos estuche 225 g","brand":"EL CORTE INGLES ","img":"https://sgfm.elcorteingles.es/SGFM/dctm/MEDIA02/CONTENIDOS/201601/18/00120627502022____4__600x600.jpg","price":"1,40 €","price_unit":"(6,22 € / Kilo)","categories":["Supermercado","Desayunos Dulces y pan","Desayunos, dulces y pan","Galletas","Galletas con chocolate","EL CORTE INGLES galletas con chips de chocolate 37% de trocitos estuche 225 g"],"general_information":["Denominación del alimento: Galletas con chocolate","Nombre del operador: Elaborado en la UE                                        Distribuido para El Corte Inglés\npor  ARLUY, S.L.U.                                                          Pol. Industrial El Sequero","Cantidad Neta: 225 g","Número de raciones por envase: aprox.  12"],"ingredients":[" Ingredientes: Chocolate 37% (azúcar, pasta de cacao, manteca de cacao, jarabe de glucosa, emulgente: lecitinas (soja)), harina (trigo y avena), azúcar, grasa y aceite vegetal (palma y girasol), gasificantes (carbonato ácido de sodio, difosfato disódico), jarabe de glucosa-fructosa, sal,  lactosa y colorante (caramelo natural). Puede contener trazas de frutos de cáscara y huevo."],"conservation":" Conservar en lugar fresco y seco","ean":"8433329035248"},{"full_name":"EL CORTE INGLES redonditos de chocolate blanco paquete 150 g","name":"redonditos de chocolate blanco paquete 150 g","brand":"EL CORTE INGLES ","img":"https://sgfm.elcorteingles.es/SGFM/dctm/MEDIA03/201608/26/00200227504081____2__600x600.jpg","price":"0,65 €","price_unit":"(4,33 € / Kilo)","categories":["Supermercado","Desayunos Dulces y pan","Desayunos, dulces y pan","Galletas","Galletas con chocolate","EL CORTE INGLES redonditos de chocolate blanco paquete 150 g"],"general_information":["Denominación del alimento: Galleta recubierta de chocolate blanco","Nombre del operador: Elaborado para El Corte Ingles\npor Galletas Gullón, S.A.   Ctra. Burgos km 1,5            34800 Aguilar de Campoo  (Palencia) - España","Cantidad Neta: 150 g","Número de raciones por envase: 18"],"ingredients":[" Ingredientes: Chocolate blanco 39 % azucar, manteca de cacao, leche en polvo, emulgente: lecitina de soja y aromas), harina de trigo, azúcar, grasa vegetal (palma), cacao en polvo, gasificantes (carbonato ácido de sódio y carbonato ácido de amónio), sal, emulgente (lecitina de soja)."],"conservation":" Almacenar en lugar fresco y seco. Proteger de los rayos solares.                                                            Una vez abierto, mantener en las mismas condiciones y cerrar despúes de cada uso.","ean":"8433329075527"},{"full_name":"EL CORTE INGLES mini cookies con chips de chocolate bolsa 175 g","name":"mini cookies con chips de chocolate bolsa 175 g","brand":"EL CORTE INGLES ","img":"https://sgfm.elcorteingles.es/SGFM/dctm/MEDIA03/201607/28/00120627503327____1__600x600.jpg","price":"1,17 €","price_unit":"(6,69 € / Kilo)","categories":["Supermercado","Desayunos Dulces y pan","Desayunos, dulces y pan","Galletas","Galletas con chocolate","EL CORTE INGLES mini cookies con chips de chocolate bolsa 175 g"],"general_information":["Denominación del alimento: Mini cookies con pepitas de chocolate","Cantidad Neta: 100 g","Número de raciones por envase: 8"],"ingredients":[" Ingredientes: Harina de trigo, grasa vegetal (aceite de palma), pepitas de chocolate (17%) (pasta de cacao, azúcar, emulsionante: lecitina de soja, aroma: vainilla natural), azúcar, suero en polvo, leche desnatada en polvo, gasificantes (bicarbonato de amonio, bicarbonato de sodio), sal, aroma de chocolate y aroma de vainilla. Puede contener trazas de frutos de cáscara, cacahuetes, huevos y granos de sésamo."],"conservation":" Conservar en lugar fresco y seco","ean":"8433329028271"},{"full_name":"ALIADA galletas con tableta de chocolate con leche estuche 150 g","name":"galletas con tableta de chocolate con leche estuche 150 g","brand":"ALIADA ","img":"https://sgfm.elcorteingles.es/SGFM/dctm/MEDIA02/CONTENIDOS/201502/05/00120627502873____3__600x600.jpg","price":"0,95 €","price_unit":"(6,33 € / Kilo)","categories":["Supermercado","Desayunos Dulces y pan","Desayunos, dulces y pan","Galletas","Galletas con chocolate","ALIADA galletas con tableta de chocolate con leche estuche 150 g"],"general_information":["Denominación del alimento: Galleta de matnequilla con tableta de chocolate con leche","Lugar de procedencia del alimento: Elaborado para el Grupo El Corte Inglés   Hermosilla, 112 28009 - Madrid - España              por CIF:  B-26045617","Cantidad Neta: 150 g","Número de raciones por envase: 12.0"],"ingredients":[" Ingredientes: Galleta (52%): harina de trigo, azúcar, mantequilla (6.2%), jarabe de glucosa-fructosa, leche desnatada en polvo, gasificantes (bicarbonato amónico, bicarbonato sódico y pirofosfato ácido de sodio), sal, emulgente (lecitina de girasol). Chocolate (48%): azúcar, manteca de cacao, leche desnatada en polvo, pasta de cacao, suero de leche en polvo, mantequilla (1.7%), pasta de avellana, emulgente (lecitina de soja), aroma. Puede contener trazas de sulfitos"],"conservation":" Conservar en lugar fresco, seco y protegido de los rayos solares.","ean":"8433329055734"},{"full_name":"ALIADA galletas con tableta de chocolate negro estuche 150 g","name":"galletas con tableta de chocolate negro estuche 150 g","brand":"ALIADA ","img":"https://sgfm.elcorteingles.es/SGFM/dctm/MEDIA02/CONTENIDOS/201502/05/00120627502865____1__600x600.jpg","price":"0,95 €","price_unit":"(6,33 € / Kilo)","categories":["Supermercado","Desayunos Dulces y pan","Desayunos, dulces y pan","Galletas","Galletas con chocolate","ALIADA galletas con tableta de chocolate negro estuche 150 g"],"general_information":["Denominación del alimento: Galleta de mantequilla con tableta de chocolate negro","Lugar de procedencia del alimento: Elaborado para el Grupo El Corte Inglés   Hermosilla, 112 28009 - Madrid - España              por CIF:  B-26045617","Cantidad Neta: 150 g","Número de raciones por envase: 12.0"],"ingredients":[" Ingredientes: Galleta (52%): harina de trigo, azúcar, mantequilla (6.2%), jarabe de glucosa-fructosa, leche desnatada en polvo, gasificantes (bicarbonato amónico, bicarbonato sódico y pirofosfato ácido de sodio), sal, emulgente (lecitina de girasol). Chocolate (48%): azúcar, pasta de cacao, manteca de cacao, lactosa, leche desnatada en polvo, mantequilla (1.4%), emulgente (lecitina de soja), aroma. Puede contener trazas de frutos de cáscara y sulfitos"],"conservation":" Conservar en lugar fresco, seco y protegido de los rayos solares.","ean":"8433329055741"},{"full_name":"ALIADA galletas con tableta de chocolate blanco estuche 150 g","name":"galletas con tableta de chocolate blanco estuche 150 g","brand":"ALIADA ","img":"https://sgfm.elcorteingles.es/SGFM/dctm/MEDIA02/CONTENIDOS/201502/05/00120627503178____1__600x600.jpg","price":"0,99 €","price_unit":"(6,60 € / Kilo)","categories":["Supermercado","Desayunos Dulces y pan","Desayunos, dulces y pan","Galletas","Galletas con chocolate","ALIADA galletas con tableta de chocolate blanco estuche 150 g"],"general_information":["Denominación del alimento: Galleta de mantequilla con tableta de chocolate blanco","Lugar de procedencia del alimento: Elaborado para el Grupo El Corte Inglés   Hermosilla, 112 28009 - Madrid - España              por CIF:  B-26045617","Cantidad Neta: 150 g","Número de raciones por envase: 12.0"],"ingredients":[" Ingredientes: Galleta (52%): harina de trigo, azúcar, mantequilla (6.2%), jarabe de glucosa-fructosa, leche desnatada en polvo, gasificantes (bicarbonato amónico, bicarbonato sódico y pirofosfato ácido de sodio), sal, emulgente (lecitina de girasol). Chocolate (48%): azúcar, manteca de cacao, leche entera en polvo, emulgente (lecitina de soja), aromas. Puede contener trazas de frutos de cáscara y sulfitos"],"conservation":" Conservar en lugar fresco, seco y protegido de los rayos solares.","ean":"8433329055758"},{"full_name":"EL CORTE INGLES minigalletas de chocolate con leche rellenas de crema estuche 235,8 g","name":"minigalletas de chocolate con leche rellenas de crema estuche 235,8 g","brand":"EL CORTE INGLES ","img":"https://sgfm.elcorteingles.es/SGFM/dctm/MEDIA03/201704/20/00120610002147____2__600x600.jpg","price":"1,22 €","price_unit":"(5,17 € / Kilo)","categories":["Supermercado","Desayunos Dulces y pan","Desayunos, dulces y pan","Galletas","Galletas con chocolate","EL CORTE INGLES minigalletas de chocolate con leche rellenas de crema estuche 235,8 g"],"general_information":["Denominación del alimento: Galleta rellena de crema y recubierta de chocolate con leche","Nombre del operador: Elaborado para El Corte Ingles\npor Galletas Gullón, S.A.   Ctra. Burgos km 1,5            34800 Aguilar de Campoo  (Palencia) - España","Cantidad Neta: 235,8 g","Número de raciones por envase: 36 aprox."],"ingredients":[" Ingredientes: Harina de trigo, chocolate con leche 27 % (azucar, manteca de cacao, pasta de cacao, leche en polvo, suero de leche en polvo, emulgente: lecitina de soja y aromas), crema 11% (azúcar, aceite vegetal (girasol), leche entera en polvo, manteca de cacao, grasa vegetal (palma), mantequilla, emulgente: lecitina de soja, aromas), grasa vegetal (palma), azúcar, derivado lácteo en polvo (proteínas de la leche y leche desnatada en polvo), leche desnatada en polvo, jarabe de glucosa y fructosa, gasificante: carbonato ácido de sodio, sal, aroma de vainilla. Puede contener trazas de frutos secos"],"conservation":" Almacenar en lugar fresco y seco. Proteger de los rayos solares.                                                            Una vez abierto, mantener en las mismas condiciones y cerrar despúes de cada uso.","ean":"8433329075442"},{"full_name":"EL CORTE INGLES redonditos de chocolate con leche paquete 150 g","name":"redonditos de chocolate con leche paquete 150 g","brand":"EL CORTE INGLES ","img":"https://sgfm.elcorteingles.es/SGFM/dctm/MEDIA03/201711/15/00120627504069____2__600x600.jpg","price":"0,65 €","price_unit":"(4,33 € / Kilo)","categories":["Supermercado","Desayunos Dulces y pan","Desayunos, dulces y pan","Galletas","Galletas con chocolate","EL CORTE INGLES redonditos de chocolate con leche paquete 150 g"],"general_information":["Denominación del alimento: Galleta recubierta de chocolate con leche","Nombre del operador: Elaborado para El Corte Ingles\npor Galletas Gullón, S.A.   Ctra. Burgos km 1,5            34800 Aguilar de Campoo  (Palencia) - España","Cantidad Neta: 150 g","Número de raciones por envase: 18"],"ingredients":[" Ingredientes: Chocolate con leche 39 % (azucar, manteca de cacao, pasta de cacao, leche en polvo, suero de leche en polvo, emulgente: lecitina de soja y aromas), harina de trigo, azúcar, grasa vegetal (palma), gasificantes (carbonato ácido de sódio y carbonato ácido de amónio), sal, aroma de naranja."],"conservation":" Almacenar en lugar fresco y seco. Proteger de los rayos solares.                                                          Una vez abierto, mantener en las mismas condiciones y cerrar despúes de cada uso.","ean":"8433329075534"},{"full_name":"ALIADA redonditos de chocolate negro paquete 150 g","name":"redonditos de chocolate negro paquete 150 g","brand":"ALIADA ","img":"https://sgfm.elcorteingles.es/SGFM/dctm/MEDIA02/CONTENIDOS/201505/28/00120627504044____1__600x600.jpg","price":"0,65 €","price_unit":"(4,33 € / Kilo)","categories":["Supermercado","Desayunos Dulces y pan","Desayunos, dulces y pan","Galletas","Galletas con chocolate","ALIADA redonditos de chocolate negro paquete 150 g"],"general_information":["Denominación del alimento: Galleta recubierta de chocolate negro","Nombre del operador: Elaborado para El Corte Ingles\npor Galletas Gullón, S.A.   Ctra. Burgos km 1,5            34800 Aguilar de Campoo  (Palencia) - España","Cantidad Neta: 150 g","Número de raciones por envase: 18"],"ingredients":[" Ingredientes: Cobertura de chocolate negro 39 % (azúcar, pasta de cacao, manteca de cacao,  emulgente: lecitina de soja, aromas), harina de trigo, azúcar, grasa vegetal (palma), gasificantes (carbonato ácido de sódio y carbonato ácido de amónio), sal y aroma de naranja. Puede contener trazas de leche"],"conservation":" Almacenar en lugar fresco y seco. Proteger de los rayos solares.                                                           Una vez abierto, mantener en las mismas condiciones y cerrar despúes de cada uso.","ean":"8433329075541"},{"full_name":"EL CORTE INGLES galletas digestive con chocolate estuche 300 g","name":"galletas digestive con chocolate estuche 300 g","brand":"EL CORTE INGLES ","img":"https://sgfm.elcorteingles.es/SGFM/dctm/MEDIA03/201703/21/00200213801509____2__600x600.jpg","price":"1,25 €","price_unit":"(4,17 € / Kilo)","categories":["Supermercado","Desayunos Dulces y pan","Desayunos, dulces y pan","Galletas","Galletas con chocolate","EL CORTE INGLES galletas digestive con chocolate estuche 300 g"],"general_information":["Denominación del alimento: Galletas de trigo recubiertas de chocolate con leche","Nombre del operador: Elaborado para El Corte Ingles\npor Galletas Gullón, S.A.   Ctra. Burgos km 1,5            34800 Aguilar de Campoo  (Palencia) - España","Cantidad Neta: 300 g","Número de raciones por envase: aprox. 20"],"ingredients":[" Ingredientes: Harina de trigo (41,5%), cobertura de chocolate con leche 24% (azúcar, manteca de cacao, pasta de cacao, leche en polvo, suero de leche en polvo, emulgente: lecitina de soja y aromas), grasa vegetal (palma), azúcar, salvado de trigo (3,5%), jarabe de glucosa y fructosa, gasificantes (carbonato ácido de sodio, carbonato ácido de amonio y ácido tartárico) y  sal. Puede contener trazas de frutos secos."],"conservation":" Almacenar en lugar fresco y seco. Proteger de los rayos solares.                                                        Una vez abierto, mantener en las mismas condiciones y cerrar despúes de cada uso","ean":"8433329075435"},{"full_name":"GARPE cookies de mantequilla y almendra rellenas de chocolate blanco blister 300 g","name":"cookies de mantequilla y almendra rellenas de chocolate blanco blister 300 g","brand":"GARPE ","img":"https://sgfm.elcorteingles.es/SGFM/dctm/MEDIA03/201609/02/00118551804497____1__600x600.jpg","price":"2,99 €","price_unit":"(9,97 € / Kilo)","categories":["Supermercado","Desayunos Dulces y pan","Desayunos, dulces y pan","Galletas","Galletas con chocolate","GARPE cookies de mantequilla y almendra rellenas de chocolate blanco blister 300 g"],"general_information":[],"ingredients":[],"ean":"8413463111541"},{"full_name":"GARPE cookies de mantequilla y almendra rellenas de chocolate blister 300 g","name":"cookies de mantequilla y almendra rellenas de chocolate blister 300 g","brand":"GARPE ","img":"https://sgfm.elcorteingles.es/SGFM/dctm/MEDIA03/201609/02/00118551804489____1__600x600.jpg","price":"2,99 €","price_unit":"(9,97 € / Kilo)","categories":["Supermercado","Desayunos Dulces y pan","Desayunos, dulces y pan","Galletas","Galletas con chocolate","GARPE cookies de mantequilla y almendra rellenas de chocolate blister 300 g"],"general_information":[],"ingredients":[],"ean":"8413463111589"},{"full_name":"FONTANEDA DIGESTIVE galletas con fibra y chocolate con leche caja 300 g","name":"galletas con fibra y chocolate con leche caja 300 g","brand":"FONTANEDA DIGESTIVE ","img":"https://sgfm.elcorteingles.es/SGFM/dctm/MEDIA03/201606/13/00120613800232____3__600x600.jpg","price":"2,50 €","price_unit":"(8,33 € / Kilo)","categories":["Supermercado","Desayunos Dulces y pan","Desayunos, dulces y pan","Galletas","Galletas con chocolate","FONTANEDA DIGESTIVE galletas con fibra y chocolate con leche caja 300 g"],"general_information":["Denominación del alimento: GALLETA RECUBIERTA CON CHOCOLATE CON LECHE.","País de origen: España","Nombre del operador: Mondelez España Commercial, S.L.","Dirección del operador: C/Eucalipto, 25  - 28016 Madrid,  España","Cantidad Neta: 300 g"],"ingredients":[" Ingredientes: Cereales 49% (harina de TRIGO 39%, harina integral de TRIGO 10%), chocolate con LECHE 29% (azúcar, manteca de cacao, pasta de cacao, LECHE desnatada en polvo, lactosa (de LECHE),  grasa de LECHE,  emulgente (lecitina de SOJA), aroma), azúcar, aceite de girasol alto oleico 9,7%, grasas vegetales (palma, palmiste), gasificantes (carbonato ácido de sodio, ácido málico, carbonato ácido de amonio), jarabe de azúcar, jarabe de fructooligosacaridos, sal,  emulgentes (lecitina de SOJA, lecitina de girasol).\nPUEDE CONTENER HUEVO, FRUTOS DE CÁSCARA, GRANOS DE SÉSAM."],"ean":"8410000808940"},{"full_name":"FONTANEDA DIGESTIVE NOIR galletas con chocolate negro y naranja paquete 300 g","name":"NOIR galletas con chocolate negro y naranja paquete 300 g","brand":"FONTANEDA DIGESTIVE ","img":"https://sgfm.elcorteingles.es/SGFM/dctm/MEDIA03/201606/13/00120627501594____4__600x600.jpg","price":"2,50 €","price_unit":"(8,33 € / Kilo)","categories":["Supermercado","Desayunos Dulces y pan","Desayunos, dulces y pan","Galletas","Galletas con chocolate","FONTANEDA DIGESTIVE NOIR galletas con chocolate negro y naranja paquete 300 g"],"general_information":["Denominación del alimento: Galleta con naranja recubierta con chocolate negro.","País de origen: España","Nombre del operador: Mondelez España Commercial, S.L.","Dirección del operador: C/Eucalipto, 25  - 28016 Madrid,  España","Cantidad Neta: 300 g"],"ingredients":[" Ingredientes: Cereales 48,8% (harina de TRIGO 39,8%, harina integral de TRIGO 9,0%), chocolate negro 29% (azúcar, pasta de cacao, manteca de cacao, grasa de LECHE, lactosa (de LECHE), emulgente (lecitina de SOJA), aroma), aceite de girasol alto oleico 11,5%, azúcar,  grasas vegetales (palma, palmiste),  puré de naranja 2,4%, jarabe de glucosa-fructosa,  gasificantes (carbonato ácido de sodio, ácido málico, carbonato ácido de amonio), sal, emulgentes (lecitina de SOJA, lecitina de girasol), aroma."],"ean":"8410000825220"},{"full_name":"FONTANEDA DIGESTIVE galletas de avena y chocolate negro caja 250 g","name":"galletas de avena y chocolate negro caja 250 g","brand":"FONTANEDA DIGESTIVE ","img":"https://sgfm.elcorteingles.es/SGFM/dctm/MEDIA03/201605/10/00120614300778____2__600x600.jpg","price":"2,35 €","price_unit":"(9,40 € / Kilo)","categories":["Supermercado","Desayunos Dulces y pan","Desayunos, dulces y pan","Galletas","Galletas con chocolate","FONTANEDA DIGESTIVE galletas de avena y chocolate negro caja 250 g"],"general_information":["Denominación del alimento: Galletas con copos de avena recubiertas de chocolate.","País de origen: España","Nombre del operador: Mondelez España Commercial, S.L.","Dirección del operador: C/Eucalipto, 25  - 28016 Madrid,  España","Cantidad Neta: 250 g"],"ingredients":[" Ingredientes: Cereales 46,1% (copos de AVENA 28,7%, harina integral de TRIGO 17,4%), chocolate negro 24% (azúcar, pasta de cacao, manteca de cacao, grasa de LECHE, lactosa (de LECHE), emulgente (lecitina de SOJA), aroma),  azúcar, aceite de girasol alto oleico 9%, jarabe de glucosa-fructosa, grasa vegetal (palma, palmiste), gasificantes (carbonato de sodio, carbonato de amonio), sal, emulgentes (lecitina de SOJA, lecitina de girasol)."],"ean":"5000396006902"},{"full_name":"FONTANEDA BELVITA Desayuno Crunchy Chocolate 5 cereales completos caja 300 g","name":"Desayuno Crunchy Chocolate 5 cereales completos caja 300 g","brand":"FONTANEDA BELVITA ","img":"https://sgfm.elcorteingles.es/SGFM/dctm/MEDIA02/CONTENIDOS/201502/16/00120613801297____1__600x600.jpg","price":"2,45 €","price_unit":"(8,17 € / Kilo)","categories":["Supermercado","Desayunos Dulces y pan","Desayunos, dulces y pan","Galletas","Galletas con chocolate","FONTANEDA BELVITA Desayuno Crunchy Chocolate 5 cereales completos caja 300 g"],"general_information":["Denominación del alimento: GALLETA DE CEREALES CON PEPITAS DE CHOCOLATE ENRIQUECIDA CON VITAMINAS B1, B2, B6, B9, B5.","País de origen: República Checa","Nombre del operador: Mondelez España Commercial, S.L.","Dirección del operador: C/Eucalipto, 25  - 28016 Madrid,  España","Cantidad Neta: 300 g"],"ingredients":[" Ingredientes: Cereales 61,9% [cereales integrales 38,7% (copos de AVENA 17,8%, harina integral de TRIGO 13,3%, sémola integral de trigo sarraceno 4,3%, harina integral de CEBADA 1,1%, harina integral de CENTENO 1,1%, harina integral de ESPELTA 1,1%), harina de TRIGO 23,2%], azúcar, pepitas de chocolate 10% (pasta de cacao, azúcar, emulgente (lecitina de SOJA)], aceite de nabina, agente de carga (polidextrosa), gasificantes (carbonato ácido de sodio, carbonato ácido de amonio, difosfato disódico), emulgentes (lecitina de SOJA, E472e), sal, LECHE desnatada en polvo, vitaminas [vitamina B5 (ácido pantoténico) , vitamina B6 (piridoxina), vitamina B2 (riboflavina), vitamina B1 (tiamina), vitamina B9 (ácido fólico)]. PUEDE CONTENER HUEVO, FRUTOS DE CÁSCARA."],"ean":"7622210396587"},{"full_name":"FONTANEDA BELVITA Desayuno Tiernas con chocolate y 5 cereales completos 5 uds estuche 250 g","name":"Desayuno Tiernas con chocolate y 5 cereales completos 5 uds estuche 250 g","brand":"FONTANEDA BELVITA ","img":"https://sgfm.elcorteingles.es/SGFM/dctm/MEDIA02/CONTENIDOS/201511/05/00200213801582____2__600x600.jpg","price":"2,55 €","price_unit":"(10,20 € / Kilo)","categories":["Supermercado","Desayunos Dulces y pan","Desayunos, dulces y pan","Galletas","Galletas con chocolate","FONTANEDA BELVITA Desayuno Tiernas con chocolate y 5 cereales completos 5 uds estuche 250 g"],"general_information":["Denominación del alimento: Galleta de cereales con gotas de chocolate enriquecida con hierro, magnesio, vitaminas B6 y B9.","País de origen: República Checa","Nombre del operador: Mondelez España Commercial, S.L.","Dirección del operador: C/Eucalipto, 25  - 28016 Madrid,  España","Cantidad Neta: 250 g"],"ingredients":[" Ingredientes: Cereales 40,5% [ harina de TRIGO 21,4%, cereales integrales 16% (sémola integral de trigo sarraceno 12,2%, harina integral de CEBADA 1%, harina integral de ESPELTA 1%, copos de AVENA 1%, harina integral de TRIGO 0,8%), harina de arroz 2,9%, harina de TRIGO malteada 0,2%], azúcar, gotas de chocolate 11,2% [pasta de cacao, azúcar, emulgente (lecitina de SOJA)], aceite de nabina, almidón modificado, isomaltulosa****, humectante (glicerina), inulina, agente de carga (maltitol), emulgentes (lecitina de SOJA, E472b, E475), gluten de TRIGO, aromas, jarabe de glucosa, sal, gasificante (carbonato ácido de sodio), LECHE desnatada en polvo, minerales (óxido de magnesio, hierro elemental), dextrosa, vitaminas [vitamina B6 (piridoxina), vitamina B9 (ácido fólico)]. **** La isomaltulosa es una fuente de glucosa y fructosa."],"ean":"7622210487889"},{"full_name":"CUETARA MARIA ORO Chocolate galleta de masa con chocolate puro paquete 795 g","name":"Chocolate galleta de masa con chocolate puro paquete 795 g","brand":"CUETARA MARIA ORO ","img":"https://sgfm.elcorteingles.es/SGFM/dctm/MEDIA03/201705/05/00120608201883____1__600x600.jpg","price":"2,89 €","price_unit":"(3,64 € / Kilo)","categories":["Supermercado","Desayunos Dulces y pan","Desayunos, dulces y pan","Galletas","Galletas con chocolate","CUETARA MARIA ORO Chocolate galleta de masa con chocolate puro paquete 795 g"],"general_information":["Denominación del alimento: Galletas con cacaoBolachas com cacauBiscuits with cocoaBiscuits au cacao","País de origen: España","Nombre del operador: Cuétara S.L.U.","Dirección del operador: Avda. Hermanos Gómez Cuétara núm. 1","Cantidad Neta: 795 g"],"ingredients":[" Harina de trigo 58%, azúcar, aceites vegetales (girasol alto oleico y palma), cacao desgrasado en polvo 6,5%, leche desnatada en polvo 3,7% (equivalente a 31% de leche desnatada reconstituida), leche desnatada en polvo, chocolate con leche en polvo 0,5%, sal, gasificantes (carbonatos de sodio, de amonio y de calcio), emulgentes: lecitina (contiene trigo) y E 472e, aromas (contiene cebada). Puede contener soja, sulfitos/sulfito, huevos."],"conservation":" Mantener en lugar fresco y seco. Preservar de los rayos solaresManter em lugar fresco e seco. Preservar dos raios solaresKeep in a cool and dry place. Protect from direct sunlightA conserver dans un lieu frais et sec. Protéger du rayonnement solaire","ean":"8434165479807"},{"full_name":"CHIPS AHOY galletas con pepitas de chocolate envase ahorro caja 400 g","name":"galletas con pepitas de chocolate envase ahorro caja 400 g","brand":"CHIPS AHOY ","img":"https://sgfm.elcorteingles.es/SGFM/03/29/3/0120627503293/0120627503293000g01011.jpg","price":"3,17 €","price_unit":"(7,92 € / Kilo)","categories":["Supermercado","Desayunos Dulces y pan","Desayunos, dulces y pan","Galletas","Galletas con chocolate","CHIPS AHOY galletas con pepitas de chocolate envase ahorro caja 400 g"],"general_information":["Denominación del alimento: Galleta con gotas de chocolate (25,6%).","País de origen: España","Nombre del operador: Mondelez España Commercial, S.L.","Dirección del operador: C/Eucalipto, 25  - 28016 Madrid,  España","Cantidad Neta: 400 g"],"ingredients":[" Ingredientes: harina de TRIGO, azúcar, grasa de palma, pasta de cacao, manteca de cacao, gasificantes (bicarbonato de amonio, bicarbonato de sodio, fosfato monocálcico), dextrosa, jarabe de glucosa y fructosa, sal, suero de LECHE en polvo, emulgentes (lecitina de SOJA, lecitina de girasol), aroma."],"ean":"8410000825299"},{"full_name":"CHIPS AHOY Extra galletas con pepitas XL de chocolate estuche 184 g","name":"Extra galletas con pepitas XL de chocolate estuche 184 g","brand":"CHIPS AHOY ","img":"https://sgfm.elcorteingles.es/SGFM/dctm/MEDIA03/201604/01/00120627503137____1__600x600.jpg","price":"2,05 €","price_unit":"(11,14 € / Kilo)","categories":["Supermercado","Desayunos Dulces y pan","Desayunos, dulces y pan","Galletas","Galletas con chocolate","CHIPS AHOY Extra galletas con pepitas XL de chocolate estuche 184 g"],"general_information":["Denominación del alimento: GALLETAS CON TROZOS DE CHOCOLATE (37,3%).","País de origen: España","Nombre del operador: Mondelez España Commercial, S.L.","Dirección del operador: C/Eucalipto, 25  - 28016 Madrid,  España","Cantidad Neta: 184 g"],"ingredients":[" Ingredientes: Azúcar, harina de TRIGO, grasa de palma, pasta de cacao, manteca de cacao, gasificantes (carbonato ácido de amonio, carbonato ácido de sodio, difosfato disódico), sal, emulgentes (lecitina de SOJA, lecitina de girassol), aromas, colorante (E160a(i)). PUEDE CONTENER HUEVO, LECHE, FRUTOS DE CÁSCARA."],"ean":"8410000000030"},{"full_name":"CHIPS AHOY Extra galletas de chocolate con pepitas de chocolate paquete 182 g","name":"Extra galletas de chocolate con pepitas de chocolate paquete 182 g","brand":"CHIPS AHOY ","img":"https://sgfm.elcorteingles.es/SGFM/dctm/MEDIA03/201604/11/00120627504192____1__600x600.jpg","price":"2,31 €","price_unit":"(12,69 € / Kilo)","categories":["Supermercado","Desayunos Dulces y pan","Desayunos, dulces y pan","Galletas","Galletas con chocolate","CHIPS AHOY Extra galletas de chocolate con pepitas de chocolate paquete 182 g"],"general_information":["Denominación del alimento: Galletas de cacao con trozos de chocolate (20,2%).","País de origen: Polonia","Nombre del operador: Mondelez España Commercial, S.L.","Dirección del operador: C/Eucalipto, 25  - 28016 Madrid,  España","Cantidad Neta: 182 g"],"ingredients":[" Ingredientes: Harina de TRIGO 21,1%, trozos de chocolate 20,2% [azúcar, pasta de cacao, manteca de cacao, dextrosa, emulgente (lecitina de SOJA)], azúcar, HUEVO, jarabe de glucosa, grasa de palma, cacao en polvo 4,9%, grasa de LECHE, estabilizante (glicerol), manteca de cacao, suero de LECHE en polvo, almidón modificado, almidón de patata, gasificantes (carbonato ácido de amonio, difosfato disódico, carbonato ácido de sodio), sal, LECHE desnatada en polvo, aromas, fibra de SOJA. PUEDE CONTENER FRUTOS DE CÁSCARA.."],"ean":"7622210604873"},{"full_name":"CHIPS AHOY Extra Tiernas galletas con pepitas de chocolate caja 182 g","name":"Extra Tiernas galletas con pepitas de chocolate caja 182 g","brand":"CHIPS AHOY ","img":"https://sgfm.elcorteingles.es/SGFM/dctm/MEDIA03/201604/01/00120627503913____2__600x600.jpg","price":"2,01 €","price_unit":"(11,04 € / Kilo)","categories":["Supermercado","Desayunos Dulces y pan","Desayunos, dulces y pan","Galletas","Galletas con chocolate","CHIPS AHOY Extra Tiernas galletas con pepitas de chocolate caja 182 g"],"general_information":["Denominación del alimento: Galletas con gotas de chocolate (19,5 %).","País de origen: Polonia","Nombre del operador: Mondelez España Commercial, S.L.","Dirección del operador: C/Eucalipto, 25  - 28016 Madrid,  España","Cantidad Neta: 182 g"],"ingredients":[" Ingredientes : Azúcar, harina de TRIGO, grasa de LECHE anhidra, HUEVOS, jarabe de glucosa-fructosa, manteca de cacao, pasta de cacao, grasa de palma, estabilizante (glicerina), suero de LECHE en polvo, fibra de SOJA en polvo, almidón modificado de maíz, almidón de patata, sal, gasificantes (carbonato ácido de sodio, difosfato disódico, carbonato ácido de amonio), emulgente (lecitina de SOJA), aroma, LECHE desnatada en polvo, colorante (beta-caroteno), dextrosa. PUEDE CONTENER FRUTOS DE CÁSCARA."],"ean":"7622210402028"},{"full_name":"CHIPS AHOY mini galletas con pepitas de chocolate caja 160 g","name":"mini galletas con pepitas de chocolate caja 160 g","brand":"CHIPS AHOY ","img":"https://sgfm.elcorteingles.es/SGFM/dctm/MEDIA03/201606/22/00120627500471____5__600x600.jpg","price":"1,50 €            ","price_unit":"(9,31 € / Kilo)","categories":["Supermercado","Desayunos Dulces y pan","Desayunos, dulces y pan","Galletas","Galletas con chocolate","CHIPS AHOY mini galletas con pepitas de chocolate caja 160 g"],"general_information":["Denominación del alimento: Galleta con gotas de chocolate (25,6%).","País de origen: España","Nombre del operador: Mondelez España Commercial, S.L.","Dirección del operador: C/Eucalipto, 25  - 28016 Madrid,  España","Cantidad Neta: 160 g"],"ingredients":[" Ingredientes: Harina de TRIGO, azúcar, grasa de palma, pasta de cacao, manteca de cacao, gasificantes (bicarbonato de sodio, bicarbonato de amonio), dextrosa, jarabe de glucosa y fructosa, sal, suero de LECHE en polvo, emulgentes (lecitina de SOJA, lecitina de girasol), aroma"],"ean":"8410000802771"},{"full_name":"CHIPS AHOY galletas con pepitas de chocolate paquete 128 g","name":"galletas con pepitas de chocolate paquete 128 g","brand":"CHIPS AHOY ","img":"https://sgfm.elcorteingles.es/SGFM//00/50/5/0120627500505/0120627500505000g01011.jpg","price":"1,30 €","price_unit":"(10,16 € / Kilo)","categories":["Supermercado","Desayunos Dulces y pan","Desayunos, dulces y pan","Galletas","Galletas con chocolate","CHIPS AHOY galletas con pepitas de chocolate paquete 128 g"],"general_information":["Denominación del alimento: Galleta con gotas de chocolate (25,6%).","País de origen: España","Nombre del operador: Mondelez España Commercial, S.L.","Dirección del operador: C/Eucalipto, 25  - 28016 Madrid,  España","Cantidad Neta: 128 g"],"ingredients":[" Ingredientes: Harina de TRIGO, azúcar, grasa de palma, pasta de cacao, manteca de cacao, gasificantes (carbonato ácido de amonio, carbonato ácido de sodio, fosfato monocálcico), dextrosa, jarabe de glucosa y fructosa, sal, suero de LECHE en polvo, emulgentes (lecitina de SOJA, lecitina de girasol), aroma."],"ean":"8410000002904"},{"full_name":"LU YAYITAS galletas de desayuno con chocolate y 5 cereales paquete 600 g","name":"galletas de desayuno con chocolate y 5 cereales paquete 600 g","brand":"LU YAYITAS ","img":"https://sgfm.elcorteingles.es/SGFM/dctm/MEDIA03/201604/25/00120627500711____3__600x600.jpg","price":"2,79 €","price_unit":"(4,65 € / Kilo)","categories":["Supermercado","Desayunos Dulces y pan","Desayunos, dulces y pan","Galletas","Galletas con chocolate","LU YAYITAS galletas de desayuno con chocolate y 5 cereales paquete 600 g"],"general_information":["Denominación del alimento: GALLETAS DE CEREALES CON CHOCOLATE (15,5%) Y VITAMINAS.","País de origen: España","Nombre del operador: Mondelez España Commercial, S.L.","Dirección del operador: C/Eucalipto, 25  - 28016 Madrid,  España","Cantidad Neta: 600 g"],"ingredients":[" Ingredientes: Cereales 60,5% (harina de TRIGO 56,3%, harina de CEBADA 1,21%, harina de AVENA 0,91%, harina de arroz 0,91%, harina de CENTENO 0,61%, germen de TRIGO 0,61%), gotas de chocolate 15,5% [azúcar, pasta de cacao, manteca de cacao, emulgente (lecitina de SOJA), aroma (vainillina)], grasa de palma, azúcar, jarabe de glucosa, gasificantes (carbonato ácido de amonio, carbonato ácido de sodio), sal, LECHE desnatada en polvo, aromas, vitaminas [B3 (niacina), B5 (ácido pantoténico), B6 (piridoxina), B1 (tiamina), B2 (riboflavina), B9 (ácido fólico), B12 (cobalamina)], hierro elemental. PUEDE CONTENER HUEVO."],"ean":"8410180206482"},{"full_name":"LU PETIT ECOLIER galleta con chocolate caja 150 g","name":"galleta con chocolate caja 150 g","brand":"LU PETIT ECOLIER ","img":"https://sgfm.elcorteingles.es/SGFM/dctm/MEDIA02/CONTENIDOS/201406/26/00200227500485____1__600x600.jpg","price":"1,85 €","price_unit":"(12,33 € / Kilo)","categories":["Supermercado","Desayunos Dulces y pan","Desayunos, dulces y pan","Galletas","Galletas con chocolate","LU PETIT ECOLIER galleta con chocolate caja 150 g"],"general_information":["Denominación del alimento: Galleta con tableta de chocolate negro.","País de origen: Francia","Nombre del operador: Mondelez España Commercial, S.L.","Dirección del operador: C/Eucalipto, 25  - 28016 Madrid,  España","Cantidad Neta: 150 g"],"ingredients":[" Ingredientes : GALLETA 52%: Harina de TRIGO 68%, azúcar, MANTEQUILLA concentrada 14%, LECHE desnatada en polvo, gasificantes (carbonato ácido de sodio, difosfato disódico, carbonato ácido de amonio), sal, corrector de acidez (ácido cítrico).CHOCOLATE NEGRO 48%: Pasta y manteca de cacao, azúcar, MANTEQUILLA concentrada, LECHE desnatada en polvo, lactosa (de LECHE), emulgente (lecitina de SOJA), aroma de vainilla.(Cacao: 48% mínimo, en el chocolate) PUEDE CONTENER FRUTOS DE CÁSCARA."],"ean":"5410041010800"},{"full_name":"LU MIKADO palitos de galleta cubiertos de chocolate con leche pack ahorro 4 envases de 75 g estuche 300 g","name":"palitos de galleta cubiertos de chocolate con leche pack ahorro 4 envases de 75 g estuche 300 g","brand":"LU MIKADO ","img":"https://sgfm.elcorteingles.es/SGFM/dctm/MEDIA03/201605/10/00120627503129____1__600x600.jpg","price":"5,75 €","price_unit":"(19,17 € / Kilo)","categories":["Supermercado","Desayunos Dulces y pan","Desayunos, dulces y pan","Galletas","Galletas con chocolate","LU MIKADO palitos de galleta cubiertos de chocolate con leche pack ahorro 4 envases de 75 g estuche 300 g"],"general_information":[],"ingredients":[],"ean":"7622210650115"},{"full_name":"LU MIKADO palitos de galleta recubiertos de chocolate con leche paquete 75 g","name":"palitos de galleta recubiertos de chocolate con leche paquete 75 g","brand":"LU MIKADO ","img":"https://sgfm.elcorteingles.es/SGFM/dctm/MEDIA03/201612/15/00120627501107____6__600x600.jpg","price":"1,49 €","price_unit":"(19,87 € / Kilo)","categories":["Supermercado","Desayunos Dulces y pan","Desayunos, dulces y pan","Galletas","Galletas con chocolate","LU MIKADO palitos de galleta recubiertos de chocolate con leche paquete 75 g"],"general_information":["Denominación del alimento: Galletas cubiertas de chocolate con leche (49%).","País de origen: Francia","Nombre del operador: Mondelez España Commercial, S.L.","Dirección del operador: C/Eucalipto, 25  - 28016 Madrid,  España","Cantidad Neta: 75 g"],"ingredients":[" Ingredientes: Harina de TRIGO, azúcar, manteca de cacao, pasta de cacao, LECHE desnatada en polvo, grasas vegetales (palma, coco), jarabe de glucosa, grasa de LECHE, suero de LECHE en polvo, sal, emulgente (lecitina de SOJA), gasificante (E503), levadura, aromas. PUEDE CONTENER FRUTOS DE CÁSCARA."],"ean":"3017760363396"},{"full_name":"LU MIKADO palitos de galleta recubiertos de chocolate negro caja 75 g","name":"palitos de galleta recubiertos de chocolate negro caja 75 g","brand":"LU MIKADO ","img":"https://sgfm.elcorteingles.es/SGFM/dctm/MEDIA03/201611/23/00120627500604____1__600x600.jpg","price":"1,49 €","price_unit":"(19,87 € / Kilo)","categories":["Supermercado","Desayunos Dulces y pan","Desayunos, dulces y pan","Galletas","Galletas con chocolate","LU MIKADO palitos de galleta recubiertos de chocolate negro caja 75 g"],"general_information":["Denominación del alimento: GALLETAS CUBIERTAS DE CHOCOLATE (49%).","País de origen: Francia","Nombre del operador: Mondelez España Commercial, S.L.","Dirección del operador: C/Eucalipto, 25  - 28016 Madrid,  España","Cantidad Neta: 75 g"],"ingredients":[" Ingredientes: Harina de TRIGO, azúcar, pasta de cacao, grasas vegetales (palma, coco), manteca de cacao, suero de LECHE en polvo, grasa de LECHE, sal, emulgentes (lecitina de SOJA, E476), gasificante (E503), levadura, aroma. PUEDE CONTENER FRUTOS DE CÁSCARA."],"ean":"3017760002707"},{"full_name":"LU MIKADO King palitos de galleta recubiertos de chocolate paquete 51 g","name":"King palitos de galleta recubiertos de chocolate paquete 51 g","brand":"LU MIKADO ","img":"https://sgfm.elcorteingles.es/SGFM/dctm/MEDIA03/201612/15/00120627503574____2__600x600.jpg","price":"1,54 €","price_unit":"(30,20 € / Kilo)","categories":["Supermercado","Desayunos Dulces y pan","Desayunos, dulces y pan","Galletas","Galletas con chocolate","LU MIKADO King palitos de galleta recubiertos de chocolate paquete 51 g"],"general_information":["Denominación del alimento: GALLETAS CUBIERTAS DE UNA CAPA CON CHOCOLATE (47,7%) Y RECUBIERTAS CON ESPIRAL DE CHOCOLATE NEGRO (21,6%).","País de origen: Francia","Nombre del operador: Mondelez España Commercial, S.L.","Dirección del operador: C/Eucalipto, 25  - 28016 Madrid,  España","Cantidad Neta: 51 g"],"ingredients":[" Ingredientes: Azúcar, pasta de cacao, harina de TRIGO, grasas vegetales (palma, shea, coco), manteca de cacao, suero de LECHE en polvo, grasa de LECHE, emulgentes (lecitina de SOJA, E476, lecitina de girasol), sal, aromas, gasificantes (E503), levadura. PUEDE CONTENER FRUTOS DE CÁSCARA."],"ean":"7622300742669"},{"full_name":"LU MIKADO King palitos de galleta recubiertos de chocolate negro paquete 51 g","name":"King palitos de galleta recubiertos de chocolate negro paquete 51 g","brand":"LU MIKADO ","img":"https://sgfm.elcorteingles.es/SGFM/dctm/MEDIA03/201604/11/00120627504184____1__600x600.jpg","price":"1,69 €","price_unit":"(33,14 € / Kilo)","categories":["Supermercado","Desayunos Dulces y pan","Desayunos, dulces y pan","Galletas","Galletas con chocolate","LU MIKADO King palitos de galleta recubiertos de chocolate negro paquete 51 g"],"general_information":["Denominación del alimento: Galletas cubiertas con chocolate (72,7%).","País de origen: Francia","Nombre del operador: Mondelez España Commercial, S.L.","Dirección del operador: C/Eucalipto, 25  - 28016 Madrid,  España","Cantidad Neta: 51 g"],"ingredients":[" Ingredientes: Azúcar, pasta de cacao, harina de TRIGO, grasas vegetales (palma, shea, coco), manteca de cacao, suero de LECHE en polvo, grasa de LECHE, emulgentes (lecitina de SOJA, E476, lecitina de girasol), sal, gasificante (E503), aroma, levadura. PUEDE CONTENER FRUTOS DE CÁSCARA."],"ean":"7622210989703"},{"full_name":"ARTIACH Dinosaurus galletas con chocolate con leche estuche 340 g","name":"Dinosaurus galletas con chocolate con leche estuche 340 g","brand":"ARTIACH ","img":"https://sgfm.elcorteingles.es/SGFM/dctm/MEDIA03/201707/04/00120627503996____2__600x600.jpg","price":"2,29 €","price_unit":"(6,74 € / Kilo)","categories":["Supermercado","Desayunos Dulces y pan","Desayunos, dulces y pan","Galletas","Galletas con chocolate","ARTIACH Dinosaurus galletas con chocolate con leche estuche 340 g"],"general_information":["Denominación del alimento: (ES) GALLETA DE CEREALES CON CHOCOLATE CON LECHE Y VITAMINAS(PT) BOLACHA DE CEREAIS COM CHOCOLATE COM LEITE E VITAMINAS(EN) MILK CHOCOLATE AND VITAMINS CEREAL BISCUITS(FR) BISCUIT DE CEREALS AVEC CHOCOLAT AU LAIT ET VITAMINES","País de origen: España","Nombre del operador: Galletas Artiach S.A.U.","Dirección del operador: Barrio Bengoetxea núm. 20 48410-Orozko","Cantidad Neta: 340 g"],"ingredients":[" Cereales 51% (harina de trigo, harina de centeno, almidón de trigo, salvado de trigo), chocolate con leche 25% (azúcar, manteca de cacao, pasta de cacao, leche desnatada en polvo, lactosa, grasa láctea, emulgente: lecitina de girasol, aroma), azúcar, aceite de girasol alto oleico 13%, sal, suero de leche en polvo, gasificantes (bicarbonatos amónico y sódico), leche desnatada en polvo, jarabe de glucosa y fructosa, antioxidantes (E 304, E 306), aroma, vitaminas (tiamina, riboflavina, niacina, ácido pantoténico, vitamina B6, ácido fólico, vitamina B12), vitaminas (contiene trigo): tiamina, riboflavina, niacina, ácido pantoténico, vitamina B6, ácido fólico, vitamina B12. Puede contener soja, huevos."],"conservation":" Conservar en lugar fresco y secoConservar em local fresco e secoKeep in a cool and dry placeÀ conserver dans un endroit frais et sec","ean":"8436048430875"},{"full_name":"ARTIACH Dinosaurus galletas a cucharadas de cacao caja 350 g","name":"Dinosaurus galletas a cucharadas de cacao caja 350 g","brand":"ARTIACH ","img":"https://sgfm.elcorteingles.es/SGFM/dctm/MEDIA03/201707/04/00120627504085____7__600x600.jpg","price":"2,09 €","price_unit":"(5,97 € / Kilo)","categories":["Supermercado","Desayunos Dulces y pan","Desayunos, dulces y pan","Galletas","Galletas con chocolate","ARTIACH Dinosaurus galletas a cucharadas de cacao caja 350 g"],"general_information":["Denominación del alimento: (ES) GALLETAS DE CEREALES CON CACAO Y VITAMINAS(PT) BOLACHAS DE CEREAIS COM CACAO E VITAMINAS","País de origen: España","Nombre del operador: Galletas Artiach S.A.U.","Dirección del operador: Barrio Bengoetxea núm. 20 48410-Orozko","Cantidad Neta: 350 g"],"ingredients":[" Cereales 54% (harina de trigo, harina de centeno, almidón de trigo), azúcar, aceite de girasol alto oleico 17%, chips de cereales con cacao 6,3% (arroz, azúcar, gluten de trigo, cacao en polvo, aceite de girasol, harina de trigo malteado, sal), cacao desgrasado en polvo 4,4%, jarabe de glucosa y fructosa, gasificantes (carbonatos de sodio y de amonio), sal, aromas, antioxidantes (E 304, E 306), vitaminas (contiene trigo): tiamina, riboflavina, niacina, ácido pantoténico, vitamina B6, ácido fólico, vitaminaB12, sal mineral (carbonato de calcio). Puede contener leche, soja, sulfitos/sulfito, huevos."],"conservation":" Conservar en lugar fresco y secoConservar em local fresco e seco","ean":"8436048437331"},{"full_name":"ARTIACH Dinosaurus Huevos galletas con chocolate paquete 140 g","name":"Dinosaurus Huevos galletas con chocolate paquete 140 g","brand":"ARTIACH ","img":"https://sgfm.elcorteingles.es/SGFM/dctm/MEDIA03/201707/04/00120627503897____2__600x600.jpg","price":"1,22 €","price_unit":"(8,71 € / Kilo)","categories":["Supermercado","Desayunos Dulces y pan","Desayunos, dulces y pan","Galletas","Galletas con chocolate","ARTIACH Dinosaurus Huevos galletas con chocolate paquete 140 g"],"general_information":["Denominación del alimento: (ES) GALLETAS DE CEREALES CON CHOCOLATE(PT) BOLACHAS DE CEREAIS COM CHOCOLATE(EN) CEREALS? BISCUITS WITH CHOCOLATE(FR) BISCUITS DE CEREALES AVEC CHOCOLAT","País de origen: España","Nombre del operador: Galletas Artiach S.A.U.","Dirección del operador: Barrio Bengoetxea núm. 20 48410-Orozko","Cantidad Neta: 140 g"],"ingredients":[" Cereales 56% (harina de trigo, harina de centeno, almidón de trigo, salvado de trigo), chocolate 17% (azúcar, pasta de cacao, manteca de cacao, emulgente: lecitina), azúcar, aceite de girasol alto oleico 15%, sal, suero lácteo en polvo, gasificantes (bicarbonatos amónico y sódico), aroma. Puede contener soja, huevos."],"conservation":" Conservar en lugar fresco y secoConservar em local fresco e secoKeep in a cool and dry placeÀ conserver dans un endroit frais et sec","ean":"8436048431735"},{"full_name":"ARTIACH Dinosaurus galletas con chocolate blanco estuche 360 g","name":"Dinosaurus galletas con chocolate blanco estuche 360 g","brand":"ARTIACH ","img":"https://sgfm.elcorteingles.es/SGFM/dctm/MEDIA03/201707/04/00120627504002____7__600x600.jpg","price":"2,40 €","price_unit":"(6,67 € / Kilo)","categories":["Supermercado","Desayunos Dulces y pan","Desayunos, dulces y pan","Galletas","Galletas con chocolate","ARTIACH Dinosaurus galletas con chocolate blanco estuche 360 g"],"general_information":[],"ingredients":[],"ean":"8436048467109"},{"full_name":"MILKA Choco Brownie galletas de chocolate 6 pack paquete 150 g","name":"Choco Brownie galletas de chocolate 6 pack paquete 150 g","brand":"MILKA ","img":"https://sgfm.elcorteingles.es/SGFM/dctm/MEDIA03/201612/28/00120627504382____1__600x600.jpg","price":"2,08 €","price_unit":"(13,87 € / Kilo)","categories":["Supermercado","Desayunos Dulces y pan","Desayunos, dulces y pan","Galletas","Galletas con chocolate","MILKA Choco Brownie galletas de chocolate 6 pack paquete 150 g"],"general_information":["Denominación del alimento: Bizcocho con chocolate (9,6%), chocolate con leche de los Alpes (5,5%), chocolate con leche (2,3%) y trozos de chocolate con leche de los Alpes (6,4%).","País de origen: Bélgica","Nombre del operador: Mondelez España Commercial, S.L.","Dirección del operador: C/Eucalipto, 25  - 28016 Madrid,  España","Cantidad Neta: 150 g"],"ingredients":[" Ingredientes: Azúcar, HUEVO, grasa de palma, harina de TRIGO, pasta de cacao, aceite de nabina, jarabe de glucosa, manteca de cacao, dextrosa, humectante (glicerol), jarabe de azúcar invertido, LECHE en polvo, emulgentes (E 492, lecitina de SOJA, E 476, E 473), suero de LECHE en polvo, LECHE desnatada en polvo, LECHE desnatada condensada, cacao magro, grasa de LECHE, aromas, conservador (sorbato potásico), sal, almidón modificado, correctores de acidez (ácido cítrico, ácido tartárico), gelificante (alginato de sodio), gasificantes (difosfato disódico, carbonato ácido de sodio). PUEDE CONTENER GRANOS DE SÉSAMO Y FRUTOS DE CÁSCARA."],"ean":"7622210669315"},{"full_name":"MILKA Cookies Sensations con corazón de chocolate paquete 156 g","name":"Cookies Sensations con corazón de chocolate paquete 156 g","brand":"MILKA ","img":"https://sgfm.elcorteingles.es/SGFM/dctm/MEDIA03/201604/01/00120627504101____2__600x600.jpg","price":"1,93 €","price_unit":"(12,37 € / Kilo)","categories":["Supermercado","Desayunos Dulces y pan","Desayunos, dulces y pan","Galletas","Galletas con chocolate","MILKA Cookies Sensations con corazón de chocolate paquete 156 g"],"general_information":["Denominación del alimento: Galletas con gotas de chocolate con leche de los Alpes (15,4 %) y un relleno (26 %) con chocolate con leche (4,5 %) .","País de origen: Polonia","Nombre del operador: Mondelez España Commercial, S.L.","Dirección del operador: C/Eucalipto, 25  - 28016 Madrid,  España","Cantidad Neta: 156 g"],"ingredients":[" Ingredientes: Azúcar, harina de TRIGO, grasa de LECHE anhidra, aceite de girasol alto oleico, aceite de nabina, pasta de cacao, LECHE en polvo, manteca de cacao, almidón de TRIGO, almidón modificado, lactosa (de LECHE), gasificantes (carbonato ácido de amonio, carbonato ácido de sodio, difosfato disódico), suero de LECHE en polvo, cacao desgrasado en polvo, emulgente (lecitina de SOJA), sal, aromas, LECHE desnatada en polvo, colorante (beta-caroteno), fibra de SOJA en polvo. PUEDE CONTENER HUEVO, FRUTOS DE CÁSCARA."],"ean":"7622210419972"},{"full_name":"MILKA Chocobiscuits galletas con chocolate 6 paquetes individuales de 2 unidades caja 150 g","name":"Chocobiscuits galletas con chocolate 6 paquetes individuales de 2 unidades caja 150 g","brand":"MILKA ","img":"https://sgfm.elcorteingles.es/SGFM/dctm/MEDIA03/201604/01/00120627500901____4__600x600.jpg","price":"1,85 €","price_unit":"(12,33 € / Kilo)","categories":["Supermercado","Desayunos Dulces y pan","Desayunos, dulces y pan","Galletas","Galletas con chocolate","MILKA Chocobiscuits galletas con chocolate 6 paquetes individuales de 2 unidades caja 150 g"],"general_information":["Denominación del alimento: Galletas con chocolate con leche (48 %).","País de origen: Austria","Nombre del operador: Mondelez España Commercial, S.L.","Dirección del operador: C/Eucalipto, 25  - 28016 Madrid,  España","Cantidad Neta: 150 g"],"ingredients":[" Ingredientes: Harina de TRIGO, azúcar, manteca de cacao, grasa de palma, LECHE desnatada en polvo, suero de LECHE en polvo, pasta de cacao, grasa de LECHE, gasificantes (E 503, E 500, E 450), emulgentes (lecitina de SOJA, E 476), sal, aroma, corrector de acidez (ácido cítrico)."],"ean":"7622300270469"},{"full_name":"MILKA barritas de galleta rellenas de chocolate 6 unidades estuche 156 g","name":"barritas de galleta rellenas de chocolate 6 unidades estuche 156 g","brand":"MILKA ","img":"https://sgfm.elcorteingles.es/SGFM/dctm/MEDIA03/201711/20/00120610002618____1__600x600.jpg","price":"1,99 €","price_unit":"(12,76 € / Kilo)","categories":["Supermercado","Desayunos Dulces y pan","Desayunos, dulces y pan","Galletas","Galletas con chocolate","MILKA barritas de galleta rellenas de chocolate 6 unidades estuche 156 g"],"general_information":["Denominación del alimento: Barrita rellena (38 %) de chocolate con leche (6,6%) y  parcialmente cubierta con chocolate con leche de los Alpes (12 %).","País de origen: Francia","Nombre del operador: Mondelez España Commercial, S.L.","Dirección del operador: C/Eucalipto, 25  - 28016 Madrid,  España","Cantidad Neta: 0.156 Kilogramos"],"ingredients":[" Ingredientes: Azúcar, harina de TRIGO, aceite de nabina, grasa de LECHE anhidra, grasa de palma, pasta de cacao, manteca de cacao, almidón modificado, lactosa (de LECHE), LECHE en polvo, suero de LECHE en polvo, LECHE desnatada en polvo, cacao magro en polvo, emulgentes (lecitina de SOJA, E 476), HUEVO deshidratado, sal, gasificantes (difosfato disódico, carbonato ácido de sodio, carbonato ácido de amonio), aromas (contienen LECHE). PUEDE CONTENER SÉSAMO."],"ean":"7622210720283"},{"full_name":"MILKA Choco Trío galletas con chocolate estuche 5 unidades","name":"Choco Trío galletas con chocolate estuche 5 unidades","brand":"MILKA ","img":"https://sgfm.elcorteingles.es/SGFM/dctm/MEDIA03/201611/25/00120627503558____2__600x600.jpg","price":"2,02 €","price_unit":"(13,47 € / Kilo)","categories":["Supermercado","Desayunos Dulces y pan","Desayunos, dulces y pan","Galletas","Galletas con chocolate","MILKA Choco Trío galletas con chocolate estuche 5 unidades"],"general_information":["Denominación del alimento: Bizcocho con relleno (10%) con cacao y recubierto con chocolate con leche (30%).","País de origen: Francia","Nombre del operador: Mondelez España Commercial, S.L.","Dirección del operador: C/Eucalipto, 25  - 28016 Madrid,  España","Cantidad Neta: 150 g"],"ingredients":[" Ingredientes: Azúcar, harina de TRIGO, grasa de palma, jarabe de glucosa y fructosa, manteca de cacao, LECHE desnatada en polvo, HUEVO, estabilizante (glicerina), suero de LECHE en polvo, pasta de cacao, grasa de LECHE, cacao (1,4%), cacao magro en polvo, aromas (contiene alcohol y LECHE), emulgentes (lecitina de SOJA, E476, E471), aceite de nabina, sal, almidón de patata, corrector de acidez (citrato monosódico), gasificante (carbonato ácido de amonio), acidulante (ácido cítrico), colorante (beta-caroteno)."],"ean":"7622210220530"},{"full_name":"FILIPINOS roscos de galleta con chocolate blanco paquete 185 g","name":"roscos de galleta con chocolate blanco paquete 185 g","brand":"FILIPINOS ","img":"https://sgfm.elcorteingles.es/SGFM/dctm/MEDIA02/CONTENIDOS/201504/10/00120627504028____1__600x600.jpg","price":"1,75 €","price_unit":"(9,46 € / Kilo)","categories":["Supermercado","Desayunos Dulces y pan","Desayunos, dulces y pan","Galletas","Galletas con chocolate","FILIPINOS roscos de galleta con chocolate blanco paquete 185 g"],"general_information":["Denominación del alimento: (ES) GALLETA BAÑADA CON CHOCOLATE BLANCO(PT) BOLACHA DE CACAU COBERTA DE CHOCOLATE BRANCO(EN) COCOA BISCUIT COATED WITH WHITE CHOCOLATE(FR) BISCUIT AU CACAO RECOUVERT DE CHOCOLAT BLANC","País de origen: España","Nombre del operador: Galletas Artiach S.A.U.","Dirección del operador: Barrio Bengoechea núm. 20 48410-Orozco","Cantidad Neta: 185 g"],"ingredients":[" Chocolate blanco 45% (azúcar, manteca de cacao, leche desnatada en polvo, lactosa, suero de leche en polvo, grasa láctea, emulgente: lecitina de girasol, aroma), harina de trigo, azúcar, aceite de palma, cacao desgrasado en polvo 3%, jarabe de glucosa y fructosa, gasificantes (bicarbonatos amónico y sódico), sal, suero de leche en polvo, emulgente (lecitina de soja), antioxidantes (E 304, E 306), aroma. Puede contener huevos."],"conservation":" Conservar en lugar fresco y secoConservar em local fresco e secoKeep in a cool and dry placeÀ conserver dans un endroit frais et sec","ean":"8436048386301"},{"full_name":"FILIPINOS roscos de galleta de chocolate con leche paquete 100 g","name":"roscos de galleta de chocolate con leche paquete 100 g","brand":"FILIPINOS ","img":"https://sgfm.elcorteingles.es/SGFM/dctm/MEDIA03/201707/04/00120627504143____2__600x600.jpg","price":"1,00 €","price_unit":"(7,41 € / Kilo)","categories":["Supermercado","Desayunos Dulces y pan","Desayunos, dulces y pan","Galletas","Galletas con chocolate","FILIPINOS roscos de galleta de chocolate con leche paquete 100 g"],"general_information":["Denominación del alimento: (ES) GALLETA BAÑADA CON CHOCOLATE CON LECHE.(PT) BOLACHA COBERTA COM CHOCOLATE DE LEITE.(GB) BISCUIT COVERED IN MILK CHOCOLATE.(FR) BISCUIT RECOUVERT DE CHOCOLAT AU LAIT.","País de origen: España","Nombre del operador: Galletas Artiach S.A.U.","Dirección del operador: Barrio Bengoechea núm. 20 48410-Orozco","Cantidad Neta: 135 g"],"ingredients":[" Harina de trigo, chocolate con leche 40% (azúcar, manteca de cacao, pasta de cacao, leche desnatada en polvo, lactosa, grasa láctea, emulgente: lecitina de girasol, aroma), aceite de palma, azúcar, almidón de trigo, leche en polvo, gasificantes (bicarbonatos amónico y sódico, tartrato de potasio), gasificantes (bicarbonatos amónico y sódico, ácido tartárico), jarabe de glucosa y fructosa, sal, antioxidantes (E 304, E 306), aroma. Puede contener soja, huevos."],"conservation":" Manténgase en lugar fresco y seco.Conservar em local fresco e seco.Keep in a cool and dry place.À conserver dans un endroit frais et sec.","ean":"8436048452167"},{"full_name":"FILIPINOS roscos de galleta con chocolate blanco paquete 100 g","name":"roscos de galleta con chocolate blanco paquete 100 g","brand":"FILIPINOS ","img":"https://sgfm.elcorteingles.es/SGFM/dctm/MEDIA03/201707/04/00120627504127____2__600x600.jpg","price":"1,00 €","price_unit":"(7,41 € / Kilo)","categories":["Supermercado","Desayunos Dulces y pan","Desayunos, dulces y pan","Galletas","Galletas con chocolate","FILIPINOS roscos de galleta con chocolate blanco paquete 100 g"],"general_information":["Denominación del alimento: GALLETA BAÑADA CON CHOCOLATE BLANCO","País de origen: España","Nombre del operador: Galletas Artiach S.A.U.","Dirección del operador: Barrio Bengoechea núm. 20 48410-Orozco","Cantidad Neta: 135 g"],"ingredients":[" Chocolate blanco 45% (azúcar, manteca de cacao, leche desnatada en polvo, lactosa, suero de leche en polvo, grasa láctea, emulgente: lecitina de girasol, aroma), harina de trigo, azúcar, aceite de palma, cacao desgrasado en polvo 3%, jarabe de glucosa y fructosa, gasificantes (bicarbonatos amónico y sódico), sal, suero de leche en polvo, emulgente (lecitina de soja), antioxidantes (E 304, E 306), aroma. Puede contener huevos."],"conservation":" Conservar en lugar fresco y seco","ean":"8436048409796"},{"full_name":"FILIPINOS roscos de galleta con chocolate negro paquete 100 g","name":"roscos de galleta con chocolate negro paquete 100 g","brand":"FILIPINOS ","img":"https://sgfm.elcorteingles.es/SGFM/dctm/MEDIA03/201707/04/00120627504135____2__600x600.jpg","price":"1,00 €","price_unit":"(7,41 € / Kilo)","categories":["Supermercado","Desayunos Dulces y pan","Desayunos, dulces y pan","Galletas","Galletas con chocolate","FILIPINOS roscos de galleta con chocolate negro paquete 100 g"],"general_information":["Denominación del alimento: GALLETA BAÑADA CON CHOCOLATE NEGRO","País de origen: España","Nombre del operador: Galletas Artiach S.A.U.","Dirección del operador: Barrio Bengoetxea núm. 20 48410-Orozko","Cantidad Neta: 135 g"],"ingredients":[" Harina de trigo, chocolate 39% (azúcar, pasta de cacao, manteca de cacao, lactosa, grasa láctea, emulgente: lecitina de girasol, aroma), aceite de palma, azúcar, almidón de trigo, leche en polvo, gasificantes (bicarbonatos sódico y amónico, tartratos de potasio), jarabe de glucosa y fructosa, sal, antioxidantes (E 304, E 306), aromas. Puede contener soja, huevos."],"conservation":" Manténgase en lugar fresco y seco.","ean":"8436048409826"},{"full_name":"CHIQUILIN ositos de galleta de chocolate caja 450 g","name":"ositos de galleta de chocolate caja 450 g","brand":"CHIQUILIN ","img":"https://sgfm.elcorteingles.es/SGFM/dctm/MEDIA03/201707/04/00120608200232____6__600x600.jpg","price":"2,85 €","price_unit":"(6,33 € / Kilo)","categories":["Supermercado","Desayunos Dulces y pan","Desayunos, dulces y pan","Galletas","Galletas con chocolate","CHIQUILIN ositos de galleta de chocolate caja 450 g"],"general_information":["Denominación del alimento: (ES) GALLETAS DE CEREALES SABOR CHOCOLATE(PT) BOLACHAS DE CEREAIS SABOR A CHOCOLATE(EN) CHOCOLATE FLAVOUR CEREAL BISCUITS(FR) BISCUITS AUX CEREALES PARFUM CHOCOLAT","País de origen: España","Nombre del operador: Galletas Artiach S.A.U.","Dirección del operador: Barrio Bengoetxea núm. 20 48410-Orozko","Cantidad Neta: 450 g"],"ingredients":[" Harina de cereales 56% (trigo, arroz, avena, cebada, centeno), azúcar, aceite de girasol alto oleico 14%, cacao desgrasado en polvo 6,8%, miel, gasificantes (bicarbonatos amónico y sódico), salvado de trigo, sal, dextrosa, leche en polvo, aromas (contiene cebada), emulgente (lecitina), antioxidantes (E 304, E 306), vitamina y sales minerales: vitamina D, carbonato de calcio y hierro. Puede contener huevos."],"conservation":" Conservar en lugar fresco y secoConservar em local fresco e secoKeep in a cool and dry placeÀ conserver dans un endroit frais et sec","ean":"8410000803792"},{"full_name":"CHIQUILIN Energy galletas con chocolate a cucharadas paquete 350 g","name":"Energy galletas con chocolate a cucharadas paquete 350 g","brand":"CHIQUILIN ","img":"https://sgfm.elcorteingles.es/SGFM/dctm/MEDIA03/201705/05/00120608201875____1__600x600.jpg","price":"2,39 €","price_unit":"(6,83 € / Kilo)","categories":["Supermercado","Desayunos Dulces y pan","Desayunos, dulces y pan","Galletas","Galletas con chocolate","CHIQUILIN Energy galletas con chocolate a cucharadas paquete 350 g"],"general_information":["Denominación del alimento: (ES) GALLETA CON GOTAS DE CHOCOLATE(PT) BOLACHA COM PEPITAS DE CHOCOLATE(EN) CHOCOLATE CHIPS COOKIES(FR) BISCUIT AUX PEPITES DE CHOCOLAT","País de origen: España","Nombre del operador: Galletas Artiach S.A.U.","Dirección del operador: Barrio Bengoetxea núm. 20 48410-Orozko","Cantidad Neta: 350 g"],"ingredients":[" Harinas de cereales (trigo, avena, centeno, cebada, arroz), harinas de cereales 62% (trigo, avena, centeno, cebada, arroz), azúcar, aceite de girasol alto oleico, chocolate 13% (azúcar, pasta de cacao, manteca de cacao, emulgente: lecitina de soja), jarabe de fructooligosacáridos, gasificantes (fosfato monocálcico, bicarbonatos amónico y sódico), sal, aromas, vitamina y sales minerales: vitamina D, carbonato de calcio y hierro, colorante: E150d (contiene sulfitos). Puede contener leche, huevo."],"conservation":" Conservar en lugar fresco y secoConservar em local fresco e secoKeep in a cool and dry placeÀ conserver dans un endroit frais et sec","ean":"8436048476552"},{"full_name":"CHIQUILIN Energy galletas con chocolate caja 200 g","name":"Energy galletas con chocolate caja 200 g","brand":"CHIQUILIN ","img":"https://sgfm.elcorteingles.es/SGFM/dctm/MEDIA03/201707/04/00120608200273____13__600x600.jpg","price":"1,99 €","price_unit":"(9,95 € / Kilo)","categories":["Supermercado","Desayunos Dulces y pan","Desayunos, dulces y pan","Galletas","Galletas con chocolate","CHIQUILIN Energy galletas con chocolate caja 200 g"],"general_information":["Denominación del alimento: (ES) GALLETA CON GOTAS DE CHOCOLATE(PT) BOLACHA COM PEPITAS DE CHOCOLATE(EN) CHOCOLATE CHIPS COOKIES(FR) BISCUIT AUX PEPITES DE CHOCOLAT","País de origen: España","Nombre del operador: Galletas Artiach S.A.U.","Dirección del operador: Barrio Bengoetxea núm. 20 48410-Orozko","Cantidad Neta: 200 g"],"ingredients":[" Harinas de cereales 53% (trigo, avena, centeno, cebada, arroz), chocolate 20% (azúcar, pasta de cacao, manteca de cacao, emulgente: lecitina de girasol), aceite de palma, azúcar, gasificantes (fosfato monocálcico, bicarbonatos amónico y sódico), sal, huevos en polvo (equivalente a 0,4% de huevos), aromas, antioxidantes (E 304, E 306), vitamina y sales minerales: vitamina D, carbonato de calcio y hierro, colorante: E150d (sulfitos), colorante: E150d (contiene sulfitos). Puede contener leche, soja."],"conservation":" Conservar en lugar fresco y secoConservar em local fresco e secoKeep in a cool and dry placeÀ conserver dans un endroit frais et sec","ean":"8436048413090"},{"full_name":"CHIQUILIN galletas con tableta de 2 chocolates caja 150 g","name":"galletas con tableta de 2 chocolates caja 150 g","brand":"CHIQUILIN ","img":"https://sgfm.elcorteingles.es/SGFM/dctm/MEDIA03/201707/04/00120627500703____1__600x600.jpg","price":"2,47 €            ","price_unit":"(15,67 € / Kilo)","categories":["Supermercado","Desayunos Dulces y pan","Desayunos, dulces y pan","Galletas","Galletas con chocolate","CHIQUILIN galletas con tableta de 2 chocolates caja 150 g"],"general_information":["Denominación del alimento: (ES) GALLETA CON TABLETA DE CHOCOLATE BLANCO Y CON LECHE(PT) BOLACHA COM CHOCOLATE BRANCO E DE LEITE EM BARRA","País de origen: España","Nombre del operador: Galletas Artiach S.A.U.","Dirección del operador: Barrio Bengoechea núm. 20 48410-Orozco","Cantidad Neta: 150 g"],"ingredients":[" Chocolate blanco 36% (azúcar, manteca de cacao, leche en polvo, lactosa, emulgente: lecitina, aroma), harina de trigo, chocolate con leche 12% (azúcar, manteca de cacao, pasta de cacao, leche desnatada en polvo, lactosa, grasa láctea, emulgente: lecitina, aroma), azúcar, aceite de palma, almidón de trigo, coco rallado, suero de leche en polvo, gasificantes  (bicarbonatos amónico y sódico, difosfato disódico), jarabe de glucosa, miel, huevos en polvo, sal, extracto de malta de cebada, aromas. Puede contenerfrutos de cáscara, sésamo."],"conservation":" Conservar en lugar fresco y secoConservar em local fresco e seco","ean":"8410000001389"},{"full_name":"CHIQUILIN Chiquichocs mini galletas con pepitas de chocolate estuche 140 g","name":"Chiquichocs mini galletas con pepitas de chocolate estuche 140 g","brand":"CHIQUILIN ","img":"https://sgfm.elcorteingles.es/SGFM/dctm/MEDIA02/CONTENIDOS/201408/27/00120627502758____2__600x600.jpg","price":"1,29 €","price_unit":"(7,59 € / Kilo)","categories":["Supermercado","Desayunos Dulces y pan","Desayunos, dulces y pan","Galletas","Galletas con chocolate","CHIQUILIN Chiquichocs mini galletas con pepitas de chocolate estuche 140 g"],"general_information":["Denominación del alimento: (ES) GALLETA CON GOTAS DE CHOCOLATE(PT) BOLACHA COM PEPITAS DE CHOCOLATE(EN) CHOCOLATE CHIPS COOKIES(FR) BISCUIT AUX PÉPITES DE CHOCOLAT","País de origen: España","Nombre del operador: Galletas Artiach S.A.U.","Dirección del operador: Barrio Bengoetxea núm. 20 48410-Orozko","Cantidad Neta: 140 g"],"ingredients":[" Harina de trigo 46%, chocolate 26% (azúcar, pasta de cacao, dextrosa, manteca de cacao, emulgente: lecitina de girasol), aceite de palma, azúcar, jarabe de glucosa y fructosa, gasificantes (bicarbonatos sódico y amónico), sal, suero de leche en polvo, aromas, antioxidantes (E 304, E 306), emulgente (lecitina de soja). Puede contener huevos."],"conservation":" Conservar en lugar fresco y secoConservar em local fresco e secoKeep in a cool and dry placeÀ conserver dans un endroit frais et sec","ean":"8436048960563"},{"full_name":"MARBU 0% azúcares mini cookies con pepitas de chocolate estuche 120 g","name":"0% azúcares mini cookies con pepitas de chocolate estuche 120 g","brand":"MARBU ","img":"https://sgfm.elcorteingles.es/SGFM/dctm/MEDIA03/201703/16/00120613801123____1__600x600.jpg","price":"1,59 €","price_unit":"(13,25 € / Kilo)","categories":["Supermercado","Desayunos Dulces y pan","Desayunos, dulces y pan","Galletas","Galletas con chocolate","MARBU 0% azúcares mini cookies con pepitas de chocolate estuche 120 g"],"general_information":["Denominación del alimento: (ES) GALLETA CON CHOCOLATE PARA USOS NUTRICIONALES ESPECÍFICOS, SIN AZÚCARES, CON EDULCORANTES   (PT) BOLACHA COM CHOCOLATE DESTINADA A UMA ALIMENTAÇÃO ESPECIAL, SEM AÇÚCARES, COM EDULCORANTES (EN) BISCUITS WITH CHOCOLATE FOR SPECIAL NUTRITIONAL USES, SUGARS FREE  WITH SWEETENERS(FR) BISCUIT AVEC CHOCOLAT DESTINÉS À UNE ALIMENTATION PARTICULIÈRE, SANS SUCRE AVEC ÉDULCORANTS","País de origen: España","Nombre del operador: Galletas Artiach S.A.U.","Dirección del operador: Barrio Bengoetxea núm. 20 48410-Orozko","Cantidad Neta: 120 g"],"ingredients":[" Harina de trigo, chocolate con edulcorante 20% (pasta de cacao, edulcorante: maltitol, manteca de cacao, cacao desgrasado en polvo, emulgentes: lecitina de girasol, E 476 aroma), Oleoequilibre 18% (aceites vegetales girasol alto oleico y palma), edulcorantes (maltitol, sucralosa), gasificantes (bicarbonatos sódico y amónico), jarabe de fructooligosacáridos, sal, aromas, antioxidantes (E 304, E 306), emulgente (lecitina de soja). Puede contener leche, huevos, almendras, avellanas. Un consumo excesivo puedeproducir efectos laxantes."],"conservation":" Conservar en lugar fresco y secoConservar em local fresco e secoKeep in a cool and dry placeÀ conserver dans un endroit frais et sec","ean":"8436048961256"},{"full_name":"LAMBERTZ Balena galletas con baño de chocolate estuche 125 g","name":"Balena galletas con baño de chocolate estuche 125 g","brand":"LAMBERTZ ","img":"https://sgfm.elcorteingles.es/SGFM/01/93/3/0120627501933/0120627501933000g01011.jpg","price":"1,80 €","price_unit":"(14,40 € / Kilo)","categories":["Supermercado","Desayunos Dulces y pan","Desayunos, dulces y pan","Galletas","Galletas con chocolate","LAMBERTZ Balena galletas con baño de chocolate estuche 125 g"],"general_information":[],"ingredients":[],"ean":"4006894599909"},{"full_name":"VIRGINIAS B-San galletas con chocolate 70% cacao sin azúcares añadidos y sin fructosa paquete 120 g","name":"B-San galletas con chocolate 70% cacao sin azúcares añadidos y sin fructosa paquete 120 g","brand":"VIRGINIAS ","img":"https://sgfm.elcorteingles.es/SGFM/dctm/MEDIA03/201706/14/00120627502600____10__600x600.jpg","price":"1,77 €","price_unit":"(14,75 € / Kilo)","categories":["Supermercado","Desayunos Dulces y pan","Desayunos, dulces y pan","Galletas","Galletas con chocolate","VIRGINIAS B-San galletas con chocolate 70% cacao sin azúcares añadidos y sin fructosa paquete 120 g"],"general_information":["Denominación del alimento: Galleta bañada de chocolate sin azúcares añadidos con edulcorantes. (Cacao  26% mínimo)","Nombre del operador: Industrias Rodríguez, S.A.","Dirección del operador: Paseo Sunyer, nº 8, 43202 Reus (Tarragona)","Cantidad Neta: 120 g","Otras menciones obligatorias en la etiqueta: Contiene azúcares naturalmente presentes. Un consumo excesivo puede producir efectos laxantes."],"ingredients":[" Cobertura de chocolate negro sin azúcares añadidos con edulcorantes (55%): Edulcorante (maltitol),  pasta de cacao, manteca de cacao, mantequilla anhidra, emulgentes (lecitina de soja, E-476), aroma, edulcorante (acesulfamo K). Galleta sin azúcares añadidos con edulcorantes (45%): Harina de trigo, harina integral de trigo (15%), edulcorante (maltitol), aceite de girasol alto oleico, cereal (avena: 3%), edulcorante (jarabe de maltitol), harina de malta de cebada, almidón de patata, gasificantes (carbonatos de sodio y carbonatos de amonio), aroma, emulgente (lecitina de girasol), vitaminas [Acetato de retinilo (vitamina A), Colecalciferol (Vitamina D), Mononitrato de tiamina (Vitamina B1), Riboflavina (Vitamina B2), D-pantotenato cálcico (Ácido pantoténico), Ácido pteroilmonoglutámico (Ácido fólico)], edulcorante (acesulfamo K), conservador (metabisulfito potásico). Puede contener trazas de frutos de cáscara y semillas de sésamo."],"conservation":" Mantener en lugar fresco y seco.","ean":"8410196051380"},{"full_name":"VIRGINIAS B-San galletas con chocolate con leche sin azúcar paquete 120 g","name":"B-San galletas con chocolate con leche sin azúcar paquete 120 g","brand":"VIRGINIAS ","img":"https://sgfm.elcorteingles.es/SGFM/dctm/MEDIA03/201706/14/00120613800414____1__600x600.jpg","price":"1,75 €","price_unit":"(14,58 € / Kilo)","categories":["Supermercado","Desayunos Dulces y pan","Desayunos, dulces y pan","Galletas","Galletas con chocolate","VIRGINIAS B-San galletas con chocolate con leche sin azúcar paquete 120 g"],"general_information":["Denominación del alimento: Galleta bañada de chocolate con leche sin azúcares añadidos. Con edulcorantes (Cacao  17% mínimo)","Nombre del operador: Industrias Rodríguez, S.A.","Dirección del operador: Paseo Sunyer, nº 8, 43202 Reus (Tarragona)","Cantidad Neta: 120 g","Otras menciones obligatorias en la etiqueta: Contiene azúcares naturalmente presentes. Un consumo excesivo puede producir efectos laxantes."],"ingredients":[" COBERTURA DE CHOCOLATE CON LECHE SIN AZÚCARES AÑADIDOS CON EDULCORANTES (50%): Edulcorante (maltitol), leche en polvo, pasta de cacao,  manteca de cacao,  mantequilla anhidra, emulgentes (E-442, E-476), aromas, edulcorante (acesulfamo K). GALLETA SIN AZÚCARES AÑADIDOS CON EDULCORANTES (50%): Harina de trigo, harina integral de trigo (15%), edulcorante (maltitol), aceite de girasol alto oleico, cereal: avena (3%), edulcorante (jarabe de maltitol), harina de malta de cebada, almidón de patata, gasificantes (carbonatos de sodio y carbonatos de amonio), aroma, emulgente (lecitina de girasol), vitaminas [Acetato de retinilo (vitamina A), Colecalciferol (Vitamina D), Mononitrato de tiamina (Vitamina B1), Riboflavina (Vitamina B2), D-pantotenato cálcico (Ácido pantoténico), Ácido pteroilmonoglutámico (Ácido fólico)],  edulcorante (acesulfamo K), conservador (metabisulfito potásico). Puede contener trazas de soja, frutos de cáscara y semillas de sésamo."],"conservation":" Mantener en lugar fresco y seco.","ean":"8410196051731"},{"full_name":"VIRGINIAS B-San galletas con chocolate blanco sin azúcar paquete 120 g","name":"B-San galletas con chocolate blanco sin azúcar paquete 120 g","brand":"VIRGINIAS ","img":"https://sgfm.elcorteingles.es/SGFM/dctm/MEDIA03/201711/30/00120613800547____1__600x600.jpg","price":"1,75 €","price_unit":"(14,58 € / Kilo)","categories":["Supermercado","Desayunos Dulces y pan","Desayunos, dulces y pan","Galletas","Galletas con chocolate","VIRGINIAS B-San galletas con chocolate blanco sin azúcar paquete 120 g"],"general_information":["Denominación del alimento: Galleta bañada de chocolate blanco sin azúcares añadidos. Con edulcorantes (Cacao  14% mínimo)","Nombre del operador: Industrias Rodríguez, S.A.","Dirección del operador: Paseo Sunyer, nº 8, 43202 Reus (Tarragona)","Cantidad Neta: 120 g","Otras menciones obligatorias en la etiqueta: Contiene azúcares naturalmente presentes. Un consumo excesivo puede producir efectos laxantes."],"ingredients":[" Cobertura de chocolate blanco sin azúcares añadidos con edulcorantes (55%): Edulcorante (maltitol), manteca de cacao, leche entera en polvo, emulgente (lecitina de soja), aroma, edulcorante (acesulfamo K). Galleta sin azúcares añadidos con edulcorantes (45%): Harina de trigo,  harina integral de trigo (14%), edulcorante (maltitol), aceite de girasol alto oleico,  cereal (avena: 2,8%),  edulcorante (jarabe de maltitol), harina de malta de cebada, almidón de patata, cacao en polvo (1,6%), oligofructosa (3%), gasificantes (carbonatos de sodio y carbonatos de amonio), aroma, emulgente (lecitina de girasol), vitaminas [Acetato de retinilo (vitamina A), Colecalciferol (Vitamina D), Mononitrato de tiamina (vitamina B1), Riboflavina (Vitamina B2), D-pantotenato cálcico (Ácido pantoténico), Ácido pteroilmonoglutámico (Ácido fólico)], edulcorante (acesulfamo K), conservador (metabisulfito potásico). Puede contener trazas de frutos de cáscara y semillas de sésamo."],"conservation":" Mantener en lugar fresco y seco.","ean":"8410196051755"},{"full_name":"VIRGINIAS B-San galletas integrales de chocolate a la naranja paquete 120 g sin azúcares añadidos edulcoradas con stevia","name":"B-San galletas integrales de chocolate a la naranja paquete 120 g","brand":"VIRGINIAS ","img":"https://sgfm.elcorteingles.es/SGFM/dctm/MEDIA03/201711/30/00120613801701____6__600x600.jpg","price":"1,82 €","price_unit":"(15,17 € / Kilo)","categories":["Supermercado","Desayunos Dulces y pan","Desayunos, dulces y pan","Galletas","Galletas con chocolate","VIRGINIAS B-San galletas integrales de chocolate a la naranja paquete 120 g sin azúcares añadidos edulcoradas con stevia"],"general_information":["Denominación del alimento: Galleta bañada de chocolate sabor naranja sin azúcares añadidos. Con edulcorantes. (Cacao  26% mínimo)","Nombre del operador: Industrias Rodríguez, S.A.","Dirección del operador: Paseo Sunyer, nº 8, 43202 Reus (Tarragona)","Cantidad Neta: 120 g","Otras menciones obligatorias en la etiqueta: Contiene azúcares naturalmente presentes. Un consumo excesivo puede producir efectos laxantes."],"ingredients":[" Cobertura de chocolate negro sin azúcares añadidos con edulcorantes (47%): Edulcorante (maltitol), pasta de cacao, manteca de cacao,  mantequilla anhidra, emulgentes (lecitina de soja, E-476), aroma, edulcorante (glucósidos de esteviol). Galleta sin azúcares añadidos con edulcorantes (45%): Harina de trigo, harina integral de trigo (15%), edulcorante (maltitol), aceite de girasol alto oleico, cereal (avena: 3%), edulcorante (jarabe de maltitol), harina de malta de cebada, almidón de patata, gasificantes (carbonatos de sodio y carbonatos de amonio), aroma, emulgente (lecitina de girasol), vitaminas [Acetato de retinilo (vitamina A), Colecalciferol (Vitamina D), Mononitrato de tiamina (vitamina B1), Riboflavina (Vitamina B2), D-pantotenato cálcico (Ácido pantoténico), Ácido pteroilmonoglutámico (Ácido fólico)], conservador (metabisulfito potásico). Cobertura de chocolate con leche sin azúcares añadidos con edulcorantes (8%): Edulcorante (maltitol), leche en polvo, pasta de cacao,  manteca de cacao,  mantequilla anhidra, emulgentes (E-442, E-476), zumo de naranja (0,14%), aromas, edulcorante (acesulfamo K). Puede contener trazas de frutos de cáscara y semillas de sésamo."],"conservation":" Mantener en lugar fresco y seco.","ean":"8410196052318"},{"full_name":"MICHEL ET AUGUSTIN galletas con chocolate negro y sal de Guérande estuche 178 g","name":"galletas con chocolate negro y sal de Guérande estuche 178 g","brand":"MICHEL ET AUGUSTIN ","img":"https://sgfm.elcorteingles.es/SGFM/dctm/MEDIA03/201709/08/00120627504234____1__600x600.jpg","price":"3,65 €","price_unit":"(20,51 € / Kilo)","categories":["Supermercado","Desayunos Dulces y pan","Desayunos, dulces y pan","Galletas","Galletas con chocolate","MICHEL ET AUGUSTIN galletas con chocolate negro y sal de Guérande estuche 178 g"],"general_information":["Denominación del alimento: Galletas con capa de chocolate Negro y sal de Guérande","País de origen: Francia","Nombre del operador: Inasa Import S.L","Dirección del operador: Calle Zurbarán 7. entreplanta 4-28010 Madrid","Lugar de procedencia del alimento: Francia","Cantidad Neta: 178 g"],"ingredients":[" Harina de trigo 44,5%*, chocolate negro 27%* [azúcar, pasta de cacao, manteca de cacao, grasas de la leche, emulsionante: lecitina (soja), aroma natural de vainilla], mantequilla fresca 20,5 %*, azúcar de caña moreno 16,4 %*, sal marina 0,7 %*. Contiene gluten (trigo), soja, leche y sus derivados. Puede contener huevos y frutos de cáscara.* Porcentaje expresado en el producto acabado."],"conservation":" Mantener a temperatura ambiente en un lugar fresco y seco.","ean":"3760122961203"},{"full_name":"MICHEL ET AUGUSTIN Petits galletas con chocolate negro tableta 73 g","name":"Petits galletas con chocolate negro tableta 73 g","brand":"MICHEL ET AUGUSTIN ","img":"https://sgfm.elcorteingles.es/SGFM/dctm/MEDIA02/CONTENIDOS/201412/22/00120627503772____1__600x600.jpg","price":"2,15 €","price_unit":"(29,45 € / Kilo)","categories":["Supermercado","Desayunos Dulces y pan","Desayunos, dulces y pan","Galletas","Galletas con chocolate","MICHEL ET AUGUSTIN Petits galletas con chocolate negro tableta 73 g"],"general_information":["Denominación del alimento: Galletas de mantequilla con chocolate negro y un toque de sal","País de origen: Francia","Nombre del operador: Inasa Import S.L","Dirección del operador: Calle Zurbarán 7. entreplanta 4-28010 Madrid","Lugar de procedencia del alimento: Francia","Cantidad Neta: 73 g"],"ingredients":[" Harina de trigo, relleno de chocolate negro 35%* [azúcar, aceites vegetales (palma**, girasol), cacao magro en polvo, chocolate negro (70% de cacao) 4,2%*, (masa de cacao, azúcar) emulsionante: lecitina], mantequilla fresca 15,3%*, azúcar, huevos, sal marina de Guérande 0,6%*, extracto de vainilla. Contiene gluten, leche, huevo. Puede contener frutos de cáscara y soja. * Porcentaje expresado en el producto acabado, ** Contribuye a la producción de aceite de palma sostenible certificado, www,rspo,org."],"conservation":" Mantener a temperatura ambiente en un lugar fresco y seco.","ean":"3760122961302"},{"full_name":"MICHEL ET AUGUSTIN Petits baguettes con chocolate negro estuche 90 g","name":"Petits baguettes con chocolate negro estuche 90 g","brand":"MICHEL ET AUGUSTIN ","img":"https://sgfm.elcorteingles.es/SGFM/dctm/MEDIA03/201602/11/00120627503780____2__600x600.jpg","price":"2,99 €","price_unit":"(33,22 € / Kilo)","categories":["Supermercado","Desayunos Dulces y pan","Desayunos, dulces y pan","Galletas","Galletas con chocolate","MICHEL ET AUGUSTIN Petits baguettes con chocolate negro estuche 90 g"],"general_information":["Denominación del alimento: Palitos de galletas con Chocolate Negro y un toque de sal","País de origen: Francia","Nombre del operador: Inasa Import S.L","Dirección del operador: Calle Zurbarán 7. entreplanta 4-28010 Madrid","Lugar de procedencia del alimento: Francia","Cantidad Neta: 90 g","Número de raciones por envase: 12"],"ingredients":[" Chocolate 40% (masa de cacao, azúcar, grasas de la leche, manteca de cacao, emulsionante: lecitina de soja, aroma natural de vainilla), harina de trigo, azúcar, mantequilla concentrada (contiene leche) (8%), sal (0,9%), gasificante: bicarbonato sódico, miel, huevos enteros en polvo, emulsionante: lecitina, aroma natural. Contiene: gluten (trigo), leche y sus derivados, huevos y soja. Puede contener frutos de cáscara y cacahuetes."],"conservation":" Mantener a temperatura ambiente en un lugar fresco y seco.","ean":"3760122961234"},{"full_name":"BIRBA Nuria Mini Xoco galletas de chocolate con vitaminas y hierro estuche 275 g","name":"Nuria Mini Xoco galletas de chocolate con vitaminas y hierro estuche 275 g","brand":"BIRBA ","img":"https://sgfm.elcorteingles.es/SGFM/dctm/MEDIA03/201609/22/00120608201297____3__600x600.jpg","price":"1,91 €","price_unit":"(6,95 € / Kilo)","categories":["Supermercado","Desayunos Dulces y pan","Desayunos, dulces y pan","Galletas","Galletas con chocolate","BIRBA Nuria Mini Xoco galletas de chocolate con vitaminas y hierro estuche 275 g"],"general_information":["Denominación del alimento: Galletas de chocolate Ricas en  Vitaminas y Hierro","País de origen: España","Nombre del operador: Galetes Camprodon S.A","Dirección del operador: C-38 pk 8,3 sn 17867 Camprodon (Girona) España","Cantidad Neta: 275 g","Número de raciones por envase: 8","Otras menciones obligatorias en la etiqueta: Puede contener trazas de otros frutos secos"],"ingredients":[" Harina  de trigo (47,3%), azúcar, mantequilla, cacao desgrasado en polvo  (4,7%), chocolate (3%) (pasta de cacao, azúcar, mantequilla de cacao,  emulgente: lecitina de soja), leche descremada (2,3%), aceite de  oliva (2,2%), avellanas (1,3%), huevos frescos (0,9%), dextrosa, jarabe de glucosa, gasificantes (bicarbonato sódico y amónico), sal, vitaminas, hierro  y aroma de vainillina. Puede contener trazas de otros frutos secos."],"conservation":" Conservar en lugar fresco y seco protegido de la luz solar","ean":"8412522000369"},{"full_name":"BIRBA Nuria galletas con pepitas de chocolate sin azúcar estuche 405 g","name":"Nuria galletas con pepitas de chocolate sin azúcar estuche 405 g","brand":"BIRBA ","img":"https://sgfm.elcorteingles.es/SGFM/dctm/MEDIA03/201705/09/00120613801685____1__600x600.jpg","price":"3,45 €","price_unit":"(8,52 € / Kilo)","categories":["Supermercado","Desayunos Dulces y pan","Desayunos, dulces y pan","Galletas","Galletas con chocolate","BIRBA Nuria galletas con pepitas de chocolate sin azúcar estuche 405 g"],"general_information":["Denominación del alimento: Galletas sin azúcar con edulcorantes","Nombre del operador: Galetes Camprodon S.A","Dirección del operador: C38 pk 8,3 sn 17867 Camprodon (Girona)","Cantidad Neta: 405 g","Número de raciones por envase: 15"],"ingredients":[" Harina de trigo (56,6%), edulcorantes (mantitol y sucralosa), chocolate de cobertura (9,4%) (edulcorante (maltitol), pasta de cacao, manteca de cacao, cacao en polvo semidesgrasado, inulina, emulgente (lecitina de soja) y aroma natural de vainilla), aceite de oliva (7%), cacao en grano (4,7%) (nibs de cacao), leche descremada en polvo, gasificantes (bicarbonato sódico y amónico), fibra de achicoria y sal."],"conservation":" Conservar en lugar fresco y seco al abrigo de la luz solar  a Temp.","ean":"8412522030168"},{"full_name":"BIRBA mini galleta de chocolate en lata del F.C.B. lata 200 g","name":"mini galleta de chocolate en lata del F.C.B. lata 200 g","brand":"BIRBA ","img":"https://sgfm.elcorteingles.es/SGFM/dctm/MEDIA03/201705/09/00120627504481____1__600x600.jpg","price":"7,99 €","price_unit":"(39,95 € / Kilo)","categories":["Supermercado","Desayunos Dulces y pan","Desayunos, dulces y pan","Galletas","Galletas con chocolate","BIRBA mini galleta de chocolate en lata del F.C.B. lata 200 g"],"general_information":[],"ingredients":[],"ean":"8412522030144"},{"full_name":"QUELY Koko@s Black & White bolitas de galletas bañadas con chocolate blanco o negro bolsa 70 g","name":"Koko@s Black & White bolitas de galletas bañadas con chocolate blanco o negro bolsa 70 g","brand":"QUELY ","img":"https://sgfm.elcorteingles.es/SGFM/00/38/0/0120627500380/0120627500380000g01011.jpg","price":"0,99 €","price_unit":"(14,14 € / Kilo)","categories":["Supermercado","Desayunos Dulces y pan","Desayunos, dulces y pan","Galletas","Galletas con chocolate","QUELY Koko@s Black & White bolitas de galletas bañadas con chocolate blanco o negro bolsa 70 g"],"general_information":[],"ingredients":[],"ean":"8411145201535"},{"full_name":"GARGALLO Gradinas galletas con chocolate bolsa 200 g","name":"Gradinas galletas con chocolate bolsa 200 g","brand":"GARGALLO ","img":"https://sgfm.elcorteingles.es/SGFM/00/02/6/0120610000026/0120610000026000g01011.jpg","price":"0,95 €","price_unit":"(4,75 € / Kilo)","categories":["Supermercado","Desayunos Dulces y pan","Desayunos, dulces y pan","Galletas","Galletas con chocolate","GARGALLO Gradinas galletas con chocolate bolsa 200 g"],"general_information":[],"ingredients":[],"ean":"8411966002922"},{"full_name":"GARGALLO figuritas de galleta con chocolate bolsa 180 g","name":"figuritas de galleta con chocolate bolsa 180 g","brand":"GARGALLO ","img":"https://sgfm.elcorteingles.es/SGFM/00/03/4/0120610000034/0120610000034000g01011.jpg","price":"0,95 €","price_unit":"(5,28 € / Kilo)","categories":["Supermercado","Desayunos Dulces y pan","Desayunos, dulces y pan","Galletas","Galletas con chocolate","GARGALLO figuritas de galleta con chocolate bolsa 180 g"],"general_information":[],"ingredients":[],"ean":"8411966002908"},{"full_name":"CUETARA TOSTA RICA galletas de desayuno con cacao paquete 570 g","name":"galletas de desayuno con cacao paquete 570 g","brand":"CUETARA TOSTA RICA ","img":"https://sgfm.elcorteingles.es/SGFM/dctm/MEDIA03/201710/17/00120608201792____16__600x600.jpg","price":"2,70 €","price_unit":"(4,74 € / Kilo)","categories":["Supermercado","Desayunos Dulces y pan","Desayunos, dulces y pan","Galletas","Galletas con chocolate","CUETARA TOSTA RICA galletas de desayuno con cacao paquete 570 g"],"general_information":["Denominación del alimento: Galletas con cacaoBolachas com cacau","País de origen: España","Nombre del operador: Cuétara S.L.U.","Dirección del operador: Avda. Hermanos Gómez Cuétara núm. 1","Cantidad Neta: 570 g"],"ingredients":[" Harina de trigo 72%, azúcar, aceite de girasol alto oleico 9,3%, cacao desgrasado en polvo 4,2%, cacao desgrasado en polvo 4,1%, suero de leche en polvo, jarabe de  glucosa y fructosa, emulgente (lecitina), sal, gasificantes (carbonatos de amonio y de sodio), colorante: E150d (sulfitos), aromas, vitaminas (A, tiamina (B1), riboflavina (B2), niacina (B3), B6, D), sales minerales (hierro elemental y carbonato de calcio), agente de tratamiento de la harina (metabisulfito sódico)."],"conservation":" Almacenar en lugar fresco y seco. Preservar de los rayos solares Armazenar em lugar fresco e seco. Proteger dos raios solares","ean":"8434165453487"},{"full_name":"CUETARA TOSTA RICA Oceanix galletas con pepitas de chocolate estuche 480 g","name":"Oceanix galletas con pepitas de chocolate estuche 480 g","brand":"CUETARA TOSTA RICA ","img":"https://sgfm.elcorteingles.es/SGFM/03/31/9/0120627503319/0120627503319000g01011.jpg","price":"2,85 €","price_unit":"(5,94 € / Kilo)","categories":["Supermercado","Desayunos Dulces y pan","Desayunos, dulces y pan","Galletas","Galletas con chocolate","CUETARA TOSTA RICA Oceanix galletas con pepitas de chocolate estuche 480 g"],"general_information":["Denominación del alimento: Galletas BolachaCookiesBiscuits","País de origen: España","Nombre del operador: Cuétara S.L.U.","Dirección del operador: Avda. Hermanos Gómez Cuétara núm. 1","Cantidad Neta: 480 g"],"ingredients":[" Harina de trigo 54%, azúcar, aceite de girasol alto oleico 15%, chocolate 6,7% (azúcar, pasta de cacao, manteca de cacao, emulgente: lecitina de soja), jarabe de glucosa y fructosa, cacao desgrasado en polvo, salvado de trigo 3%, emulgente (lecitina), gasificantes (carbonatos de sodio y de amonio), sal, clara de huevos, almidón, aromas, vitaminas (A, tiamina (B1), riboflavina (B2), niacina (B3), B6, D), sales minerales (hierro elemental y carbonato de calcio). Puede contener leche, sulfitos."],"conservation":" Almacenar en lugar fresco y seco. Preservar de los rayos solares Armazenar em lugar fresco e seco. Preservar dos raios solaresKeep in a cool and dry place. Protect from the direct sunlightA conserver dans un lieu frais et sec. Protéger du rayonnement solaire","ean":"8410014364203"},{"full_name":"CUETARA TOSTA RICA Oceanix a cucharadas mini galletas de chocolate paquete 350 g","name":"Oceanix a cucharadas mini galletas de chocolate paquete 350 g","brand":"CUETARA TOSTA RICA ","img":"https://sgfm.elcorteingles.es/SGFM/dctm/MEDIA03/201611/02/00120627504291____1__600x600.jpg","price":"2,70 €","price_unit":"(7,71 € / Kilo)","categories":["Supermercado","Desayunos Dulces y pan","Desayunos, dulces y pan","Galletas","Galletas con chocolate","CUETARA TOSTA RICA Oceanix a cucharadas mini galletas de chocolate paquete 350 g"],"general_information":["Denominación del alimento: Galletas\tBolachasBiscuitsBiscuits","País de origen: España","Nombre del operador: Cuétara S.L.U.","Dirección del operador: Avda. Hermanos Gómez Cuétara núm. 1","Cantidad Neta: 350 g"],"ingredients":[" Harina de trigo 52%, azúcar, aceite de girasol alto oleico 14%, chips de cereales 8,6% (maíz, arroz, cebada, azúcar, extracto de malta de cebada, sal), chocolate 5% (azúcar, pasta de cacao, dextrosa, manteca de cacao, emulgente: lecitina de girasol), jarabe de glucosa y fructosa, cacao desgrasado en polvo 3,1%, emulgente (lecitina), gasificantes (carbonatos de sodio y de amonio), sal, aroma, vitaminas (A, tiamina (B1), riboflavina (B2), niacina (B3), B6, D), sales minerales (sulfato ferroso y carbonato de calcio). Contiene leche. Puede contener soja, huevos."],"conservation":" Conservar en lugar fresco y seco. Preservar de los rayos solares .Armazenar em lugar fresco e seco. Preservar dos raios solares.Keep in a cool, dry place. Keep away from direct sunlight. Tenir au frais et au sec. Préserver des rayons solaires.","ean":"8434165462717"},{"full_name":"CUETARA TOSTA RICA Oceanix galletas con chocolate con leche y blanco paquete 115 g","name":"Oceanix galletas con chocolate con leche y blanco paquete 115 g","brand":"CUETARA TOSTA RICA ","img":"https://sgfm.elcorteingles.es/SGFM/dctm/MEDIA03/201705/05/00120627504473____1__600x600.jpg","price":"1,99 €","price_unit":"(17,30 € / Kilo)","categories":["Supermercado","Desayunos Dulces y pan","Desayunos, dulces y pan","Galletas","Galletas con chocolate","CUETARA TOSTA RICA Oceanix galletas con chocolate con leche y blanco paquete 115 g"],"general_information":["Denominación del alimento: (ES) GALLETA CON TABLETA DE CHOCOLATE BLANCO Y CON LECHE(PT) BOLACHA COM CHOCOLATE BRANCO E DE LEITE EM BARRA(FR) BISCUIT AVEC TABLETTE AU CHOCOLAT BLANC ET CHOCOLAT AU LAIT(EN) BISCUIT WITH TABLET OF WHITE AND MILK CHOCOLATE","País de origen: España","Nombre del operador: Cuétara S.L.U.","Dirección del operador: Avda. Hermanos Gómez Cuétara núm. 1","Cantidad Neta: 115 g"],"ingredients":[" Chocolate blanco 38,6% (azúcar, manteca de cacao, leche entera en polvo, suero de leche en polvo, emulgente: lecitina de girasol, aroma de vainilla), harina de trigo, azúcar, chocolate con leche 9,4% (azúcar, manteca de cacao, pasta de cacao, leche desnatada en polvo, lactosa, grasa láctea, emulgente: lecitina de girasol, aroma de vainilla), aceite de palma, jarabe de glucosa, gasificantes (carbonatos de sodio y de amonio), suero de leche en polvo, sal, aromas, acidulante (ácido cítrico). Puede contener frutos de cáscara, sésamo, huevos."],"conservation":" Manténgase en lugar fresco y seco.Conservar em local fresco e seco.Keep in a cool and dry place.À conserver dans un endroit frais et sec.","ean":"8434165459519"},{"full_name":"PEPPERIDGE FARM Chesapeake Chocolate Chunk galletas con pepitas de chocolate y nueces pecanas paquete 206 g","name":"Chesapeake Chocolate Chunk galletas con pepitas de chocolate y nueces pecanas paquete 206 g","brand":"PEPPERIDGE FARM ","img":"https://sgfm.elcorteingles.es/SGFM/02/28/7/0120627502287/0120627502287000g01011.jpg","price":"3,75 €            ","price_unit":"(17,67 € / Kilo)","categories":["Supermercado","Desayunos Dulces y pan","Desayunos, dulces y pan","Galletas","Galletas con chocolate","PEPPERIDGE FARM Chesapeake Chocolate Chunk galletas con pepitas de chocolate y nueces pecanas paquete 206 g"],"general_information":["Denominación del alimento: Cookies Chocolate Negro Con Pepitas","Nombre del operador: Taste Of America S.L.","Dirección del operador: Serrano, 149. 28002 Madrid, Madrid","Cantidad Neta: 204 g"],"ingredients":[" Harina de trigo enriquecida (harina, niacina, hierro reducido, mononitrato de tiamina (vitamina B1), riboflavina (vitamina B2), ácido Fólico), azúcar, chocolate semidulce (azúcar, licor chocolate, manteca de cacao, dextrosa, lecitina de soja, extracto de vainilla), aceite vegetal (palma), nueces de Pecan, mantequilla, huevos, azúcar moreno (azúcar invertido, azúcar, melaza), agentes leudantes (bicarbonato sódico, bicarbonato amónico), sal, aromas naturales, frutos secos molidos (nueces de Pecan, nueces de Macadamia, nueces, anacardos, almendras)."],"ean":"0014100096979"},{"full_name":"PEPPERIDGE FARM Chocolate Chunk Double galletas con pepitas chocolate negro paquete 206 g","name":"Chocolate Chunk Double galletas con pepitas chocolate negro paquete 206 g","brand":"PEPPERIDGE FARM ","img":"https://sgfm.elcorteingles.es/SGFM/dctm/MEDIA02/CONTENIDOS/201411/19/00120627502295____1__600x600.jpg","price":"3,75 €            ","price_unit":"(17,72 € / Kilo)","categories":["Supermercado","Desayunos Dulces y pan","Desayunos, dulces y pan","Galletas","Galletas con chocolate","PEPPERIDGE FARM Chocolate Chunk Double galletas con pepitas chocolate negro paquete 206 g"],"general_information":["Denominación del alimento: Cookies Doble Chocolate","Nombre del operador: Taste Of America S.L.","Dirección del operador: Serrano, 149. 28002 Madrid, Madrid","Cantidad Neta: 220 g"],"ingredients":[" Chocolate 38% (azúcar, masa de cacao, dextrosa, emulgente: lecitina de soja, extracto de vainilla), harina de trigo, azúcar, mantequilla, aceite vegetal (palma), huevos, azúcar moreno, (azúcar, azúcar invertido, melaza), agente leudantes (E500, cremor tártaro, bicarbonato amónico), sal, aromas y colorantes: E150. Contiene: leche, soja, huevos y gluten (trigo)."],"ean":"0014100096986"},{"full_name":"PEPPERIDGE FARM Chocolate Chunk galletas con pepitas de chocolate y nueces de macadamia paquete 206 g","name":"Chocolate Chunk galletas con pepitas de chocolate y nueces de macadamia paquete 206 g","brand":"PEPPERIDGE FARM ","img":"https://sgfm.elcorteingles.es/SGFM/02/31/1/0120627502311/0120627502311000g01011.jpg","price":"3,75 €            ","price_unit":"(17,72 € / Kilo)","categories":["Supermercado","Desayunos Dulces y pan","Desayunos, dulces y pan","Galletas","Galletas con chocolate","PEPPERIDGE FARM Chocolate Chunk galletas con pepitas de chocolate y nueces de macadamia paquete 206 g"],"general_information":["Denominación del alimento: Cookies Chocolate Con Leche Y Pepitas Macadamia","Nombre del operador: Taste Of America S.L.","Dirección del operador: Serrano, 149. 28002 Madrid, Madrid","Cantidad Neta: 204 g"],"ingredients":[" Harina de trigo, chocolate con leche 20% (azúcar, manteca de cacao, leche desnatada en polvo, masa de cacao, mantequilla, emulgente: lecitina de soja, extracto de vainilla), azúcar, aceite vegetal (palma), nueces de Macadamia 6%, mantequilla, azúcar moreno (azúcar, azúcar invertido, melaza), huevos, coco deshidratado, agentes leudantes (E500, cremor tártaro, bicarbonato amónico), sal, aromas, frutos secos molidos ( nueces de pecan, nueces de macadamia, nueces, anacardos, almendras)."],"ean":"0014100097006"},{"full_name":"PEPPERIDGE FARM Chocolate Chunk galletas de chocolate negro con brownie paquete 220 g","name":"Chocolate Chunk galletas de chocolate negro con brownie paquete 220 g","brand":"PEPPERIDGE FARM ","img":"https://sgfm.elcorteingles.es/SGFM/02/30/3/0120627502303/0120627502303000g01011.jpg","price":"3,75 €            ","price_unit":"(16,59 € / Kilo)","categories":["Supermercado","Desayunos Dulces y pan","Desayunos, dulces y pan","Galletas","Galletas con chocolate","PEPPERIDGE FARM Chocolate Chunk galletas de chocolate negro con brownie paquete 220 g"],"general_information":["Denominación del alimento: Cookies Brownie Doble Chocolate","Nombre del operador: Taste Of America S.L.","Dirección del operador: Serrano, 149. 28002 Madrid, Madrid","Cantidad Neta: 244 g"],"ingredients":[" Harina de trigo, chocolate 19% (azúcar, masa de cacao, manteca de cacao, dextrosa, emulgente: lecitina de soja, extracto de vainilla), fructosa, azúcar, mantequilla, aceite vegetal (palma), cacao en polvo, sólidos de glucosa, huevos, leche desnatada, agentes leudantes (E500, cremor tártaro, bicarbonato amónico), sal, aromas, estabilizador (pectina)."],"ean":"0014100097037"},{"full_name":"MAXIES Paw Patrol mini cookies estuche 275 g","name":"Paw Patrol mini cookies estuche 275 g","brand":"MAXIES ","img":"https://sgfm.elcorteingles.es/SGFM/dctm/MEDIA03/201602/12/00120608201768____1__600x600.jpg","price":"1,81 €","price_unit":"(6,58 € / Kilo)","categories":["Supermercado","Desayunos Dulces y pan","Desayunos, dulces y pan","Galletas","Galletas con chocolate","MAXIES Paw Patrol mini cookies estuche 275 g"],"general_information":[],"ingredients":[],"ean":"8436547640690"},{"full_name":"MAXIES Peppa pig mini cookies de chocolate paquete 275 g","name":"Peppa pig mini cookies de chocolate paquete 275 g","brand":"MAXIES ","img":"https://sgfm.elcorteingles.es/SGFM//01/53/7/0120608201537/0120608201537000g01011.jpg","price":"1,78 €","price_unit":"(6,47 € / Kilo)","categories":["Supermercado","Desayunos Dulces y pan","Desayunos, dulces y pan","Galletas","Galletas con chocolate","MAXIES Peppa pig mini cookies de chocolate paquete 275 g"],"general_information":["Denominación del alimento: Galletas con cacao","País de origen: España","Nombre del operador: TASTY AND UNIQUE S.L.","Dirección del operador: PARÍS 185. 5º 2ª 08036 Barcelona","Cantidad Neta: 275 g"],"ingredients":[" Harina de trigo, azúcar, grasa vegetal (antioxidantes E306 y E304), cacao desgrasado en polvo (4%), dextrosa, gasificantes (bicarbonato de sodio y bicarbonato de amonio), sal, aroma y emulgente (lecitina de soja). Puede contener trazas de sésamo y derivado de leche."],"conservation":" Conservar bien cerrado en lugar fresco y seco. Preservar de los rayos del sol.","ean":"8435319704660"},{"full_name":"MAXIES Gru 3 / Trolls  mini cookies de chocolate diseños surtidos paquete 275 g","name":"Gru 3 / Trolls  mini cookies de chocolate diseños surtidos paquete 275 g","brand":"MAXIES ","img":"https://sgfm.elcorteingles.es/SGFM/dctm/MEDIA03/201707/08/00120608201644____7__600x600.jpg","price":"1,99 €","price_unit":"(7,24 € / Kilo)","categories":["Supermercado","Desayunos Dulces y pan","Desayunos, dulces y pan","Galletas","Galletas con chocolate","MAXIES Gru 3 / Trolls  mini cookies de chocolate diseños surtidos paquete 275 g"],"general_information":["Denominación del alimento: Galleta con cacao","País de origen: España","Nombre del operador: TASTY AND UNIQUE S.L.","Dirección del operador: Gran Vía Carlos III, 98 9º1ª 08028 Barcelona, España","Cantidad Neta: 275 g"],"ingredients":[" Harina de trigo, azúcar, aceite vegetal: girasol alto oleico (contiene antioxidantes: E306 y E304), cacao en polvo (3,7%), dextrosa, fibra vegetal, gasificantes (carbonato ácido de sodio y carbonato ácido de amonio), sal, aroma y emulgente: lecitina de soja). Puede contener granos de sésamo y leche y sus derivados."],"conservation":" Conservar bien cerrado en lugar fresco y seco. Preservar de los rayos del sol.","ean":"8436547641925"},{"full_name":"MAXIES mini cookies de chocolate diseños surtidos Star Wars o Dory paquete 275 g","name":"mini cookies de chocolate diseños surtidos Star Wars o Dory paquete 275 g","brand":"MAXIES ","img":"https://sgfm.elcorteingles.es/SGFM/dctm/MEDIA02/CONTENIDOS/201509/14/00120608201735____1__600x600.jpg","price":"1,99 €","price_unit":"(7,24 € / Kilo)","categories":["Supermercado","Desayunos Dulces y pan","Desayunos, dulces y pan","Galletas","Galletas con chocolate","MAXIES mini cookies de chocolate diseños surtidos Star Wars o Dory paquete 275 g"],"general_information":[],"ingredients":[],"ean":"8435319706947"},{"full_name":"MAXIES galletas de chocolate + vaso Paw Patrol vaso 90 g","name":"galletas de chocolate + vaso Paw Patrol vaso 90 g","brand":"MAXIES ","img":"https://sgfm.elcorteingles.es/SGFM/dctm/MEDIA03/201605/06/00120610002246____1__600x600.jpg","price":"2,49 €","price_unit":"(27,67 € / Kilo)","categories":["Supermercado","Desayunos Dulces y pan","Desayunos, dulces y pan","Galletas","Galletas con chocolate","MAXIES galletas de chocolate + vaso Paw Patrol vaso 90 g"],"general_information":[],"ingredients":[],"ean":"8436547642069"},{"full_name":"GULLON Digestive galletas con avena y chips de chocolate estuche 425 g","name":"Digestive galletas con avena y chips de chocolate estuche 425 g","brand":"GULLON ","img":"https://sgfm.elcorteingles.es/SGFM/dctm/MEDIA03/201612/02/00120613801149____2__600x600.jpg","price":"1,25 €","price_unit":"(2,94 € / Kilo)","categories":["Supermercado","Desayunos Dulces y pan","Desayunos, dulces y pan","Galletas","Galletas con chocolate","GULLON Digestive galletas con avena y chips de chocolate estuche 425 g"],"general_information":["Denominación del alimento: Galleta Integral  con Avena, Trigo y Gotas de Chocolate Negro","Nombre del operador: GALLETAS GULLON, S.A","Dirección del operador: Ctra, Burgos km 1,5- 34800 Aguilar de Campoo (Palencia)","Cantidad Neta: 425 g"],"ingredients":[" Copos de avena 34%, harina integral de trigo 22%, gotas de chocolate negro 15% (azúcar, pasta de cacao, dextrosa, manteca de cacao, emulgente (lecitina de soja, aromas), aceite vegetal (girasol alto oleico) 14,5 %, azúcar, jarabe de glucosa y fructosa, gasificantes (carbonato ácido de sodio y carbonato ácido de amonio), sal. Puede contener trazas de leche. Con girasol alto oleico."],"conservation":" Almacenar en lugar fresco y seco. Proteger de los rayos solares. Una vez abierto, mantener en las mismas condiciones y cerrar después de cada uso.","ean":"8410376026962"},{"full_name":"GULLON DIET NATURE Chip Choco galletas con pepitas de chocolate sin azúcares añadidos paquete 125 g","name":"Chip Choco galletas con pepitas de chocolate sin azúcares añadidos paquete 125 g","brand":"GULLON DIET NATURE ","img":"https://sgfm.elcorteingles.es/SGFM/dctm/MEDIA03/201609/30/00120627500695____1__600x600.jpg","price":"1,25 €","price_unit":"(10 € / Kilo)","categories":["Supermercado","Desayunos Dulces y pan","Desayunos, dulces y pan","Galletas","Galletas con chocolate","GULLON DIET NATURE Chip Choco galletas con pepitas de chocolate sin azúcares añadidos paquete 125 g"],"general_information":["Denominación del alimento: Galleta con chips de chocolate negro sin azucares con edulcorantes","Nombre del operador: GALLETAS GULLON, S.A","Dirección del operador: Ctra, Burgos km 1,5- 34800 Aguilar de Campoo (Palencia)","Cantidad Neta: 125 g","Otras menciones obligatorias en la etiqueta: Un consumo excesivo puede producir efecto laxantes"],"ingredients":[" Harina de trigo 42%, gotas de chocolate sin azúcares 25% [pasta de cacao, edulcorante (maltitol), manteca de cacao, emulgente (lecitina de soja), aromas], aceite vegetal (girasol alto oleico)16,5%, edulcorantes (maltitol e isomalt), gasificantes (carbonato ácido de amónico y carbonato ácido de sodio, sal, aromas . Puede contener trazas de frutos secos y leche. Con girasol alto oleico."],"conservation":" Almacenar en lugar fresco y seco. Proteger de los rayos solares. Una vez abierto, mantener en las mismas condiciones y cerrar después de cada uso.","ean":"8410376009415"},{"full_name":"GULLON cookies de cacao con chips de chocolate sin gluten, sin huevo y sin frutos secos estuche 200 g","name":"cookies de cacao con chips de chocolate sin gluten, sin huevo y sin frutos secos estuche 200 g","brand":"GULLON ","img":"https://sgfm.elcorteingles.es/SGFM/dctm/MEDIA03/201609/22/00120627502766____2__600x600.jpg","price":"2,10 €","price_unit":"(10,50 € / Kilo)","categories":["Supermercado","Desayunos Dulces y pan","Desayunos, dulces y pan","Galletas","Galletas con chocolate","GULLON cookies de cacao con chips de chocolate sin gluten, sin huevo y sin frutos secos estuche 200 g"],"general_information":["Denominación del alimento: Galleta sin gluten con chips de chocolate","Nombre del operador: GALLETAS GULLON, S.A","Dirección del operador: Ctra, Burgos km 1,5- 34800 Aguilar de Campoo (Palencia)","Cantidad Neta: 200 g"],"ingredients":[" Chips de chocolate (25%) (azúcar, pasta de cacao, manteca de cacao, emulgente (lecitina de soja), harina de maíz, aceite vegetal  (girasol alto oleico) 16 %, azúcar, almidón de maíz, jarabe de glucosa y fructosa de maíz, cacao en polvo 4 %, gasificantes (carbonato ácido de sodio y carbonato ácido de amonio), sal, emulgente (lecitina de soja). Puede contener trazas de leche. Sin gluten. Con girasol alto oleico"],"conservation":" Almacenar en lugar fresco y seco. Proteger de los rayos solares. Una vez abierto, mantener en las mismas condiciones y cerrar después de cada uso.","ean":"8410376017342"},{"full_name":"GULLON DIET NATURE Ronditas galletas sin azúcares con 32% chocolate negro caja 186 g","name":"Ronditas galletas sin azúcares con 32% chocolate negro caja 186 g","brand":"GULLON DIET NATURE ","img":"https://sgfm.elcorteingles.es/SGFM/dctm/MEDIA03/201609/30/00120613800893____1__600x600.jpg","price":"1,69 €","price_unit":"(9,09 € / Kilo)","categories":["Supermercado","Desayunos Dulces y pan","Desayunos, dulces y pan","Galletas","Galletas con chocolate","GULLON DIET NATURE Ronditas galletas sin azúcares con 32% chocolate negro caja 186 g"],"general_information":["Denominación del alimento: Galleta cubierta de chocolate negro sin azúcares con edulcorantes","Nombre del operador: GALLETAS GULLON, S.A","Dirección del operador: Ctra, Burgos km 1,5- 34800 Aguilar de Campoo (Palencia)","Cantidad Neta: 186 g","Otras menciones obligatorias en la etiqueta: Un consumo excesivo puede producir efecto laxantes"],"ingredients":[" Harina de trigo  43%, chocolate negro sin azúcares 32% (pasta de cacao, edulcorantes (maltitol), manteca de cacao, cacao en polvo, emulgente (lecitina de soja), aroma vainilla), aceite vegetal (girasol alto oleico) 12%, edulcorante (maltitol), gasificante (carbonato ácido de sodio), sal, aromas, emulgente (lecitina de soja), colorante: ß-caroteno. Puede contener trazas de leche y frutos secos. Con girasol alto oleico."],"conservation":" Almacenar en lugar fresco y seco. Proteger de los rayos solares. Una vez abierto, mantener en las mismas condiciones y cerrar después de cada uso.","ean":"8410376029079"},{"full_name":"GULLON Vitalday galletas de avena con chips de chocolate y cereales integrales 6 packs envase 240 g","name":"Vitalday galletas de avena con chips de chocolate y cereales integrales 6 packs envase 240 g","brand":"GULLON ","img":"https://sgfm.elcorteingles.es/SGFM/dctm/MEDIA03/201701/30/00120613801453____2__600x600.jpg","price":"1,59 €","price_unit":"(6,62 € / Kilo)","categories":["Supermercado","Desayunos Dulces y pan","Desayunos, dulces y pan","Galletas","Galletas con chocolate","GULLON Vitalday galletas de avena con chips de chocolate y cereales integrales 6 packs envase 240 g"],"general_information":["Denominación del alimento: Galleta con avena y chips de chocolate","Nombre del operador: GALLETAS GULLON, S.A","Dirección del operador: Ctra, Burgos km 1,5- 34800 Aguilar de Campoo (Palencia)","Cantidad Neta: 240 g"],"ingredients":[" Cereales integrales 52,5 % (copos de avena, harina integral de trigo), gotas de chocolate negro 15 % (azúcar, pasta de cacao, dextrosa, manteca de cacao, emulgente: lecitina de soja, aromas), aceite vegetal 12% (girasol alto oleico), azúcar, fibra vegetal, gasificantes (bicarbonato sódico y amónico), sal, emulgente: lecitina de soja. Puede contener trazas de leche y frutos secos."],"conservation":" Almacenar en lugar fresco y seco. Proteger de los rayos solares. Una vez abierto, mantener en las mismas condiciones y cerrar después de cada uso.","ean":"8410376042504"},{"full_name":"GULLON Bio Organic cookies con choco chips ecológicas caja 250 g","name":"Bio Organic cookies con choco chips ecológicas caja 250 g","brand":"GULLON ","img":"https://sgfm.elcorteingles.es/SGFM/dctm/MEDIA03/201705/31/00120627504507____1__600x600.jpg","price":"2,85 €","categories":["Supermercado","Desayunos Dulces y pan","Desayunos, dulces y pan","Galletas","Galletas con chocolate","GULLON Bio Organic cookies con choco chips ecológicas caja 250 g"],"general_information":["Denominación del alimento: Galleta con chips de chocolate","Nombre del operador: GALLETAS GULLON, S.A","Dirección del operador: Ctra, Burgos km 1,5- 34800 Aguilar de Campoo (Palencia)","Cantidad Neta: 250 g"],"ingredients":[" Harina de trigo, chips de chocolate 25% [pasta de cacao, azúcar de caña, emulgente (lecitina de soja)], aceite vegetal (girasol alto oleico) 16%, azúcar moreno de caña integral, jarabe de glucosa y fructosa, sal, gasificantes (carbonato ácido de sodio, carbonato ácido de amonio), aroma de vainilla. Puede contener trazas de leche y frutos secos. Sin huevo. Ingredientes procedentes de la agricultura ecológica. Con girasol alto oleico."],"conservation":" Almacenar en lugar fresco y seco. Proteger de los rayos solares. Una vez abierto, mantener en las mismas condiciones y cerrar después de cada uso.","ean":"8410376049053"},{"full_name":"ELGORRIAGA Lacitos galletas snack bañadas en chocolate con aceite de giraso alto oleico estuche 150 g","name":"Lacitos galletas snack bañadas en chocolate con aceite de giraso alto oleico estuche 150 g","brand":"ELGORRIAGA ","img":"https://sgfm.elcorteingles.es/SGFM/dctm/MEDIA03/201710/20/00120627504564____1__600x600.jpg","price":"1,00 €","price_unit":"(6,67 € / Kilo)","categories":["Supermercado","Desayunos Dulces y pan","Desayunos, dulces y pan","Galletas","Galletas con chocolate","ELGORRIAGA Lacitos galletas snack bañadas en chocolate con aceite de giraso alto oleico estuche 150 g"],"general_information":[],"ingredients":[],"ean":"8410255913147"},{"full_name":"BAHLSEN Leibniz Minis galletas con chocolate bolsa 125 g","name":"Leibniz Minis galletas con chocolate bolsa 125 g","brand":"BAHLSEN ","img":"https://sgfm.elcorteingles.es/SGFM/dctm/MEDIA03/201605/27/00200227500212____1__600x600.jpg","price":"0,25 €","price_unit":"(2 € / Kilo)","categories":["Supermercado","Desayunos Dulces y pan","Desayunos, dulces y pan","Galletas","Galletas con chocolate","BAHLSEN Leibniz Minis galletas con chocolate bolsa 125 g"],"general_information":[],"ingredients":[],"ean":"4017100221514"},{"full_name":"BAHLSEN Leibniz galletas con tableta de chocolate con leche estuche 110 g","name":"Leibniz galletas con tableta de chocolate con leche estuche 110 g","brand":"BAHLSEN ","img":"https://sgfm.elcorteingles.es/SGFM/dctm/MEDIA03/201605/27/00200227500089____1__600x600.jpg","price":"1,99 €","price_unit":"(18,09 € / Kilo)","categories":["Supermercado","Desayunos Dulces y pan","Desayunos, dulces y pan","Galletas","Galletas con chocolate","BAHLSEN Leibniz galletas con tableta de chocolate con leche estuche 110 g"],"general_information":[],"ingredients":[],"ean":"4017100210532"},{"full_name":"BAHLSEN Afrika galletas con chocolate estuche 125 g","name":"Afrika galletas con chocolate estuche 125 g","brand":"BAHLSEN ","img":"https://sgfm.elcorteingles.es/SGFM/dctm/MEDIA03/201606/03/00120627500281____2__600x600.jpg","price":"2,01 €","price_unit":"(16,08 € / Kilo)","categories":["Supermercado","Desayunos Dulces y pan","Desayunos, dulces y pan","Galletas","Galletas con chocolate","BAHLSEN Afrika galletas con chocolate estuche 125 g"],"general_information":["Denominación del alimento: Fina capa de barquillo cubierta de chocolate con leche (82%)","País de origen: Alemania","Nombre del operador: BAHLSEN ESPAÑA, S.A.U.","Dirección del operador: Avda.Somosierra, 24 - 1ºB. 28703 San Sebastián de los Reyes, ESPAÑA","Cantidad Neta: 130 g"],"ingredients":[" Azúcar, harina de trigo, manteca de cacao, pasta de cacao, leche descremada en polvo, suero lácteo dulce en polvo, mantequilla clarificada, grasa vegetal, lactosa, agente emulsivo: lecitina (soja), leche entera en polvo, jarabe de azúcar invertido, yema de huevo en polvo, sal, levadura en polvo: bicarbonato sódico, aroma."],"conservation":" Almacenar en lugar fresco y seco","ean":"4017100337512"},{"full_name":"MARYLAND cookies con chips de chocolate y avellanas paquete 145 g","name":"cookies con chips de chocolate y avellanas paquete 145 g","brand":"MARYLAND ","img":"https://sgfm.elcorteingles.es/SGFM/dctm/MEDIA03/201703/28/00120614302634____1__600x600.jpg","price":"1,60 €","price_unit":"(11,03 € / Kilo)","categories":["Supermercado","Desayunos Dulces y pan","Desayunos, dulces y pan","Galletas","Galletas con chocolate","MARYLAND cookies con chips de chocolate y avellanas paquete 145 g"],"general_information":["Denominación del alimento: Galletas con pepitas de chocolate y avellanas","País de origen: Reino Unido","Nombre del operador: Alimentación Varma, S.L.","Dirección del operador: C/ La granja, 15 - Pol. Industrial Alcobendas. 28108 Alcobendas (Madrid) - España","Cantidad Neta: 145 g"],"ingredients":[" Harina de trigo, azúcar, aceite vegetal, virutas de chocolate (18%), avellanas asadas (3%), sirope de almíbar, dorado, sal, suero en polvo, gasificantes (bicarbonato de sodio, bicarbonato de amonio), saborizantes naturales. Las pepitas de chocolate contienen: azúcar, pasta de cacao, aceite vegetal, manteca de cacao, emulgente, (lecitina de soja), aroma natural (vainilla). Puede contener restos de frutos secos de cáscara."],"conservation":" Conservar en lugar fresco y seco. Una vez abierto conservar en un recipiente hermético.","ean":"0072417154461"},{"full_name":"QE! Power galletas snacks cubiertas de chocolate con taurina, vitaminas y hierro bolsa 90 g","name":"Power galletas snacks cubiertas de chocolate con taurina, vitaminas y hierro bolsa 90 g","brand":"QE! ","img":"https://sgfm.elcorteingles.es/SGFM/dctm/MEDIA03/201710/25/00120671500591____1__600x600.jpg","price":"1,26 €","price_unit":"(14 € / Kilo)","categories":["Supermercado","Desayunos Dulces y pan","Desayunos, dulces y pan","Galletas","Galletas con chocolate","QE! Power galletas snacks cubiertas de chocolate con taurina, vitaminas y hierro bolsa 90 g"],"general_information":[],"ingredients":[],"ean":"8410022112346"},{"full_name":"ARLUY MINIS Simpson mini galletas chocolateadas con 6 vitaminas paquete 275 g","name":"Simpson mini galletas chocolateadas con 6 vitaminas paquete 275 g","brand":"ARLUY MINIS ","img":"https://sgfm.elcorteingles.es/SGFM/00/77/8/0120608200778/0120608200778000g01011.jpg","price":"1,77 €","price_unit":"(6,44 € / Kilo)","categories":["Supermercado","Desayunos Dulces y pan","Desayunos, dulces y pan","Galletas","Galletas con chocolate","ARLUY MINIS Simpson mini galletas chocolateadas con 6 vitaminas paquete 275 g"],"general_information":[],"ingredients":[],"ean":"8410156072882"},{"full_name":"ARLUY Super Wings galletas rellenas de crema de chocolate con aceite de girasol estuche 180 g con 3 envases individuales","name":"Super Wings galletas rellenas de crema de chocolate con aceite de girasol estuche 180 g","brand":"ARLUY ","img":"https://sgfm.elcorteingles.es/SGFM/dctm/MEDIA03/201709/14/00120610002469____1__600x600.jpg","price":"1,25 €","price_unit":"(6,94 € / Kilo)","categories":["Supermercado","Desayunos Dulces y pan","Desayunos, dulces y pan","Galletas","Galletas con chocolate","ARLUY Super Wings galletas rellenas de crema de chocolate con aceite de girasol estuche 180 g con 3 envases individuales"],"general_information":[],"ingredients":[],"ean":"8412674102409"},{"full_name":"ARLUY Super Wings mini galletas de chocolate 5 cereales y con aceite de girasol paquete 135 g","name":"Super Wings mini galletas de chocolate 5 cereales y con aceite de girasol paquete 135 g","brand":"ARLUY ","img":"https://sgfm.elcorteingles.es/SGFM/dctm/MEDIA03/201709/14/00120627504556____1__600x600.jpg","price":"1,05 €","price_unit":"(7,78 € / Kilo)","categories":["Supermercado","Desayunos Dulces y pan","Desayunos, dulces y pan","Galletas","Galletas con chocolate","ARLUY Super Wings mini galletas de chocolate 5 cereales y con aceite de girasol paquete 135 g"],"general_information":[],"ingredients":[],"ean":"8412674104823"},{"full_name":"JULES DESTROOPER galletas de azúcar con tres chocolates estuche 100 g","name":"galletas de azúcar con tres chocolates estuche 100 g","brand":"JULES DESTROOPER ","img":"https://sgfm.elcorteingles.es/SGFM/dctm/MEDIA02/CONTENIDOS/201410/27/00120627502394____1__600x600.jpg","price":"2,99 €","price_unit":"(29,90 € / Kilo)","categories":["Supermercado","Desayunos Dulces y pan","Desayunos, dulces y pan","Galletas","Galletas con chocolate","JULES DESTROOPER galletas de azúcar con tres chocolates estuche 100 g"],"general_information":["Denominación del alimento: Galletas","Nombre del operador: Biscuiterie Jules Destrooper","Dirección del operador: Zwaanjofweg 20, 8900 Ieper.","Cantidad Neta: 100 g"],"ingredients":[" Harina de trigo, chocolate de leche, chocolate negro,  lecitina de sojapolvo de caramelo, chocolate blanco, mantquilla, sal marina y bicarbonato de sodio."],"conservation":" Conservar en un lugar fresco y seco","ean":"5410471130901"},{"full_name":"JULES DESTROOPER biscuits de canela con chocolate estuche 100 g","name":"biscuits de canela con chocolate estuche 100 g","brand":"JULES DESTROOPER ","img":"https://sgfm.elcorteingles.es/SGFM/dctm/MEDIA02/CONTENIDOS/201410/27/00120627502402____1__600x600.jpg","price":"2,99 €","price_unit":"(29,90 € / Kilo)","categories":["Supermercado","Desayunos Dulces y pan","Desayunos, dulces y pan","Galletas","Galletas con chocolate","JULES DESTROOPER biscuits de canela con chocolate estuche 100 g"],"general_information":["Denominación del alimento: Galletas","Nombre del operador: Biscuiterie Jules Destrooper","Dirección del operador: Zwaanjofweg 20, 8900 Ieper.","Cantidad Neta: 100 g"],"ingredients":[" Harina de trigo, leche con chocolate, mantequilla, polvo de caramelo, chcolate blanco, lecitina de soya, huevos, sirope de caramelo, bicarbonato de sodio, sal marina y canela."],"conservation":" Conservar en un lugar fresco y seco","ean":"5410471112068"},{"full_name":"CADBURY Cookies con pepitas de chocolate caja 200 g","name":"Cookies con pepitas de chocolate caja 200 g","brand":"CADBURY ","img":"https://sgfm.elcorteingles.es/SGFM/00/45/5/0120627500455/0120627500455000g01011.jpg","price":"3,28 €","price_unit":"(16,40 € / Kilo)","categories":["Supermercado","Desayunos Dulces y pan","Desayunos, dulces y pan","Galletas","Galletas con chocolate","CADBURY Cookies con pepitas de chocolate caja 200 g"],"general_information":["Denominación del alimento: Galletas con trozos de  chocolate","País de origen: Reino Unido","Nombre del operador: Alimentación Varma, S.L.","Dirección del operador: C/ La granja, 15 - Pol. Industrial Alcobendas. 28108 Alcobendas (Madrid) - España","Cantidad Neta: 200 g"],"ingredients":[" Harina de trigo, chocolate amargo (28%), (azúcar, pasta de cacao, manteca de cacao, leche desnatada en polvo,  suero de leche en polvo, emulgente (lecitina de soja)), azúcar, aceite vegetal,  grasa de la leche, cacao en polvo bajo en grasa, sirope de azúcar parcialmente invertido, suero de leche en polvo, copos de avena agentes gasificantes (bicarbonato sódico, bicarbonato amónico, ),  Sal, saborizante de vainilla natural. Puede contener frutos secos."],"conservation":" Conservar en lugar fresco y seco. Una vez abierto guardar en recipiente hermético.","ean":"5000183093023"},{"full_name":"CADBURY Fingers de galleta con chocolate con leche caja 114 g","name":"Fingers de galleta con chocolate con leche caja 114 g","brand":"CADBURY ","img":"https://sgfm.elcorteingles.es/SGFM/dctm/MEDIA02/CONTENIDOS/201411/19/00120627500547____1__600x600.jpg","price":"1,99 €","price_unit":"(17,46 € / Kilo)","categories":["Supermercado","Desayunos Dulces y pan","Desayunos, dulces y pan","Galletas","Galletas con chocolate","CADBURY Fingers de galleta con chocolate con leche caja 114 g"],"general_information":["Denominación del alimento: Galletas crujientes cubiertas de chocolate con leche","País de origen: Reino Unido","Nombre del operador: Alimentación Varma, S.L.","Dirección del operador: C/ La granja, 15 - Pol. Industrial Alcobendas. 28108 Alcobendas (Madrid) - España","Cantidad Neta: 125 g"],"ingredients":[" Chocolate con leche (48%), azúcar, manteca de cacao, pasta de caco, leche desnatada en polvo, grasa láctea, suero de  leche en polvo, emulgentes (lecitina de  soja, E476)), harina de trigo, grasa vegetal, azúcar, jarabe de azúcar parcialmente invertido, sal, gasificantes (bicarbonato de sodio, bicarbonato de amonio), aromatizante. Puede contener frutos secos"],"conservation":" Conservar en lugar fresco y seco. Una vez abierto guardar en recipiente hermético.","ean":"0072417138447"},{"full_name":"LOTUS Biscoff galletas caramelizadas con chocolate belga 7 pack de 3 unidades estuche 154 g","name":"Biscoff galletas caramelizadas con chocolate belga 7 pack de 3 unidades estuche 154 g","brand":"LOTUS ","img":"https://sgfm.elcorteingles.es/SGFM/dctm/MEDIA03/201706/09/00120627502584____2__600x600.jpg","price":"2,29 €","price_unit":"(14,87 € / Kilo)","categories":["Supermercado","Desayunos Dulces y pan","Desayunos, dulces y pan","Galletas","Galletas con chocolate","LOTUS Biscoff galletas caramelizadas con chocolate belga 7 pack de 3 unidades estuche 154 g"],"general_information":["Denominación del alimento: BISCOFF CHOCOLATE 3PX7(X12) ES*","País de origen: Bélgica","Nombre del operador: LOTUS BAKERIES, S.L.","Dirección del operador: C/ SEVERO OCHOA, 3","Cantidad Neta: 154 g","Número de raciones por envase: 21"],"ingredients":[" Ingredients:  Harina de trigo, azúcar, chocolate 22% (azúcar, pasta de cacao, Manteca de cacao, lecha desnatada en polvo, aceite de mantequilla, emulsificante (lecitina de soja y E476)), aceites vegetales, (aceite de palma con certificado de sostenibilidad y certificado , aceite de nabina), azúcar moreno, gasificante (carbonato de sodio), harina de soja, sal, canela."],"ean":"5410126106763"},{"full_name":"REGLERO galleta con gran tableta de chocolate 70% sin azúcares añadidos estuche 140 g","name":"galleta con gran tableta de chocolate 70% sin azúcares añadidos estuche 140 g","brand":"REGLERO ","img":"https://sgfm.elcorteingles.es/SGFM/01/20/6/0120613801206/0120613801206000g01011.jpg","price":"1,67 €","price_unit":"(11,93 € / Kilo)","categories":["Supermercado","Desayunos Dulces y pan","Desayunos, dulces y pan","Galletas","Galletas con chocolate","REGLERO galleta con gran tableta de chocolate 70% sin azúcares añadidos estuche 140 g"],"general_information":[],"ingredients":[],"ean":"8412674103819"},{"full_name":"REGLERO galletas Cookies con 3 chocolates estuche 200 g","name":"galletas Cookies con 3 chocolates estuche 200 g","brand":"REGLERO ","img":"https://sgfm.elcorteingles.es/SGFM/dctm/MEDIA02/CONTENIDOS/201510/29/00200227504149____1__600x600.jpg","price":"2,13 €","price_unit":"(10,65 € / Kilo)","categories":["Supermercado","Desayunos Dulces y pan","Desayunos, dulces y pan","Galletas","Galletas con chocolate","REGLERO galletas Cookies con 3 chocolates estuche 200 g"],"general_information":[],"ingredients":[],"ean":"8412674104502"},{"full_name":"LOACKER Tortina galletas con chocolate blanco y avellanas paquete 125 g","name":"Tortina galletas con chocolate blanco y avellanas paquete 125 g","brand":"LOACKER ","img":"https://sgfm.elcorteingles.es/SGFM/dctm/MEDIA03/201703/15/00120629901446____1__600x600.jpg","price":"3,92 €","price_unit":"(31,36 € / Kilo)","categories":["Supermercado","Desayunos Dulces y pan","Desayunos, dulces y pan","Galletas","Galletas con chocolate","LOACKER Tortina galletas con chocolate blanco y avellanas paquete 125 g"],"general_information":["Denominación del alimento: Delicias de chocolate blanco con leche rellenas de crema de avellana (56%) y crujiente oblea","País de origen: Italia","Nombre del operador: Alimentación Varma, S.L.","Dirección del operador: C/ La granja, 15 - Pol. Industrial Alcobendas. 28108 Alcobendas (Madrid) - España","Cantidad Neta: 21 g"],"ingredients":[" Chocolate blanco 36% (30% de sólidos de cacao, sólidos de leche 26%; azúcar, manteca de cacao, leche en polvo, leche desnatada en polvo, lecitinas de soja emulsionante), avellanas (30% en la crema), azúcar, aceite de coco, harina de trigo, polvo de suero de leche (leche), leche desnatada en polvo, extracto de malta de cebada, polvo de color crema (leche), cacao magro, sal, gasificantes (sodio carbonato de hidrógeno, difosfato disódico), harina de soja, lecitinas de soja emulsionante, vainas de vainilla Bourbon, especias. Puede contener almendras."],"conservation":" Conservar bien cerrado y en lugar seco.","ean":"8000380153534"},{"full_name":"LOACKER galletas con chocolate blanco y crema de coco paquete 100 g","name":"galletas con chocolate blanco y crema de coco paquete 100 g","brand":"LOACKER ","img":"https://sgfm.elcorteingles.es/SGFM/dctm/MEDIA03/201707/20/00200229902077____1__600x600.jpg","price":"2,99 €","price_unit":"(29,90 € / Kilo)","categories":["Supermercado","Desayunos Dulces y pan","Desayunos, dulces y pan","Galletas","Galletas con chocolate","LOACKER galletas con chocolate blanco y crema de coco paquete 100 g"],"general_information":["Denominación del alimento: GR. PAT. WHITE COCONUT 100 GR","País de origen: Italia","Nombre del operador: Alimentación Varma, S.L.","Dirección del operador: C/ La granja, 15 - Pol. Industrial Alcobendas. 28108 Alcobendas (Madrid) - España","Cantidad Neta: 100 g"],"ingredients":[" Copos de coco 34%, chocolate blanco 30% (azúcar, manteca de cacao, leche entera en polvo, leche desnatada en polvo, emulgente lecitinas de soja), jarabe de glucosa, harina de trigo, aceite de coco, suero de leche en polvo, azúcar, harina de soja, extracto de malta de cebada, leche desnatada en polvo, gasificantes (carbonato ácido de sodio, difosfato dicódico), emulgente lecitinas de soja, sal, cacao magro, bayas de vainilla bourbon, especias."],"conservation":" Conservar en lugar fresco y seco.","ean":"8000380180837"},{"full_name":"MCVITIE'S Digestive galletas con chocolate con leche estuche 300 g","name":"Digestive galletas con chocolate con leche estuche 300 g","brand":"MCVITIE'S ","img":"https://sgfm.elcorteingles.es/SGFM/dctm/MEDIA03/201710/26/00120613801248____1__600x600.jpg","price":"1,99 €","price_unit":"(6,63 € / Kilo)","categories":["Supermercado","Desayunos Dulces y pan","Desayunos, dulces y pan","Galletas","Galletas con chocolate","MCVITIE'S Digestive galletas con chocolate con leche estuche 300 g"],"general_information":["Denominación del alimento: Galletas","Nombre del operador: Ferrero Ibérica, S.A.","Dirección del operador: WTC Almeda Park, Edificio 2 - 08940 Cornellà de Llobregat (Barcelona)","Cantidad Neta: 300 g"],"ingredients":[" Harina (39%) (harina de trigo, carbonato de calcio, hierro, niacina, tiamina), chocolate con leche (30%) [azúcar, manteca de cacao, masa de cacao, leche desnatada en polvo, lactosuero en polvo (leche), aceite de mantequilla (leche), grasas vegetales (contiene grasas de sal y/o karité, palma, emulgentes (lecitina de soja, E476), aromas naturales], aceite de palma, harina de trigo integral (9% ), azúcar, jarabe de glucosa y fructosa, gasificantes (carbonato de sodio, ácido málico, carbonatos de amonio), sal."],"conservation":" Conservar en lugar fresco y seco","ean":"5000396030372"},{"full_name":"WALKERS Shortbread galletas de mantequilla con chips de chocolate estuche 125 g","name":"Shortbread galletas de mantequilla con chips de chocolate estuche 125 g","brand":"WALKERS ","img":"https://sgfm.elcorteingles.es/SGFM/dctm/MEDIA03/201608/24/00120628001123____1__600x600.jpg","price":"3,95 €","price_unit":"(31,60 € / Kilo)","categories":["Supermercado","Desayunos Dulces y pan","Desayunos, dulces y pan","Galletas","Galletas con chocolate","WALKERS Shortbread galletas de mantequilla con chips de chocolate estuche 125 g"],"general_information":["Denominación del alimento: Galletas","Nombre del operador: Walkers Shortbread Limited","Dirección del operador: Aberlour-on-Spey, Scotland, United Kingdom (AB38 9PD)","Cantidad Neta: 125 g"],"ingredients":[" Harina de trigo (harina de trigo, carbonato de calcio, hierro, niacina, tiamina), mantequilla (26%)(leche), azúcar, trozos de chocolate (10%) (azúcar, masa de cacao, manteca de cacao, emulsionante: lecitina de soja; aroma natural de vainilla), sal."],"conservation":" Conservar en un lugar fresco y seco","ean":"0039047011496"},{"full_name":"WALKERS Choco Chunk biscuits paquete 150 g","name":"Choco Chunk biscuits paquete 150 g","brand":"WALKERS ","img":"https://sgfm.elcorteingles.es/SGFM/02/44/4/0120627502444/0120627502444000g01011.jpg","price":"2,66 €","price_unit":"(17,73 € / Kilo)","categories":["Supermercado","Desayunos Dulces y pan","Desayunos, dulces y pan","Galletas","Galletas con chocolate","WALKERS Choco Chunk biscuits paquete 150 g"],"general_information":["Denominación del alimento: Galletas","Nombre del operador: Walkers Shortbread Limited","Dirección del operador: Aberlour-on-Spey, Scotland, United Kingdom (AB38 9PD)","Cantidad Neta: 150 g"],"ingredients":[" Harina de trigo (harina de trigo, carbonato de calcio, hierro, niacina, tiamina), mantequilla (leche), azúcar, trozos de chocolate oscuro (azúcar, masa de cacao, manteca de cacao, emulsionante: lecitina de soja; aroma natural de vainilla)(14%), trozos de chocolate con leche (azúcar, leche entera en polvo, manteca de cacao, masa de cacao, emulsionante: lecitina de soja; aroma natural de vainilla)(9%), cacao en polvo rebajado en grasa, gasificantes (bicarbonato de sodio, difosfato disódico), leche desnatada en polvo, sal."],"conservation":" Conservar en un lugar fresco y seco","ean":"0039047050730"},{"full_name":"WALKERS galletas con trozos de chocolate y hazelnut estuche 150 g","name":"galletas con trozos de chocolate y hazelnut estuche 150 g","brand":"WALKERS ","img":"https://sgfm.elcorteingles.es/SGFM/00/24/6/0200214300246/0200214300246000g01011.jpg","price":"2,66 €","price_unit":"(17,73 € / Kilo)","categories":["Supermercado","Desayunos Dulces y pan","Desayunos, dulces y pan","Galletas","Galletas con chocolate","WALKERS galletas con trozos de chocolate y hazelnut estuche 150 g"],"general_information":["Denominación del alimento: Galletas","Nombre del operador: Walkers Shortbread Limited","Dirección del operador: Aberlour-on-Spey, Scotland, United Kingdom (AB38 9PD)","Cantidad Neta: 150 g"],"ingredients":[" Harina de trigo (harina de trigo, carbonato de calcio, hierro, niacina, tiamina), trozos de chocolate oscuro (15%) (azúcar, masa de cacao, manteca de cacao, emulsionante: lecitina de soja; aroma natural de vainilla), mantequilla (leche), azúcar, avellanas (9%), aceites vegetales (colza, palma), trozos de chocolate con leche (4%) (azúcar,  leche entera en polvo, manteca de cacao, masa de cacao, emulsionante: lecitina de soja; aroma natural de vainilla), jarabe de azúcar invertido, leche desnatada en polvo,  gasificantes (bicarbonato de sodio, difosfato disódico), sal, aromatizantes naturales."],"conservation":" Conservar en un lugar fresco y seco","ean":"0039047005440"},{"full_name":"GAVOTTES galletas bañadas de chocolate negro caja 90 g","name":"galletas bañadas de chocolate negro caja 90 g","brand":"GAVOTTES ","img":"https://sgfm.elcorteingles.es/SGFM/dctm/MEDIA03/201710/24/00120614302048____1__600x600.jpg","price":"2,99 €","price_unit":"(33,22 € / Kilo)","categories":["Supermercado","Desayunos Dulces y pan","Desayunos, dulces y pan","Galletas","Galletas con chocolate","GAVOTTES galletas bañadas de chocolate negro caja 90 g"],"general_information":["Denominación del alimento: Crêpe bañado en chocolate","Nombre del operador: LOCMARIA BISCUITS","Dirección del operador: 1 Rue de Pélineuc 22100 LANVALLAY","Cantidad Neta: 90 g"],"ingredients":[" Chocolate oscuro 43% (pasta de cacao, azúcar, manteca de cacao, mantequilla concentrada de pastelería (leche), emulgente: lecitinas (soja), aroma natural de vainilla), harina de trigo, azúcar, mantequilla concentrada de pastelería (leche) 5%, Proteínas de lactosa y de leche, sal, extracto de malta de cebada, gasificante: carbonatos de sodio, lecitinas (soja)."],"conservation":" Almacenar en lugar fresco y seco. Consumir poco después de abrir.","ean":"3431410132000"},{"full_name":"INTERMON OXFAM galletas de cacao Bio Frolle ecológicas estuche 250 g","name":"galletas de cacao Bio Frolle ecológicas estuche 250 g","brand":"INTERMON OXFAM ","img":"https://sgfm.elcorteingles.es/SGFM/01/69/3/0120614301693/0120614301693000g01011.jpg","price":"3,35 €","price_unit":"(13,40 € / Kilo)","categories":["Supermercado","Desayunos Dulces y pan","Desayunos, dulces y pan","Galletas","Galletas con chocolate","INTERMON OXFAM galletas de cacao Bio Frolle ecológicas estuche 250 g"],"general_information":["Denominación del alimento: Galletas con cacao magro y quinoa de agricultura ecológica","País de origen: España","Nombre del operador: Oxfam Intermón","Dirección del operador: C/ Louis Pasteur, 1.","Cantidad Neta: 260 g","Número de raciones por envase: 26"],"ingredients":[" Harina de Trigo+, Azúcar de caña*+  (22%), Preparado de quinoa*+ (Harina de quinoa*+, Harina de arroz*+,  Harina de maíz+, Azúcar*+, sal), Aceite de girasol+,  Cacao magro en polvo*+, Copos de avena+, Harina de quinoa*+,  Miel*+ (1,5%), Gasificantes (Carbonato ácido de sodio, Carbonato  ácido de amonio), sal.         Puede contener trazas de huevo, leche, soja y frutos de  cáscara.          +Ingrediente procedente de agricultura ecológica.     *Ingrediente procedente de  comercio justo.    Porcentaje de ingredientes de  comercio justo: 51%"],"conservation":" Conservar en lugar fresco y seco","ean":"8016225926331"},{"full_name":"BORDER BISCUITS galletas con chocolate negro brownie estuche 150 g","name":"galletas con chocolate negro brownie estuche 150 g","brand":"BORDER BISCUITS ","img":"https://sgfm.elcorteingles.es/SGFM/dctm/MEDIA03/201709/25/00200228000915____2__600x600.jpg","price":"3,35 €","price_unit":"(22,33 € / Kilo)","categories":["Supermercado","Desayunos Dulces y pan","Desayunos, dulces y pan","Galletas","Galletas con chocolate","BORDER BISCUITS galletas con chocolate negro brownie estuche 150 g"],"general_information":["Denominación del alimento: Galleta de Mantequilla bañada en Chocolate.","País de origen: Reino Unido","Nombre del operador: Delykatt y Delice Bcn, S.L.","Dirección del operador: Alacant 12, 08940 Cornellà de Llobregat, Barcelona.","Lugar de procedencia del alimento: Lanark, Escocia","Cantidad Neta: 150 g"],"ingredients":[" Harina de trigo (calcio, hierro, niacina, tiamina), chocolate sin leche (28 %) (azúcar, masa de cacao, mantequilla de cacao, grasa de leche, emulsionante: lecitina de soja, aromatizante de vainilla), azúcar, chips de chocolate sin leche (17 %) (azúcar, masa de cacao, mantequilla de cacao, emulsionante: lecitina de soja, aromatizante de vainilla natural), aceite vegetal (palma, palmiste, semillas de colza en proporciones variadas), jarabe dorado, cacao en polvo, huevo en polvo, gasificantes (bicarbonato de amonio, difosfato disódico, bicarbonato de sodio), sal. También pueden contener nueces, semillas de sésamo y cebada."],"conservation":" Almacenar en un lugar fresco y seco, lejos de la luz solar directa.","ean":"0652655000760"},{"full_name":"EL CORTE INGLES galletas rellenas con crema de chocolate pack 3 paquete 750 g","name":"galletas rellenas con crema de chocolate pack 3 paquete 750 g","brand":"EL CORTE INGLES ","img":"https://sgfm.elcorteingles.es/SGFM/dctm/MEDIA03/201708/28/00200210002200____2__600x600.jpg","price":"1,42 €            ","price_unit":"(1,85 € / Kilo)","categories":["Supermercado","Desayunos Dulces y pan","Desayunos, dulces y pan","Galletas","Galletas rellenas","EL CORTE INGLES galletas rellenas con crema de chocolate pack 3 paquete 750 g"],"general_information":["Denominación del alimento: Galleta sandwich rellena con crema de chocolate","Nombre del operador: Elaborado para El Corte Ingles\npor Galletas Gullón, S.A.   Ctra. Burgos km 1,5            34800 Aguilar de Campoo  (Palencia) - España","Cantidad Neta: 750 g","Número de raciones por envase: aproximadament"],"ingredients":[" Ingredientes: Harina de trigo, crema de chocolate 37% (azúcar, grasa vegetal (palma), cacao en polvo 15,5%, almidón de trigo, emulgente: lecitina de soja, aroma de vainilla), jarabe de glucosa y fructosa, grasa vegetal (palma), azúcar, gasificantes: carbonato ácido de sodio y carbonato ácido de amonio, derivado lácteo en polvo (proteínas de la leche y leche desnatada en polvo), decoración láctea ( leche desnatada en polvo), sal, emulgente: lecitina de soja, antioxidante: metabisulfito sódico y aroma de vainilla."],"conservation":" Almacenar en lugar fresco y seco. Proteger de los rayos solares.                                                        Una vez abierto, mantener en las mismas condiciones y cerrar despúes de cada uso","ean":"8433329075466"},{"full_name":"EL CORTE INGLES galletas rellenas con crema de chocolate paquete 500 g","name":"galletas rellenas con crema de chocolate paquete 500 g","brand":"EL CORTE INGLES ","img":"https://sgfm.elcorteingles.es/SGFM/dctm/MEDIA03/201704/20/00120610001461____2__600x600.jpg","price":"0,93 €","price_unit":"(1,86 € / Kilo)","categories":["Supermercado","Desayunos Dulces y pan","Desayunos, dulces y pan","Galletas","Galletas rellenas","EL CORTE INGLES galletas rellenas con crema de chocolate paquete 500 g"],"general_information":["Denominación del alimento: Galleta sandwich rellena con crema de chocolate","Nombre del operador: Elaborado para El Corte Ingles\npor Galletas Gullón, S.A.   Ctra. Burgos km 1,5            34800 Aguilar de Campoo  (Palencia) - España","Cantidad Neta: 500 g","Número de raciones por envase: 20"],"ingredients":[" Ingredientes: Crema de chocolate 42% (azúcar, grasa vegetal (palma y palmiste), cacao en polvo 15%, almidón de trigo, emulgente: lecitina de soja, aroma vainilla), harina de trigo, azúcar, grasa vegetal (palma), jarabe de glucosa y fructosa, derivado lácteo en polvo (proteínas de la leche y leche desnatada en polvo), gasificantes (carbonato ácido de sodio y carbonato ácido de amonio), sal, emulgente: lecitina de soja, aroma de vainilla, antioxidante: metabisulfito sódico."],"conservation":" Almacenar en lugar fresco y seco. Proteger de los rayos solares.                                                               Una vez abierto, mantener en las mismas condiciones y cerrar despúes de cada uso","ean":"8433329075459"},{"full_name":"EL CORTE INGLES galletas rellenas de crema 5 bolsitas con 6 galletas estuche 220 g","name":"galletas rellenas de crema 5 bolsitas con 6 galletas estuche 220 g","brand":"EL CORTE INGLES ","img":"https://sgfm.elcorteingles.es/SGFM/dctm/MEDIA03/201704/20/00120610002139____2__600x600.jpg","price":"0,85 €","price_unit":"(3,86 € / Kilo)","categories":["Supermercado","Desayunos Dulces y pan","Desayunos, dulces y pan","Galletas","Galletas rellenas","EL CORTE INGLES galletas rellenas de crema 5 bolsitas con 6 galletas estuche 220 g"],"general_information":["Denominación del alimento: Galleta de cacao rellena de crema","Nombre del operador: Elaborado para El Corte Ingles\npor Galletas Gullón, S.A.   Ctra. Burgos km 1,5            34800 Aguilar de Campoo  (Palencia) - España","Cantidad Neta: 220 g","Número de raciones por envase: 20 galletas"],"ingredients":[" Ingredientes: Harina de trigo, crema 29% [azúcar, grasa vegetal (palma y palmiste), almidón de trigo, aroma de vainilla, emulgente (lecitina de soja)], azúcar, aceite vegetal (girasol alto oleico) 10,5%, cacao en polvo 4,5 %, jarabe de glucosa y fructosa, gasificantes (carbonato ácido de sodio y carbonato ácido de amonio), sal, emulgente (lecitina de soja) y aroma de vainilla."],"conservation":" Almacenar en lugar fresco y seco. Proteger de los rayos solares.                                                         Una vez abierto, mantener en las mismas condiciones y cerrar despúes de cada uso","ean":"8433329075497"},{"full_name":"ALIADA galletas rellenas de crema bañadas en chocolate con leche 6 bolsitas de 2 unidades estuche 252 g","name":"galletas rellenas de crema bañadas en chocolate con leche 6 bolsitas de 2 unidades estuche 252 g","brand":"ALIADA ","img":"https://sgfm.elcorteingles.es/SGFM/dctm/MEDIA02/CONTENIDOS/201505/28/00120610002113____1__600x600.jpg","price":"1,31 €","price_unit":"(5,20 € / Kilo)","categories":["Supermercado","Desayunos Dulces y pan","Desayunos, dulces y pan","Galletas","Galletas rellenas","ALIADA galletas rellenas de crema bañadas en chocolate con leche 6 bolsitas de 2 unidades estuche 252 g"],"general_information":["Denominación del alimento: Galleta de cacao Rellena de crema recubierta de chocolate con leche","Nombre del operador: Elaborado para El Corte Ingles\npor Galletas Gullón, S.A.   Ctra. Burgos km 1,5            34800 Aguilar de Campoo  (Palencia) - España","Cantidad Neta: 252 g","Número de raciones por envase: 12"],"ingredients":[" Ingredientes: Chocolate con leche 47% (azucar, manteca de cacao, pasta de cacao, leche en polvo, suero de leche en polvo, emulgente: lecitina de soja y aromas), harina de trigo, crema 16%  (azúcar, grasa vegetal (palma y palmiste), almidón de trigo, derivado lácteo en polvo (proteínas de la leche y leche desnatada en polvo), emulgente: lecitina de soja y girasol), azúcar, grasa vegetal (palma), cacao en polvo 3,5%, gasificantes: carbonato ácido de sodio y carbonato ácido de amonio, sal, emulgente: lecitina de soja y aroma de vainilla"],"conservation":" Almacenar en lugar fresco y seco. Proteger de los rayos solares.                                                         Una vez abierto, mantener en las mismas condiciones y cerrar despúes de cada uso.","ean":"8433329075503"},{"full_name":"EL CORTE INGLES galletas rellenas de crema bañadas en chocolate blanco 6 bolsitas de 2 unidades estuche 252 g","name":"galletas rellenas de crema bañadas en chocolate blanco 6 bolsitas de 2 unidades estuche 252 g","brand":"EL CORTE INGLES ","img":"https://sgfm.elcorteingles.es/SGFM/dctm/MEDIA03/201704/20/00120610002121____2__600x600.jpg","price":"1,28 €","price_unit":"(5,08 € / Kilo)","categories":["Supermercado","Desayunos Dulces y pan","Desayunos, dulces y pan","Galletas","Galletas rellenas","EL CORTE INGLES galletas rellenas de crema bañadas en chocolate blanco 6 bolsitas de 2 unidades estuche 252 g"],"general_information":["Denominación del alimento: Galleta de cacao rellena de crema recubierta de chocolate blanco","Nombre del operador: Elaborado para El Corte Ingles\npor Galletas Gullón, S.A.   Ctra. Burgos km 1,5            34800 Aguilar de Campoo  (Palencia) - España","Cantidad Neta: 252 g","Número de raciones por envase: 12"],"ingredients":[" Ingredientes: Chocolate blanco 47 % (azucar, manteca de cacao, leche en polvo, emulgente: lecitina de soja y aromas), harina de trigo, crema 16%  (azúcar, grasa vegetal (palma y palmiste), almidón de trigo, derivado lácteo en polvo (proteínas de la leche& y leche desnatada en polvo), emulgente: lecitina de soja y girasol), azúcar, grasa vegetal (palma), cacao en polvo 3,5%, gasificantes: carbonato ácido de sodio y carbonato ácido de amonio, sal, emulgente: lecitina de soja, aroma de vainilla"],"conservation":" Almacenar en lugar fresco y seco. Proteger de los rayos solares.                                                         Una vez abierto, mantener en las mismas condiciones y cerrar despúes de cada uso.","ean":"8433329075510"},{"full_name":"LU PRINCIPE Maxi Choc galletas rellenas de chocolate pack 3 paquetes 750 g","name":"Maxi Choc galletas rellenas de chocolate pack 3 paquetes 750 g","brand":"LU PRINCIPE ","img":"https://sgfm.elcorteingles.es/SGFM//01/86/7/0120610001867/0120610001867000g01011.jpg","price":"4,65 €","price_unit":"(6,20 € / Kilo)","categories":["Supermercado","Desayunos Dulces y pan","Desayunos, dulces y pan","Galletas","Galletas rellenas","LU PRINCIPE Maxi Choc galletas rellenas de chocolate pack 3 paquetes 750 g"],"general_information":["Denominación del alimento: GALLETAS RELLENAS (50%) CON CREMA DE CHOCOLATE.","País de origen: España","Nombre del operador: Mondelez España Commercial, S.L.","Dirección del operador: C/Eucalipto, 25  - 28016 Madrid,  España","Cantidad Neta: 750 g"],"ingredients":[" Ingredientes: Harina de TRIGO 35%, azúcar, grasas vegetales (palmiste parcialmente hidrogenada, palma), cacao desgrasado en polvo 6,7%, almidón de TRIGO, jarabe de glucosa, lactosa y proteínas de LECHE, sal, gasificantes (carbonato ácido de sodio, carbonato ácido de amonio), LECHE desnatada en polvo, emulgente (lecitina de SOJA), aroma. PUEDE CONTENER HUEV."],"ean":"7622210247315"},{"full_name":"LU PRINCIPE galletas rellenas de crema de chocolate 40% menos grasas saturadas pack 3 paquetes 300 g","name":"galletas rellenas de crema de chocolate 40% menos grasas saturadas pack 3 paquetes 300 g","brand":"LU PRINCIPE ","img":"https://sgfm.elcorteingles.es/SGFM/dctm/MEDIA03/201709/21/00120610001859____15__600x600.jpg","price":"4,45 €","price_unit":"(4,94 € / Kilo)","categories":["Supermercado","Desayunos Dulces y pan","Desayunos, dulces y pan","Galletas","Galletas rellenas","LU PRINCIPE galletas rellenas de crema de chocolate 40% menos grasas saturadas pack 3 paquetes 300 g"],"general_information":["Denominación del alimento: Galletas de cereales con leche rellenas (35%) con crema de chocolate.","País de origen: España","Nombre del operador: Mondelez España Commercial, S.L.","Dirección del operador: C/Eucalipto, 25  - 28016 Madrid,  España","Cantidad Neta: 900 g"],"ingredients":[" Ingredientes: Cereales 49,1% (harina de TRIGO 34%, harina integral de TRIGO 15,1%), azúcar, grasa de palma, aceite de nabina, cacao desgrasado en polvo 4,6%, jarabe de glucosa, almidón de TRIGO, lactosa y proteínas de LECHE, gasificantes (carbonato ácido de amonio, carbonato ácido de sodio, difosfato disódico), emulgente (lecitina de SOJA), sal, LECHE entera (0,28%) y desnatada (0,26%) en polvo (equivalente a 5% de LECHE), aroma. PUEDE CONTENER HUEVO."],"ean":"7622210205940"},{"full_name":"LU PRINCIPE galletas rellenas de chocolate blanco y negro caja 300 g","name":"galletas rellenas de chocolate blanco y negro caja 300 g","brand":"LU PRINCIPE ","img":"https://sgfm.elcorteingles.es/SGFM/dctm/MEDIA02/CONTENIDOS/201503/13/00120610002063000_1__600x600.jpg","price":"1,63 €","price_unit":"(5,43 € / Kilo)","categories":["Supermercado","Desayunos Dulces y pan","Desayunos, dulces y pan","Galletas","Galletas rellenas","LU PRINCIPE galletas rellenas de chocolate blanco y negro caja 300 g"],"general_information":["Denominación del alimento: Galletas con relleno (35%) con leche y crema de chocolate.","País de origen: Bélgica","Nombre del operador: Mondelez España Commercial, S.L.","Dirección del operador: C/Eucalipto, 25  - 28016 Madrid,  España","Cantidad Neta: 300 g"],"ingredients":[" Ingredientes: Harina de TRIGO 34,1%, azúcar, harina integral de TRIGO 15,1%, grasa de palma, aceite de nabina, jarabe de glucosa, cacao desgrasado en polvo 2,2%, lactosa y proteínas de LECHE, almidón de TRIGO, LECHE entera en polvo 0,8% (equivalente a 6,4% de LECHE entera), gasificantes (carbonato ácido de amonio, carbonato ácido de sodio, difosfato disódico), emulgentes (lecitina de SOJA, lecitina de girasol), sal, LECHE desnatada en polvo 0,25% (equivalente a 2,6% de LECHE desnatada), aromas. PUEDE CONTENER HUEVO."],"ean":"7622210373830"},{"full_name":"LU PRINCIPE galletas rellenas de crema de chocolate paquete 300 g","name":"galletas rellenas de crema de chocolate paquete 300 g","brand":"LU PRINCIPE ","img":"https://sgfm.elcorteingles.es/SGFM/dctm/MEDIA03/201709/21/00120610001842____15__600x600.jpg","price":"1,59 €","price_unit":"(5,30 € / Kilo)","categories":["Supermercado","Desayunos Dulces y pan","Desayunos, dulces y pan","Galletas","Galletas rellenas","LU PRINCIPE galletas rellenas de crema de chocolate paquete 300 g"],"general_information":["Denominación del alimento: Galletas de cereales con leche rellenas (35%) con crema de chocolate.","País de origen: España","Nombre del operador: Mondelez España Commercial, S.L.","Dirección del operador: C/Eucalipto, 25  - 28016 Madrid,  España","Cantidad Neta: 300 g"],"ingredients":[" Ingredientes: Cereales 49,1% (harina de TRIGO 34%, harina integral de TRIGO 15,1%), azúcar, grasa de palma, aceite de nabina, cacao desgrasado en polvo 4,6%, jarabe de glucosa, almidón de TRIGO, lactosa y proteínas de LECHE, gasificantes (carbonato ácido de amonio, carbonato ácido de sodio, difosfato disódico), emulgente (lecitina de SOJA), sal, LECHE entera (0,28%) y desnatada (0,26%) en polvo (equivalente a 5% de LECHE), aroma. PUEDE CONTENER HUEVO."],"ean":"7622210204424"},{"full_name":"LU PRINCIPE Maxi Choc galletas rellenas de chocolate paquete 250 g","name":"Maxi Choc galletas rellenas de chocolate paquete 250 g","brand":"LU PRINCIPE ","img":"https://sgfm.elcorteingles.es/SGFM//01/87/5/0120610001875/0120610001875000g01011.jpg","price":"1,80 €","price_unit":"(7,20 € / Kilo)","categories":["Supermercado","Desayunos Dulces y pan","Desayunos, dulces y pan","Galletas","Galletas rellenas","LU PRINCIPE Maxi Choc galletas rellenas de chocolate paquete 250 g"],"general_information":["Denominación del alimento: GALLETAS RELLENAS (50%) CON CREMA DE CHOCOLATE.","País de origen: España","Nombre del operador: Mondelez España Commercial, S.L.","Dirección del operador: C/Eucalipto, 25  - 28016 Madrid,  España","Cantidad Neta: 250 g"],"ingredients":[" Ingredientes: Harina de TRIGO 35%, azúcar, grasas vegetales (palmiste parcialmente hidrogenada, palma), cacao desgrasado en polvo 6,7%, almidón de TRIGO, jarabe de glucosa, lactosa y proteínas de LECHE, sal, gasificantes (carbonato ácido de sodio, carbonato ácido de amonio), LECHE desnatada en polvo, emulgente (lecitina de SOJA), aroma. PUEDE CONTENER HUEVO."],"ean":"7622210247292"},{"full_name":"LU PRINCIPE mini galletas rellenas de chocolate pack 4 bolsitas paquete 160 g","name":"mini galletas rellenas de chocolate pack 4 bolsitas paquete 160 g","brand":"LU PRINCIPE ","img":"https://sgfm.elcorteingles.es/SGFM/dctm/MEDIA03/201710/03/00120610001354____4__600x600.jpg","price":"1,50 €            ","price_unit":"(9,31 € / Kilo)","categories":["Supermercado","Desayunos Dulces y pan","Desayunos, dulces y pan","Galletas","Galletas rellenas","LU PRINCIPE mini galletas rellenas de chocolate pack 4 bolsitas paquete 160 g"],"general_information":["Denominación del alimento: GALLETAS RELLENAS (29%) CON CREMA DE CHOCOLATE.","País de origen: España","Nombre del operador: Mondelez España Commercial, S.L.","Dirección del operador: C/Eucalipto, 25  - 28016 Madrid,  España","Cantidad Neta: 160 g"],"ingredients":[" Ingredientes: Harina de TRIGO 46,1%, azúcar, grasa de palma, cacao en polvo 4,9%, suero de LECHE en polvo, jarabe de glucosa y fructosa, almidón de TRIGO, sal, gasificantes (bicarbonato sódico, bicarbonato amónico), aromas, emulgentes (lecitina de SOJA, lecitina de girasol). PUEDE CONTENER HUEVO."],"ean":"7622300362652"},{"full_name":"LU PRINCIPE Estrellas galletas rellenas de chocolate paquete 225 g","name":"Estrellas galletas rellenas de chocolate paquete 225 g","brand":"LU PRINCIPE ","img":"https://sgfm.elcorteingles.es/SGFM/dctm/MEDIA03/201605/10/00120610001172____3__600x600.jpg","price":"1,86 €","price_unit":"(8,27 € / Kilo)","categories":["Supermercado","Desayunos Dulces y pan","Desayunos, dulces y pan","Galletas","Galletas rellenas","LU PRINCIPE Estrellas galletas rellenas de chocolate paquete 225 g"],"general_information":["Denominación del alimento: GALLETAS CON RELLENO (16%) Y RECUBIERTAS DE CHOCOLATE CON LECHE (23,2%).","País de origen: República Checa","Nombre del operador: Mondelez España Commercial, S.L.","Dirección del operador: C/Eucalipto, 25  - 28016 Madrid,  España","Cantidad Neta: 225 g"],"ingredients":[" Ingredientes : Harina de TRIGO 39,3%, azúcar, grasas vegetales (palma, shea, sal, hueso de mango, illipe), suero de LECHE en polvo, aceite de nabina, LECHE desnatada (2%) y entera (1,7%) en polvo (equivalente a 35% de LECHE), pasta y manteca de cacao, jarabe de glucosa, grasa de LECHE anhidra, lactosa (de LECHE), sal, gasificantes (carbonato ácido de amonio, carbonato ácido de sodio), emulgentes (lecitina de SOJA, E476), aromas, acidulante (ácido cítrico). PUEDE CONTENER HUEVO, FRUTOS DE CÁSCARA."],"ean":"8593894909280"},{"full_name":"LU PRINCIPE Estrellas galletas rellenas de chocolate blanco paquete 225 g","name":"Estrellas galletas rellenas de chocolate blanco paquete 225 g","brand":"LU PRINCIPE ","img":"https://sgfm.elcorteingles.es/SGFM/dctm/MEDIA03/201605/10/00120610001164____3__600x600.jpg","price":"1,86 €","price_unit":"(8,27 € / Kilo)","categories":["Supermercado","Desayunos Dulces y pan","Desayunos, dulces y pan","Galletas","Galletas rellenas","LU PRINCIPE Estrellas galletas rellenas de chocolate blanco paquete 225 g"],"general_information":["Denominación del alimento: GALLETAS CON RELLENO DE LECHE (16%) Y RECUBIERTAS DE CHOCOLATE BLANCO (23,2%).","País de origen: República Checa","Nombre del operador: Mondelez España Commercial, S.L.","Dirección del operador: C/Eucalipto, 25  - 28016 Madrid,  España","Cantidad Neta: 225 g"],"ingredients":[" Ingredientes: Harina de TRIGO 39,3%, azúcar, grasa de palma, manteca de cacao, aceite de nabina, suero de LECHE en polvo, LECHE desnatada (2,6%) y entera (1,7%) en polvo (equivalente a 41% de LECHE), lactosa (de LECHE), jarabe de glucosa, grasa de LECHE anhidra, sal, gasificantes (carbonato ácido de amonio, carbonato ácido de sodio), emulgentes (lecitina de SOJA, E476), aromas, acidulante (ácido cítrico). PUEDE CONTENER HUEVO, FRUTOS DE CÁSCARA."],"ean":"8593894910408"},{"full_name":"LU PIM'S Delight medallones de galleta rellenos de naranja caja 150 g","name":"Delight medallones de galleta rellenos de naranja caja 150 g","brand":"LU PIM'S ","img":"https://sgfm.elcorteingles.es/SGFM/dctm/MEDIA03/201603/15/00120610000190____1__600x600.jpg","price":"2,04 €","price_unit":"(13,60 € / Kilo)","categories":["Supermercado","Desayunos Dulces y pan","Desayunos, dulces y pan","Galletas","Galletas rellenas","LU PIM'S Delight medallones de galleta rellenos de naranja caja 150 g"],"general_information":["Denominación del alimento: BIZCOCHO RECUBIERTO DE MERMELADA DE NARANJA Y DE UNA CAPA DE CHOCOLATE.","País de origen: Bélgica","Nombre del operador: Mondelez España Commercial, S.L.","Dirección del operador: C/Eucalipto, 25  - 28016 Madrid,  España","Cantidad Neta: 150 g"],"ingredients":[" Ingredientes: Mermelada de naranja 41% [jarabe glucosa-fructosa, azúcar, pulpa de naranja 4,5%, zumo de naranja concentrado 1,4% (equivalente zumo de naranja 7,8%), pulpa de naranja concentrada 0,6% (equivalente pulpa de naranja 2,6%), gelificante (pectina), acidulante (ácido cítrico), correctores de acidez (citrato de calcio, citrato de sodio), aroma natural de naranja, espesante (goma xantana)], chocolate 24,9% [azúcar, pasta de cacao, manteca de cacao, grasas vegetales (illipe, hueso de mango, sal, shea, palma, en proporciones variables), aroma, emulgente (lecitina de SOJA), lactosa y proteínas de LECHE], harina de TRIGO, azúcar, HUEVOS, jarabe de glucosa-fructosa, aceite de nabina, gasificantes (carbonato ácido de amonio, difosfato disódico, carbonato ácido de sodio), sal, emulgente (lecitina de SOJA).\nPUEDE CONTENER GRANOS DE SÉSAMO."],"ean":"5410041005707"},{"full_name":"LU PIM'S Delight medallones de galleta rellenos de frambuesa caja 150 g","name":"Delight medallones de galleta rellenos de frambuesa caja 150 g","brand":"LU PIM'S ","img":"https://sgfm.elcorteingles.es/SGFM/dctm/MEDIA03/201605/10/00120610000141____1__600x600.jpg","price":"2,04 €","price_unit":"(13,60 € / Kilo)","categories":["Supermercado","Desayunos Dulces y pan","Desayunos, dulces y pan","Galletas","Galletas rellenas","LU PIM'S Delight medallones de galleta rellenos de frambuesa caja 150 g"],"general_information":["Denominación del alimento: BIZCOCHO RECUBIERTO DE FRAMBUESA Y DE UNA CAPA DE CHOCOLATE.","País de origen: Suiza","Nombre del operador: Mondelez España Commercial, S.L.","Dirección del operador: C/Eucalipto, 25  - 28016 Madrid,  España","Cantidad Neta: 150 g"],"ingredients":[" Ingredientes: Relleno de frambuesa 41% (jarabe de glucosa-fructosa, azúcar, pulpa de frambuesa concentrada 2,4% (equivalente pulpa de frambuesa 9,8%), pulpa de frambuesa 1,2%, zumo concentrado de grosella roja 0,5% (equivalente zumo de grosella roja 3,6%), correctores de acidez (citrato de sodio, citrato de calcio), acidulante (ácido cítrico) gelificante (pectinas), aroma, espesante (goma xantana)), chocolate 24,9% (azúcar, pasta de cacao, manteca de cacao, grasas vegetales (illipe, hueso de mango, sal, shea, palma, en proporciones variables), aroma, emulgente (lecitina de SOJA), lactosa y proteínas de LECHE), harina de TRIGO, azúcar, HUEVOS, jarabe de glucosa-fructosa, aceite de nabina, gasificantes (carbonato ácido de amonio, difosfato disódico, carbonato ácido de sodio), almidón de TRIGO, sal, emulgente (lecitina de SOJA). PUEDE CONTENER GRANOS DE SÉSAMO."],"ean":"5410041040807"},{"full_name":"OREO galletas de chocolate rellenas de crema bañadas en chocolate blanco paquete 246 g 6 bolsitas de 2 unidades","name":"galletas de chocolate rellenas de crema bañadas en chocolate blanco paquete 246 g","brand":"OREO ","img":"https://sgfm.elcorteingles.es/SGFM/dctm/MEDIA03/201605/10/00120610000299____4__600x600.jpg","price":"2,25 €","price_unit":"(9,15 € / Kilo)","categories":["Supermercado","Desayunos Dulces y pan","Desayunos, dulces y pan","Galletas","Galletas rellenas","OREO galletas de chocolate rellenas de crema bañadas en chocolate blanco paquete 246 g 6 bolsitas de 2 unidades"],"general_information":["Denominación del alimento: GALLETA [38%] CON UN RELLENO DE CREMA SABOR VAINILLA [19%] Y BAÑADA CON CHOCOLATE BLANCO [43%].","País de origen: España","Nombre del operador: Mondelez España Commercial, S.L.","Dirección del operador: C/Eucalipto, 25  - 28016 Madrid,  España","Cantidad Neta: 246 g"],"ingredients":[" Ingredientes: Azúcar, harina de TRIGO, manteca de cacao, grasa de palma y palmiste, LECHE desnatada en polvo, cacao desgrasado en polvo 2,5%, almidón de TRIGO, lactosa (de LECHE), suero de LECHE en polvo, grasa de LECHE anhidra, jarabe de glucosa-fructosa, emulgentes (lecitina de SOJA, lecitina de girasol), gasificantes (carbonato ácido de potasio, carbonato ácido de amonio, carbonato ácido de sodio), sal, aroma (vainillina)."],"ean":"7622300491161"},{"full_name":"OREO galletas de chocolate rellenas de crema bañadas de chocolate con leche paquete 246 g 6 bolsitas de 2 unidades","name":"galletas de chocolate rellenas de crema bañadas de chocolate con leche paquete 246 g","brand":"OREO ","img":"https://sgfm.elcorteingles.es/SGFM/dctm/MEDIA03/201605/10/00120610000349____2__600x600.jpg","price":"2,23 €","price_unit":"(9,07 € / Kilo)","categories":["Supermercado","Desayunos Dulces y pan","Desayunos, dulces y pan","Galletas","Galletas rellenas","OREO galletas de chocolate rellenas de crema bañadas de chocolate con leche paquete 246 g 6 bolsitas de 2 unidades"],"general_information":["Denominación del alimento: GALLETA [38%] CON UN RELLENO DE CREMA SABOR VAINILLA [19%] Y BAÑADA CON CHOCOLATE CON LECHE [43%].","País de origen: España","Nombre del operador: Mondelez España Commercial, S.L.","Dirección del operador: C/Eucalipto, 25  - 28016 Madrid,  España","Cantidad Neta: 246 g"],"ingredients":[" Ingredientes: Azúcar, harina de TRIGO, grasas vegetales (palma, palmiste), manteca de cacao, pasta de cacao, LECHE desnatada en polvo, cacao desgrasado en polvo 2,5%, almidón de TRIGO, lactosa (de LECHE), grasa de LECHE anhidra, jarabe de glucosa-fructosa, gasificantes (carbonato ácido de potasio, carbonato ácido de amonio, carbonato ácido de sodio), emulgentes (lecitina de SOJA, lecitina de girasol), sal, aroma (vainillina)."],"ean":"7622300491215"},{"full_name":"OREO galletas de chocolate rellenas de crema formato familiar estuche 440 g 10 bolsitas con 4 unidades","name":"galletas de chocolate rellenas de crema formato familiar estuche 440 g","brand":"OREO ","img":"https://sgfm.elcorteingles.es/SGFM/01/77/6/0120610001776/0120610001776000g01011.jpg","price":"3,30 €","price_unit":"(7,50 € / Kilo)","categories":["Supermercado","Desayunos Dulces y pan","Desayunos, dulces y pan","Galletas","Galletas rellenas","OREO galletas de chocolate rellenas de crema formato familiar estuche 440 g 10 bolsitas con 4 unidades"],"general_information":["Denominación del alimento: GALLETAS DE CACAO RELLENAS DE CREMA SABOR VAINILLA (29 %).","País de origen: España","Nombre del operador: Mondelez España Commercial, S.L.","Dirección del operador: C/Eucalipto, 25  - 28016 Madrid,  España","Cantidad Neta: 440 g"],"ingredients":[" Ingredientes: Harina de TRIGO, azúcar, grasas vegetales (palma, palmiste), cacao desgrasado en polvo 4,6 %, almidón de TRIGO, jarabe de glucosa-fructosa, gasificantes (carbonato ácido de potasio, carbonato ácido de amonio, carbonato ácido de sodio), sal, emulgentes (lecitina de SOJA, lecitina de girasol), aroma (vainillina). PUEDE CONTENER LECHE."],"ean":"8410000827446"},{"full_name":"OREO Golden galletas rellenas de crema de vainilla 10 bolsitas individuales paquete 220 g","name":"Golden galletas rellenas de crema de vainilla 10 bolsitas individuales paquete 220 g","brand":"OREO ","img":"https://sgfm.elcorteingles.es/SGFM/dctm/MEDIA03/201608/24/00120610002295____1__600x600.jpg","price":"1,89 €","price_unit":"(8,59 € / Kilo)","categories":["Supermercado","Desayunos Dulces y pan","Desayunos, dulces y pan","Galletas","Galletas rellenas","OREO Golden galletas rellenas de crema de vainilla 10 bolsitas individuales paquete 220 g"],"general_information":["Denominación del alimento: Galletas rellenas de crema (29 %) sabor vainilla.","País de origen: República Checa","Nombre del operador: Mondelez España Commercial, S.L.","Dirección del operador: C/Eucalipto, 25  - 28016 Madrid,  España","Cantidad Neta: 220 g"],"ingredients":[" Ingredientes: Harina de TRIGO, azúcar, grasas vegetales (palma, palmiste), jarabe de glucosa-fructosa, almidón de TRIGO, sal, gasificantes (carbonato ácido de sodio, carbonato ácido de amonio), emulgentes (lecitina de SOJA, lecitina de girasol), aromas. PUEDE CONTENER LECHE."],"ean":"7622210625243"},{"full_name":"OREO Golden galletas rellenas de crema de vainilla paquete 154 g","name":"Golden galletas rellenas de crema de vainilla paquete 154 g","brand":"OREO ","img":"https://sgfm.elcorteingles.es/SGFM/dctm/MEDIA02/CONTENIDOS/201509/26/00120610002204____1__600x600.jpg","price":"1,19 €","price_unit":"(7,73 € / Kilo)","categories":["Supermercado","Desayunos Dulces y pan","Desayunos, dulces y pan","Galletas","Galletas rellenas","OREO Golden galletas rellenas de crema de vainilla paquete 154 g"],"general_information":["Denominación del alimento: Galletas rellenas de crema sabor vainilla (29%).","País de origen: Reino Unido","Nombre del operador: Mondelez España Commercial, S.L.","Dirección del operador: C/Eucalipto, 25  - 28016 Madrid,  España","Cantidad Neta: 154 g"],"ingredients":[" Ingredientes: Harina de TRIGO, azúcar, grasas vegetales (palma, palmiste), jarabe de glucosa-fructosa, almidón de TRIGO, sal, gasificantes (carbonato ácido de sodio, carbonato ácido de amonio), aromas, emulgentes (lecitina de SOJA, lecitina de girasol). PUEDE CONTENER LECHE."],"ean":"7622210480002"},{"full_name":"OREO galletas de chocolate rellenas de doble crema envase 185 g","name":"galletas de chocolate rellenas de doble crema envase 185 g","brand":"OREO ","img":"https://sgfm.elcorteingles.es/SGFM/dctm/MEDIA02/CONTENIDOS/201505/05/00120610001479____2__600x600.jpg","price":"1,39 €","price_unit":"(7,51 € / Kilo)","categories":["Supermercado","Desayunos Dulces y pan","Desayunos, dulces y pan","Galletas","Galletas rellenas","OREO galletas de chocolate rellenas de doble crema envase 185 g"],"general_information":["Denominación del alimento: GALLETAS DE CACAO RELLENAS DE CREMA SABOR VAINILLA (45%).","País de origen: España","Nombre del operador: Mondelez España Commercial, S.L.","Dirección del operador: C/Eucalipto, 25  - 28016 Madrid,  España","Cantidad Neta: 185 g"],"ingredients":[" Ingredientes: Azúcar, harina de TRIGO, grasas vegetales (palma, palmiste), cacao desgrasado en polvo 3,6%, almidón de TRIGO, jarabe de glucosa-fructosa, gasificantes (carbonato ácido de potasio, carbonato ácido de amonio, carbonato ácido de sodio), sal, emulgentes (lecitina de SOJA, lecitina de girasol), aromas (vainillina). PUEDE CONTENER LECHE."],"ean":"7622300453893"},{"full_name":"OREO mini galletas de cacao rellenas de crema 4 bolsitas individuales estuche 160 g","name":"mini galletas de cacao rellenas de crema 4 bolsitas individuales estuche 160 g","brand":"OREO ","img":"https://sgfm.elcorteingles.es/SGFM/dctm/MEDIA03/201605/10/00120610001263____4__600x600.jpg","price":"1,50 €            ","price_unit":"(9,31 € / Kilo)","categories":["Supermercado","Desayunos Dulces y pan","Desayunos, dulces y pan","Galletas","Galletas rellenas","OREO mini galletas de cacao rellenas de crema 4 bolsitas individuales estuche 160 g"],"general_information":["Denominación del alimento: GALLETAS DE CACAO RELLENAS DE CREMA SABOR VAINILLA (29%).","País de origen: España","Nombre del operador: Mondelez España Commercial, S.L.","Dirección del operador: C/Eucalipto, 25  - 28016 Madrid,  España","Cantidad Neta: 160 g"],"ingredients":[" Ingredientes: Harina de TRIGO, azúcar, grasas vegetales (palma, palmiste), cacao desgrasado en polvo 4,6%, almidón de TRIGO, jarabe de glucosa-fructosa, gasificantes (carbonato ácido de potasio, carbonato ácido de amonio, carbonato ácido de sodio), sal, emulgentes (lecitina de SOJA, lecitina de girasol), aromas (vainillina). PUEDE CONTENER LECHE."],"ean":"7622300165628"},{"full_name":"OREO galletas de chocolate rellenas de crema paquete 154 g","name":"galletas de chocolate rellenas de crema paquete 154 g","brand":"OREO ","img":"https://sgfm.elcorteingles.es/SGFM/dctm/MEDIA03/201603/04/00120610001321____1__600x600.jpg","price":"1,00 €","price_unit":"(6,49 € / Kilo)","categories":["Supermercado","Desayunos Dulces y pan","Desayunos, dulces y pan","Galletas","Galletas rellenas","OREO galletas de chocolate rellenas de crema paquete 154 g"],"general_information":["Denominación del alimento: GALLETAS DE CACAO RELLENAS DE CREMA SABOR VAINILLA (29%).","País de origen: España","Nombre del operador: Mondelez España Commercial, S.L.","Dirección del operador: C/Eucalipto, 25  - 28016 Madrid,  España","Cantidad Neta: 154 g"],"ingredients":[" Ingredientes: Harina de TRIGO, azúcar, grasas vegetales (palma, palmiste), cacao desgrasado en polvo 4,6%, almidón de TRIGO, jarabe de glucosa-fructosa, gasificantes (carbonato ácido de potasio, carbonato ácido de amonio, carbonato ácido de sodio), sal, emulgentes (lecitina de SOJA, lecitina de girasol), aromas (vainillina). PUEDE CONTENER LECHE."],"ean":"7622300281182"},{"full_name":"OREO Finas galletas de chocolate rellenas de crema 4 bolsitas de 8 unidades paquete 192 g","name":"Finas galletas de chocolate rellenas de crema 4 bolsitas de 8 unidades paquete 192 g","brand":"OREO ","img":"https://sgfm.elcorteingles.es/SGFM/dctm/MEDIA03/201612/28/00120610002329____1__600x600.jpg","price":"1,99 €","price_unit":"(10,36 € / Kilo)","categories":["Supermercado","Desayunos Dulces y pan","Desayunos, dulces y pan","Galletas","Galletas rellenas","OREO Finas galletas de chocolate rellenas de crema 4 bolsitas de 8 unidades paquete 192 g"],"general_information":["Denominación del alimento: Galletas de cacao rellenas de crema (32,5 %) sabor vainilla.","País de origen: Ucrania","Nombre del operador: Mondelez España Commercial, S.L.","Dirección del operador: C/Eucalipto, 25  - 28016 Madrid,  España","Cantidad Neta: 192 g"],"ingredients":[" Ingredientes: Azúcar, harina de TRIGO, grasa de palma, cacao desgrasado en polvo 4,3 %, almidón de TRIGO, jarabe de glucosa y fructosa, gasificantes (carbonato ácido de potasio, carbonato ácido de amonio, carbonato ácido de sodio), sal, emulgente (lecitina de SOJA), aroma (vainillina). PUEDE CONTENER LECHE."],"ean":"7622210646866"},{"full_name":"OREO Finas galletas de chocolate rellenas de crema 4 bolsitas de 8 unidades paquete 192 g","name":"Finas galletas de chocolate rellenas de crema 4 bolsitas de 8 unidades paquete 192 g","brand":"OREO ","img":"https://sgfm.elcorteingles.es/SGFM/dctm/MEDIA03/201704/20/00120610002402____1__600x600.jpg","price":"1,99 €","price_unit":"(10,36 € / Kilo)","categories":["Supermercado","Desayunos Dulces y pan","Desayunos, dulces y pan","Galletas","Galletas rellenas","OREO Finas galletas de chocolate rellenas de crema 4 bolsitas de 8 unidades paquete 192 g"],"general_information":["Denominación del alimento: Galletas de cacao rellenas de crema (32,5 %) de chocolate.","País de origen: Ucrania","Nombre del operador: Mondelez España Commercial, S.L.","Dirección del operador: C/Eucalipto, 25  - 28016 Madrid,  España","Cantidad Neta: 192 g"],"ingredients":[" Ingredientes: Harina de TRIGO, azúcar, grasa de palma, cacao desgrasado en polvo 7%, almidón de TRIGO, jarabe de glucosa y fructosa, gasificantes (carbonato ácido de potasio, carbonato ácido de amonio, carbonato ácido de sodio), sal, emulgente (lecitina de SOJA), aroma (vainillina). PUEDE CONTENER LECHE."],"ean":"7622210679581"},{"full_name":"OREO Finas galletas de chocolate rellenas de crema 2 bolsitas de 8 unidades paquete 96 g","name":"Finas galletas de chocolate rellenas de crema 2 bolsitas de 8 unidades paquete 96 g","brand":"OREO ","img":"https://sgfm.elcorteingles.es/SGFM/dctm/MEDIA03/201702/02/00120610002337____2__600x600.jpg","price":"1,20 €","price_unit":"(12,50 € / Kilo)","categories":["Supermercado","Desayunos Dulces y pan","Desayunos, dulces y pan","Galletas","Galletas rellenas","OREO Finas galletas de chocolate rellenas de crema 2 bolsitas de 8 unidades paquete 96 g"],"general_information":["Denominación del alimento: Galletas de cacao rellenas de crema (32,5 %) sabor vainilla.","País de origen: Ucrania","Nombre del operador: Mondelez España Commercial, S.L.","Dirección del operador: C/Eucalipto, 25  - 28016 Madrid,  España","Cantidad Neta: 96 g"],"ingredients":[" Ingredientes: Azúcar, harina de TRIGO, grasa de palma, cacao desgrasado en polvo 4,3 %, almidón de TRIGO, jarabe de glucosa y fructosa, gasificantes (carbonato ácido de potasio, carbonato ácido de amonio, carbonato ácido de sodio), sal, emulgente (lecitina de SOJA), aroma (vainillina). PUEDE CONTENER LECHE."],"ean":"7622210646712"},{"full_name":"MILKA Choco Pause galletas rellenas caja 260 g","name":"Choco Pause galletas rellenas caja 260 g","brand":"MILKA ","img":"https://sgfm.elcorteingles.es/SGFM/dctm/MEDIA03/201604/01/00200210002085____2__600x600.jpg","price":"1,99 €","price_unit":"(7,65 € / Kilo)","categories":["Supermercado","Desayunos Dulces y pan","Desayunos, dulces y pan","Galletas","Galletas rellenas","MILKA Choco Pause galletas rellenas caja 260 g"],"general_information":["Denominación del alimento: Galleta con relleno de chocolate con leche (6%).","País de origen: España","Nombre del operador: Mondelez España Commercial, S.L.","Dirección del operador: C/Eucalipto, 25  - 28016 Madrid,  España","Cantidad Neta: 260 g"],"ingredients":[" Ingredientes: Harina de TRIGO 42%, grasa de palma, azúcar glacé (azúcar, almidón de maíz), azúcar, cacao desgrasado en polvo 3,2%, suero de LECHE en polvo, manteca de cacao, jarabe de glucosa, LECHE desnatada en polvo, pasta de cacao, sal, LECHE entera en polvo, gasificantes (carbonato ácido de amonio, carbonato ácido de sodio), grasa de LECHE anhidra, emulgentes (lecitina de SOJA, lecitina de girasol), aromas. PUEDE CONTENER HUEVO."],"ean":"7622210100917"},{"full_name":"FONTANEDA BELVITA Desayuno Duo Cremoso galletas con relleno de yogur y fresa 5 cereales completos estuche 253 g","name":"Desayuno Duo Cremoso galletas con relleno de yogur y fresa 5 cereales completos estuche 253 g","brand":"FONTANEDA BELVITA ","img":"https://sgfm.elcorteingles.es/SGFM/dctm/MEDIA03/201611/17/00120610001917____1__600x600.jpg","price":"2,45 €","price_unit":"(9,68 € / Kilo)","categories":["Supermercado","Desayunos Dulces y pan","Desayunos, dulces y pan","Galletas","Galletas rellenas","FONTANEDA BELVITA Desayuno Duo Cremoso galletas con relleno de yogur y fresa 5 cereales completos estuche 253 g"],"general_information":["Denominación del alimento: GALLETA DE CEREALES CON RELLENO (27%) CON YOGUR, FRESA Y ENRIQUECIDA CON CALCIO, HIERRO, MAGNESIO, VITAMINAS E Y B1.","País de origen: República Checa","Nombre del operador: Mondelez España Commercial, S.L.","Dirección del operador: C/Eucalipto, 25  - 28016 Madrid,  España","Cantidad Neta: 253 g"],"ingredients":[" Ingredientes: Cereales 55,4% [ cereales integrales 27,9% (copos de AVENA 11,8%, harina integral de TRIGO 11,3%, harina integral de CEBADA 2,8%, harina integral de ESPELTA 1%, harina integral de CENTENO 1%), harina de TRIGO 27,5%], azúcar, aceite de nabina, jarabe de glucosa-fructosa, puré de fresa 4,7%, humectante (glicerina), grasas vegetales (palma, coco, palmiste en proporciones variables), almidón de TRIGO, YOGUR desnatado en polvo 1,4%, jarabe de glucosa, minerales (carbonato de calcio, carbonato de magnesio, hierro elemental), gasificantes (carbonato ácido de sodio, difosfato disódico, carbonato ácido de amonio), mora concentrada 0,2%, emulgentes (lecitina SOJA, lecitina de girasol), correctores de acidez (ácido cítrico, ácido málico, citrato de sodio, citrato de calcio), sal, aromas, gelificante (pectina), LECHE desnatada en polvo, fresa concentrada 0,04%, vitaminas [(vitamina E, vitamina B1 (tiamina)]. PUEDE CONTENER HUEVO, FRUTOS DE CÁSCARA."],"ean":"7622210236425"},{"full_name":"FONTANEDA BELVITA Desayuno Corazón Cremoso galletas con relleno de chocolate y avellanas estuche 253 g","name":"Desayuno Corazón Cremoso galletas con relleno de chocolate y avellanas estuche 253 g","brand":"FONTANEDA BELVITA ","img":"https://sgfm.elcorteingles.es/SGFM/dctm/MEDIA03/201606/22/00120610001727____2__600x600.jpg","price":"2,59 €","price_unit":"(10,24 € / Kilo)","categories":["Supermercado","Desayunos Dulces y pan","Desayunos, dulces y pan","Galletas","Galletas rellenas","FONTANEDA BELVITA Desayuno Corazón Cremoso galletas con relleno de chocolate y avellanas estuche 253 g"],"general_information":["Denominación del alimento: GALLETA DE CEREALES CON RELLENO (28%) SABOR CHOCOLATE Y AVELLANA, ENRIQUECIDA CON HIERRO, MAGNESIO, VITAMINAS E Y B1 .","País de origen: España","Nombre del operador: Mondelez España Commercial, S.L.","Dirección del operador: C/Eucalipto, 25  - 28016 Madrid,  España","Cantidad Neta: 253 g"],"ingredients":[" Ingredientes: Cereales 55,8% [harina de TRIGO 30,9%, cereales integrales 24,9% (harina integral de TRIGO 11,7%, copos de AVENA 7,5%, sémola integral de trigo sarraceno 2,7%, harina integral de CENTENO 1%, harina integral de CEBADA 1%, harina integral de ESPELTA 1%)], azúcar, aceite de nabina, grasas vegetales (palma, coco, palmiste en proporciones variables), cacao desgrasado en polvo 4,3%, almidón de TRIGO, gasificantes (carbonato ácido de sodio, difosfato disódico, carbonato ácido de amonio), minerales (carbonato de magnesio, hierro elemental), emulgentes (lecitina de SOJA, E472e), aroma, sal, LECHE desnatada en polvo, aroma de avellana, vitaminas (vitamina E, vitamina B1 (tiamina)]. PUEDE CONTENER HUEVO, FRUTOS DE CÁSCARA."],"ean":"7622210049209"},{"full_name":"FONTANEDA BELVITA Desayuno corazón cremoso galletas con relleno de yogur 5 cereales completos estuche 253 g","name":"Desayuno corazón cremoso galletas con relleno de yogur 5 cereales completos estuche 253 g","brand":"FONTANEDA BELVITA ","img":"https://sgfm.elcorteingles.es/SGFM/dctm/MEDIA03/201606/22/00120610001719____2__600x600.jpg","price":"2,59 €","price_unit":"(10,24 € / Kilo)","categories":["Supermercado","Desayunos Dulces y pan","Desayunos, dulces y pan","Galletas","Galletas rellenas","FONTANEDA BELVITA Desayuno corazón cremoso galletas con relleno de yogur 5 cereales completos estuche 253 g"],"general_information":["Denominación del alimento: GALLETA DE CEREALES CON RELLENO (28%)  CON YOGUR Y ENRIQUECIDA CON CALCIO, HIERRO, MAGNESIO, VITAMINAS E Y B1.","País de origen: República Checa","Nombre del operador: Mondelez España Commercial, S.L.","Dirección del operador: C/Eucalipto, 25  - 28016 Madrid,  España","Cantidad Neta: 253 g"],"ingredients":[" Ingredientes: Cereales 55,6% [harina de TRIGO 30,3%, cereales integrales 25,3% (harina integral de TRIGO 11,7%, copos de AVENA 10,1%, harina integral de CENTENO 1,1%, harina integral de CEBADA 1,1%, harina integral de ESPELTA 1,1%, sémola integral de trigo sarraceno 0,2%)], azúcar, aceite de nabina, grasas vegetales (palma, coco, palmiste en proporciones variables), almidón de TRIGO, YOGUR desnatado en polvo 3%, minerales (carbonato de calcio, carbonato de magnesio, hierro elemental), gasificantes (carbonato ácido de sodio, difosfato disódico, carbonato ácido de amonio), aromas, emulgentes (lecitina de SOJA, E472e), sal, LECHE desnatada en polvo, corrector de la acidez (ácido cítrico), vitaminas [vitamina E, vitamina B1 (tiamina)]. PUEDE CONTENER HUEVO, FRUTOS DE CÁSCARA."],"conservation":" Conservar en lugar fresco y seco. Conservar en un lugar fresco y seco.","ean":"7622210049124"},{"full_name":"MCVITIE'S galletas digestive rellenas de crema de chocolate estuche 168 g","name":"galletas digestive rellenas de crema de chocolate estuche 168 g","brand":"MCVITIE'S ","img":"https://sgfm.elcorteingles.es/SGFM/dctm/MEDIA03/201710/19/00120610002212____6__600x600.jpg","price":"1,29 €","price_unit":"(7,68 € / Kilo)","categories":["Supermercado","Desayunos Dulces y pan","Desayunos, dulces y pan","Galletas","Galletas rellenas","MCVITIE'S galletas digestive rellenas de crema de chocolate estuche 168 g"],"general_information":[],"ingredients":[],"ean":"5000396042269"},{"full_name":"MCVITIE'S galletas digestive rellenas de crema de vainilla estuche 168 g","name":"galletas digestive rellenas de crema de vainilla estuche 168 g","brand":"MCVITIE'S ","img":"https://sgfm.elcorteingles.es/SGFM/dctm/MEDIA03/201710/26/00120608201750____1__600x600.jpg","price":"1,29 €","price_unit":"(7,68 € / Kilo)","categories":["Supermercado","Desayunos Dulces y pan","Desayunos, dulces y pan","Galletas","Galletas rellenas","MCVITIE'S galletas digestive rellenas de crema de vainilla estuche 168 g"],"general_information":[],"ingredients":[],"ean":"5000396043358"},{"full_name":"ELGORRIAGA galletas rellenas con crema de chocolate La Campana (pack 2 x 180) estuche 360 g","name":"galletas rellenas con crema de chocolate La Campana (pack 2 x 180) estuche 360 g","brand":"ELGORRIAGA ","img":"https://sgfm.elcorteingles.es/SGFM/01/83/4/0120610001834/0120610001834000g01011.jpg","price":"1,00 €","price_unit":"(2,78 € / Kilo)","categories":["Supermercado","Desayunos Dulces y pan","Desayunos, dulces y pan","Galletas","Galletas rellenas","ELGORRIAGA galletas rellenas con crema de chocolate La Campana (pack 2 x 180) estuche 360 g"],"general_information":["Denominación del alimento: Galletas rellenas con crema sabor chocolate","Nombre del operador: Elgorriaga Brands S.L","Dirección del operador: Ctra. Soria -Plasencia N-110, Km 259, 05002 (Ávila) España","Cantidad Neta: 360 g","Número de raciones por envase: 2"],"ingredients":[" Harina de trigo, crema de chocolate 30% (azúcar, grasa vegetal, cacao desgrasado en polvo, lactosuero, aroma: vainillina), azúcar, grasa vegetal, jarabe de glucosa y fructosa, lactosuero, leche en polvo, gasificantes: bicarbonato sódico y amónico, sal, emulgente: lecitina de soja, aroma: vainillina."],"conservation":" Conservar en lugar fresco, seco y alejado de olores.","ean":"8410255919668"},{"full_name":"ELGORRIAGA Recreo galletas de cacao rellenas con crema sabor nata (pack 2 x 150 g) estuche 300 g","name":"Recreo galletas de cacao rellenas con crema sabor nata (pack 2 x 150 g) estuche 300 g","brand":"ELGORRIAGA ","img":"https://sgfm.elcorteingles.es/SGFM/01/82/6/0120610001826/0120610001826000g01011.jpg","price":"1,00 €","price_unit":"(3,33 € / Kilo)","categories":["Supermercado","Desayunos Dulces y pan","Desayunos, dulces y pan","Galletas","Galletas rellenas","ELGORRIAGA Recreo galletas de cacao rellenas con crema sabor nata (pack 2 x 150 g) estuche 300 g"],"general_information":["Denominación del alimento: Galletas de cacao rellenas con crema sabor nata","País de origen: España","Nombre del operador: Elgorriaga Brands, S.A.","Dirección del operador: Ctra. N-110, Km 259 - 05002 Ávila","Cantidad Neta: 300,0 g"],"ingredients":[" Harina de trigo, crema de nata 30% (azúcar, grasa vegetal, lactosuero, leche en polvo, aroma), azúcar, caco en polvo, grasa vegetal, jarabe de glucosa y fructosa, lactosuero, leche en polvo, gasificantes: bicarbonato sódico y amónico, sal, emulgente: lecitina de soja, aroma.Contiene: gluten, soja y leche. Puede contener: trazas de cacahuete."],"conservation":" Conservar en lugar fresco, seco y alejado de olores.","ean":"8410255919279"},{"full_name":"ELGORRIAGA galletas rellena de crema de limón 2x150g 300 g","name":"galletas rellena de crema de limón 2x150g  300 g","brand":"ELGORRIAGA ","img":"https://sgfm.elcorteingles.es/SGFM/dctm/MEDIA03/201606/30/00120610002261____1__600x600.jpg","price":"1,00 €","price_unit":"(3,33 € / Kilo)","categories":["Supermercado","Desayunos Dulces y pan","Desayunos, dulces y pan","Galletas","Galletas rellenas","ELGORRIAGA galletas rellena de crema de limón 2x150g 300 g"],"general_information":[],"ingredients":[],"ean":"8410255918630"},{"full_name":"CUETARA BOCADITOS galletas cracker rellenas de crema de limón estuche 450 g","name":"galletas cracker rellenas de crema de limón estuche 450 g","brand":"CUETARA BOCADITOS ","img":"https://sgfm.elcorteingles.es/SGFM/00/46/9/0200210000469/0200210000469000g01011.jpg","price":"2,95 €","price_unit":"(6,56 € / Kilo)","categories":["Supermercado","Desayunos Dulces y pan","Desayunos, dulces y pan","Galletas","Galletas rellenas","CUETARA BOCADITOS galletas cracker rellenas de crema de limón estuche 450 g"],"general_information":["Denominación del alimento: Sándwich de crema sabor limón  \tBolacha recheada de creme sabor limãoCookies with lemon flavoured fillingBiscuits fourrage parfum citron","País de origen: España","Nombre del operador: Cuétara S.L.U.","Dirección del operador: Avda. Hermanos Gómez Cuétara núm. 1","Cantidad Neta: 450 g"],"ingredients":[" Harina de trigo, aceites vegetales (palma y girasol alto oleico), azúcar, dextrosa, jarabe de glucosa y fructosa, extracto de malta de cebada, gasificantes (bicarbonatos amónico y sódico), corrector de acidez (fosfato monocálcico), maltodextrina, estabilizante (sorbitol), sal, emulgente (lecitina), levadura, aroma, aromas, agente de tratamiento de la harina (metabisulfito sódico), colorante (curcumina). Contiene huevos. Puede contener leche, soja."],"conservation":" Almacenar en lugar fresco y seco / Armazenar em lugar fresco e seco / Keep in a cool and dry place / A conserver dans un endroit frais et sec.","ean":"8410014312440"},{"full_name":"CUETARA BOCADITOS galletas rellenas de crema de limón estuche 150 g","name":"galletas rellenas de crema de limón estuche 150 g","brand":"CUETARA BOCADITOS ","img":"https://sgfm.elcorteingles.es/SGFM/01/81/4/0200210001814/0200210001814000g01011.jpg","price":"1,00 €","price_unit":"(6,67 € / Kilo)","categories":["Supermercado","Desayunos Dulces y pan","Desayunos, dulces y pan","Galletas","Galletas rellenas","CUETARA BOCADITOS galletas rellenas de crema de limón estuche 150 g"],"general_information":[],"ingredients":[],"ean":"8434165471191"},{"full_name":"CUETARA FLAKES Cachobarra galletas de cacao rellenas de Nocilla con bolitas de cereales estuche 90 g 6 unidades en paquetes de 2","name":"Cachobarra galletas de cacao rellenas de Nocilla con bolitas de cereales estuche 90 g","brand":"CUETARA FLAKES ","img":"https://sgfm.elcorteingles.es/SGFM/dctm/MEDIA03/201612/15/00200210001764____1__600x600.jpg","price":"1,00 €","price_unit":"(11,11 € / Kilo)","categories":["Supermercado","Desayunos Dulces y pan","Desayunos, dulces y pan","Galletas","Galletas rellenas","CUETARA FLAKES Cachobarra galletas de cacao rellenas de Nocilla con bolitas de cereales estuche 90 g 6 unidades en paquetes de 2"],"general_information":["Denominación del alimento: Galleta rellena de crema Nocilla y cerealesBolacha recheada com creme Nocilla e cereais","País de origen: España","Nombre del operador: Cuétara S.L.U.","Dirección del operador: Avda. Hermanos Gómez Cuétara núm. 1","Cantidad Neta: 90 g"],"ingredients":[" Galleta de cacao (harina de trigo, azúcar, Oleoequilibre: aceites vegetales (girasol alto oleico y palma), jarabe de glucosa y fructosa, cacao desgrasado 1%, gasificantes (carbonatos de amonio y de sodio), emulgente (lecitina), aroma, colorante:  E150d (sulfitos), agente de tratamiento de la harina (metabisulfito sódico)), sal, crema Nocilla 39% (azúcar, aceites vegetales de palma y girasol, cacao desgrasado, avellanas, emulgentes (lecitina de soja, E 476), aroma, antioxidantes (E 304, E 306)), chips de cereales 9,7% (maíz, arroz, cebada, azúcar, extracto de malta de cebada, sal). Puede contener leche, otros frutos de cáscara, huevos."],"conservation":" Almacenar en lugar fresco y seco. Preservar de los rayos solaresArmazenar em lugar fresco e seco. Preservar dos raios solares","ean":"8410014371379"},{"full_name":"CUETARA CHOCO FLAKES galletas rellenas de chips de chocolate paquete 550 g","name":"galletas rellenas de chips de chocolate paquete 550 g","brand":"CUETARA CHOCO FLAKES ","img":"https://sgfm.elcorteingles.es/SGFM/dctm/MEDIA03/201611/29/00120608200455____7__600x600.jpg","price":"2,69 €            ","price_unit":"(4,45 € / Kilo)","categories":["Supermercado","Desayunos Dulces y pan","Desayunos, dulces y pan","Galletas","Galletas rellenas","CUETARA CHOCO FLAKES galletas rellenas de chips de chocolate paquete 550 g"],"general_information":[],"ingredients":[],"ean":"8434165482845"},{"full_name":"CUETARA CHOCO FLAKES Duo galletas de cacao rellena de chocolate blanco estuche 450 g","name":"Duo galletas de cacao rellena de chocolate blanco estuche 450 g","brand":"CUETARA CHOCO FLAKES ","img":"https://sgfm.elcorteingles.es/SGFM/dctm/MEDIA03/201611/29/00120608201719____7__600x600.jpg","price":"2,76 €","price_unit":"(6,13 € / Kilo)","categories":["Supermercado","Desayunos Dulces y pan","Desayunos, dulces y pan","Galletas","Galletas rellenas","CUETARA CHOCO FLAKES Duo galletas de cacao rellena de chocolate blanco estuche 450 g"],"general_information":["Denominación del alimento: Arroz inflado chocolateado y chips con chocolate blanco recubiertos de galletaArroz tufado achocolatado e chips com chocolate branco cobertas de bolacha.Puffed, chocolaty rice with white chocolate chips biscuit coatedRiz soufflé et chocolaté aux pépites avec chocolat blanc, enrobés de biscuit","País de origen: España","Nombre del operador: Cuétara S.L.U.","Dirección del operador: Avda. Hermanos Gómez Cuétara núm. 1","Cantidad Neta: 450 g"],"ingredients":[" Galleta 69% (harina de trigo, azúcar, Oleoequilibre 8%: aceites vegetales de girasol alto oleico y palma, jarabe de glucosa y fructosa, cacao desgrasado 2%, emulgente: lecitina, sal, gasificantes: carbonatos de amonio y sodio, vitaminas y minerales: A, D, E, Tiamina (B1), Riboflavina (B2), Niacina (B3), B6, ácido pantoténico, carbonato de calcio y hierro elemental, colorante: E 150d (sulfitos), aromas, agente de tratamiento de la harina: metabisulfito sódico), chips con chocolate blanco 21% (azúcar, lactosa, manteca de cacao, grasa láctea, emulgente: lecitina de soja, almidón modificado y aroma), arroz inflado chocolateado 10% (arroz, maíz, azúcar, cacao desgrasado en polvo 5%, jarabe de glucosa y fructosa, extracto de malta de cebada, aceite de palma, sal, emulgente ( lecitina de soja) y aroma). Puede contener frutos de cáscara, huevos."],"conservation":" Almacenar en lugar fresco y seco. Preservar de los rayos solares Armazenar em lugar fresco e seco. Preservar dos raios solaresKeep in a cool, dry place.  Keep away from direct sunlight Tenir au frais et au sec. Protéger du rayonnement solaire","ean":"8434165441125"},{"full_name":"CUETARA TOSTA RICA Choco Guay galletas tostadas rellenas de chocolate y crema de leche caja 168 g","name":"Choco Guay galletas tostadas rellenas de chocolate y crema de leche caja 168 g","brand":"CUETARA TOSTA RICA ","img":"https://sgfm.elcorteingles.es/SGFM/dctm/MEDIA03/201710/17/00120610000307____18__600x600.jpg","price":"1,34 €","price_unit":"(7,98 € / Kilo)","categories":["Supermercado","Desayunos Dulces y pan","Desayunos, dulces y pan","Galletas","Galletas rellenas","CUETARA TOSTA RICA Choco Guay galletas tostadas rellenas de chocolate y crema de leche caja 168 g"],"general_information":["Denominación del alimento: Galleta sándwich rellena de crema de leche (13%) y crema de  cacao (18%)Bolacha recheada de creme de leite (13%) e creme de cacau (18%)","País de origen: España","Nombre del operador: Cuétara S.L.U.","Dirección del operador: Avda. Hermanos Gómez Cuétara núm. 1","Cantidad Neta: 168 g"],"ingredients":[" Harina de trigo 45%, azúcar, aceite de girasol alto oleico, grasa vegetal (palma), cacao desgrasado en polvo, suero de leche en polvo, leche en polvo, jarabe de  glucosa y fructosa, lactosa, gasificantes (carbonatos de sodio y de amonio), emulgentes: lecitina de soja,  lecitina de girasol (contiene trigo), emulgente (lecitina de soja), sal, colorante: E150d (contiene sulfitos), aromas (contiene leche), vitaminas (A, tiamina (B1), riboflavina (B2), niacina (B3), B6, D), sales minerales (hierro elemental y carbonato de calcio), agente de tratamiento de la harina (metabisulfito sódico). Contiene huevos. Puede contener frutos de cáscara."],"conservation":" Almacenar en lugar fresco y seco. Preservar de los rayos solares Armazenar em lugar fresco e seco. Proteger dos raios solares","ean":"8434165466395"},{"full_name":"REGLERO Cappuccino galletas rellenas sin azúcar añadido estuche 182 g","name":"Cappuccino galletas rellenas sin azúcar añadido estuche 182 g","brand":"REGLERO ","img":"https://sgfm.elcorteingles.es/SGFM/dctm/MEDIA03/201611/04/00120610002311____1__600x600.jpg","price":"1,59 €            ","price_unit":"(7,64 € / Kilo)","categories":["Supermercado","Desayunos Dulces y pan","Desayunos, dulces y pan","Galletas","Galletas rellenas","REGLERO Cappuccino galletas rellenas sin azúcar añadido estuche 182 g"],"general_information":[],"ingredients":[],"ean":"8412674104595"},{"full_name":"MAXIES Peppa Pig galletas sandwich rellenas de chocolate + 1 adhesivo paquete 240 g","name":"Peppa Pig galletas sandwich rellenas de chocolate + 1 adhesivo paquete 240 g","brand":"MAXIES ","img":"https://sgfm.elcorteingles.es/SGFM/dctm/MEDIA02/CONTENIDOS/201502/05/00120610001958____1__600x600.jpg","price":"1,54 €","price_unit":"(6,42 € / Kilo)","categories":["Supermercado","Desayunos Dulces y pan","Desayunos, dulces y pan","Galletas","Galletas rellenas","MAXIES Peppa Pig galletas sandwich rellenas de chocolate + 1 adhesivo paquete 240 g"],"general_information":[],"ingredients":[],"ean":"8436547640973"},{"full_name":"DULCESOL Black Macarons café 4 uds paquete 80 g","name":"Black Macarons café 4 uds paquete 80 g","brand":"DULCESOL ","img":"https://sgfm.elcorteingles.es/SGFM/dctm/MEDIA03/201602/18/00120660905736____1__600x600.jpg","price":"1,39 €            ","price_unit":"(16,50 € / Kilo)","categories":["Supermercado","Desayunos Dulces y pan","Desayunos, dulces y pan","Galletas","Galletas rellenas","DULCESOL Black Macarons café 4 uds paquete 80 g"],"general_information":["Denominación del alimento: Producto de pastelería y repostería. Macarons de café.","País de origen: España","Nombre del operador: Productos Dulcesol, S.L.U.","Dirección del operador: Avinguda d'Alacant, nº134 46702 Gandía (Valencia)","Cantidad Neta: 80 g","Número de raciones por envase: 4"],"ingredients":[" Ingredientes: Azúcar, harina de almendra, harina de trigo, jarabe de glucosa y fructosa, grasa vegetal de palma, clara de huevo\n en polvo, emulgente: E-471, humectante: sorbitol, almidón de maíz, \nalmidón modificado de maíz, espesantes: goma guar y pectinas, leche desnatada en polvo, café (0.3%), colorante: E-150d, proteínas de la leche, aromas, sal, conservador: E-202 y acidulante: E-270. Puede contener trazas de otros frutos de cáscara, soja, sésamo y/o productos derivados."],"conservation":" Conservar en un lugar fresco, seco y no expuesto a la luz.","ean":"8410087430089"},{"full_name":"DULCESOL Black Macarons chocolate 4 unidades paquete 80 g","name":"Black Macarons chocolate 4 unidades paquete 80 g","brand":"DULCESOL ","img":"https://sgfm.elcorteingles.es/SGFM/dctm/MEDIA03/201602/18/00120660905744____1__600x600.jpg","price":"1,42 €            ","price_unit":"(16,50 € / Kilo)","categories":["Supermercado","Desayunos Dulces y pan","Desayunos, dulces y pan","Galletas","Galletas rellenas","DULCESOL Black Macarons chocolate 4 unidades paquete 80 g"],"general_information":["Denominación del alimento: Macarons chocolate. Producto de pastelería y repostería.","País de origen: España","Nombre del operador: Productos Dulcesol,S.L.U.","Dirección del operador: Avinguda d'Alacant, nº134 46702 Gandía (Valencia)","Cantidad Neta: 80 g","Número de raciones por envase: 4"],"ingredients":[" Ingredientes: Azúcar, harina de almendra, jarabe de glucosa y fructosa, harina de trigo, aceite de palma, agua, clara de huevo en polvo, chocolate (1%) [azúcar, pasta de cacao, manteca de cacao, emulgente: lecitina de soja y aroma. Cacao: 44% mínimo (*)], emulgente: E-471, humectante: sorbitol, almidón de maíz, espesantes: pectinas y goma guar, leche desnatada en polvo, cacao desgrasado en polvo, proteínas de la leche,\n colorantes: E-150d y E-120, aromas y aromas de humo, sal, conservador: \nE-202 y acidulante: E-270. (*) % referido al total de pepitas de \nchocolate. Puede contener trazas de sésamo y/o productos derivados."],"conservation":" Conservar en un lugar fresco, seco y no expuesto a la luz.","ean":"8410087430096"},{"full_name":"DULCESOL Black Macarons frambuesa 4 unidades paquete 80 g","name":"Black Macarons frambuesa 4 unidades paquete 80 g","brand":"DULCESOL ","img":"https://sgfm.elcorteingles.es/SGFM/dctm/MEDIA03/201602/18/00120660905728____1__600x600.jpg","price":"1,37 €            ","price_unit":"(16,50 € / Kilo)","categories":["Supermercado","Desayunos Dulces y pan","Desayunos, dulces y pan","Galletas","Galletas rellenas","DULCESOL Black Macarons frambuesa 4 unidades paquete 80 g"],"general_information":["Denominación del alimento: Macarons sabor frambuesa. Producto de pastelería y repostería.","País de origen: España","Nombre del operador: Productos Dulcesol,S.L.U.","Dirección del operador: Avinguda d'Alacant, nº134 46702 Gandía (Valencia)","Cantidad Neta: 80 g","Número de raciones por envase: 4"],"ingredients":[" Ingredientes: Azúcar, harina de almendra, harina de trigo, jarabe de glucosa y fructosa, humectantes: glicerina y sorbitol, manzana (5%), agua, clara de huevo   en polvo, almidón modificado de maíz, emulgente: E-471, espesante: goma   guar, acidulantes: E-330 y E-331, colorantes: carmines y carotenos,   estabilizantes: E-460 y E-466, conservador: E-202 y aromas. Puede contener trazas de leche, soja, sésamo y/o productos derivados."],"conservation":" Conservar en un lugar fresco, seco y no expuesto a la luz.","ean":"8410087430072"},{"full_name":"DULCESOL Black Macarons limón 4 unidades paquete 80 g","name":"Black Macarons limón 4 unidades paquete 80 g","brand":"DULCESOL ","img":"https://sgfm.elcorteingles.es/SGFM/dctm/MEDIA03/201602/18/00120660905710____1__600x600.jpg","price":"1,39 €            ","price_unit":"(16,50 € / Kilo)","categories":["Supermercado","Desayunos Dulces y pan","Desayunos, dulces y pan","Galletas","Galletas rellenas","DULCESOL Black Macarons limón 4 unidades paquete 80 g"],"general_information":["Denominación del alimento: Macarons sabor limón. Producto de pastelería y repostería.","País de origen: España","Nombre del operador: Productos Dulcesol,S.L.U.","Dirección del operador: Avinguda d'Alacant, nº134 46702 Gandía (Valencia)","Cantidad Neta: 80 g","Número de raciones por envase: 4"],"ingredients":[" Ingredientes: Azúcar, harina de almendra, jarabe de glucosa y fructosa, harina de trigo, agua, aceite de palma, clara de huevo en polvo, emulgente: E-471, espesantes: pectinas y goma guar, proteínas de la leche, leche desnatada en polvo, colorante: carotenos, aromas, sal, conservador: E-202, humectante: sorbitol y acidulante: E-270.Puede contener trazas de soja, sésamo y/o productos derivados."],"conservation":" Conservar en un lugar fresco, seco y no expuesto a la luz.","ean":"8410087430065"},{"full_name":"DULCESOL Black Macarons melón 4 unidades paquete 80 g","name":"Black Macarons melón 4 unidades paquete 80 g","brand":"DULCESOL ","img":"https://sgfm.elcorteingles.es/SGFM/dctm/MEDIA03/201602/18/00120660905751____1__600x600.jpg","price":"1,37 €            ","price_unit":"(16,50 € / Kilo)","categories":["Supermercado","Desayunos Dulces y pan","Desayunos, dulces y pan","Galletas","Galletas rellenas","DULCESOL Black Macarons melón 4 unidades paquete 80 g"],"general_information":["Denominación del alimento: Macarons sabor melón. Producto de pastelería y repostería.","País de origen: España","Nombre del operador: Productos Dulcesol,S.L.U.","Dirección del operador: Avinguda d'Alacant, nº134 46702 Gandía (Valencia)","Cantidad Neta: 80 g","Número de raciones por envase: 4"],"ingredients":[" Ingredientes: Azúcar, agua, harina de almendra, harina de trigo, jarabe de glucosa y fructosa, aceite de palma, clara de huevo en polvo, emulgente: E-471, espesantes: goma guar y pectinas, proteínas de la leche, leche desnatada en polvo, sal, conservador: E-202, humectante: sorbitol, aromas, acidulante: E-270 y colorantes: carotenos y E-141. Puede contener trazas de soja, sésamo y/o productos derivados."],"conservation":" Conservar en un lugar fresco, seco y no expuesto a la luz.","ean":"8410087430102"},{"full_name":"DULCESOL Black Macarons naranja 4 unidades paquete 80 g","name":"Black Macarons naranja 4 unidades paquete 80 g","brand":"DULCESOL ","img":"https://sgfm.elcorteingles.es/SGFM/dctm/MEDIA03/201602/18/00120660905702____1__600x600.jpg","price":"1,37 €            ","price_unit":"(16,50 € / Kilo)","categories":["Supermercado","Desayunos Dulces y pan","Desayunos, dulces y pan","Galletas","Galletas rellenas","DULCESOL Black Macarons naranja 4 unidades paquete 80 g"],"general_information":["Denominación del alimento: Macarons sabor naranja. Producto de pastelería y repostería.","País de origen: España","Nombre del operador: Productos Dulcesol,S.L.U.","Dirección del operador: Avinguda d'Alacant, nº134 46702 Gandía (Valencia)","Cantidad Neta: 80 g","Número de raciones por envase: 4"],"ingredients":[" Ingredientes: Azúcar, harina de almendra, harina de trigo, jarabe de glucosa y fructosa, humectantes: glicerina y sorbitol, manzana (5%), agua, clara de huevo\n en polvo, almidón modificado de maíz, colorantes: carotenos y carmines,\n emulgente: E-471, espesante: goma guar, acidulantes: E-330 y E-331, \nestabilizantes: E-460 y E-466, conservador: E-202, aromas y agente de \ntratamiento de la harina: ácido ascórbico.Puede contener trazas de leche, soja, sésamo y/o productos derivados."],"conservation":" Conservar en un lugar fresco, seco y no expuesto a la luz.","ean":"8410087430058"},{"full_name":"GRISBI galletas rellenas de avellana especiales para café paquete 150 g","name":"galletas rellenas de avellana especiales para café paquete 150 g","brand":"GRISBI ","img":"https://sgfm.elcorteingles.es/SGFM/dctm/MEDIA02/CONTENIDOS/201407/29/00200210001970____1__600x600.jpg","price":"1,99 €","price_unit":"(13,27 € / Kilo)","categories":["Supermercado","Desayunos Dulces y pan","Desayunos, dulces y pan","Galletas","Galletas rellenas","GRISBI galletas rellenas de avellana especiales para café paquete 150 g"],"general_information":["Denominación del alimento: Galleta rellena de crema de avellana","País de origen: Italia","Nombre del operador: Primar Iberica. S.A.","Dirección del operador: c/ Angel Guimera 5-7 08930 Sant Adrià Besós","Cantidad Neta: 150 Mililitros"],"ingredients":[" Harina de trigo, azúcar , margarina vegetal ( aceite de palma, agua) , aceites vegetales de palma y  girasol , pasta de avellana  16 % en la crema , leche entera en polvo , glucosa, almíbar, huevos, cacao, mantequilla , almidón de trigo , almidón de maíz , emulsionante : lecitina de soja ,  sal, gasificante: carbonato de sodio y amonio , aromatizantes. Puede contener trazas de cacahuetes Sin grasas hidrogenadas"],"ean":"8033102690079"},{"full_name":"GRISBI galletas rellenas de chocolate paquete 150 g","name":"galletas rellenas de chocolate paquete 150 g","brand":"GRISBI ","img":"https://sgfm.elcorteingles.es/SGFM/dctm/MEDIA02/CONTENIDOS/201407/29/00200210001954____1__600x600.jpg","price":"1,99 €","price_unit":"(13,27 € / Kilo)","categories":["Supermercado","Desayunos Dulces y pan","Desayunos, dulces y pan","Galletas","Galletas rellenas","GRISBI galletas rellenas de chocolate paquete 150 g"],"general_information":["Denominación del alimento: Galleta rellena de crema de chocolate","País de origen: Italia","Nombre del operador: Primar Iberica. S.A.","Dirección del operador: c/ Angel Guimera 5-7 08930 Sant Adrià Besós","Cantidad Neta: 150 Mililitros"],"ingredients":[" Harina de trigo, azúcar , margarina vegetal ( aceite de palma, agua), aceites vegetales de palma y  girasol , cacao 5,5 % , jarabe de glucosa , pasta de avellanas , huevos, leche entera en polvo , mantequilla , cacao en pasta 3 % en la crema , chocolate 2,5 % en la crema (Azúcar, pasta de cacao , manteca de cacao , emulsionante : lecitina de soja, aromas ),lecitina desoja , sal, gasificantes. Emulsionante:carbonatos de sodio y amonio , aromas. Puede contener trazas de cacahuetes Sin grasas hidrogenadas"],"ean":"8033102690062"},{"full_name":"GRISBI galletas rellenas de suave crema de limón paquete 150 g","name":"galletas rellenas de suave crema de limón paquete 150 g","brand":"GRISBI ","img":"https://sgfm.elcorteingles.es/SGFM/dctm/MEDIA02/CONTENIDOS/201407/29/00200210001962____1__600x600.jpg","price":"1,99 €","price_unit":"(13,27 € / Kilo)","categories":["Supermercado","Desayunos Dulces y pan","Desayunos, dulces y pan","Galletas","Galletas rellenas","GRISBI galletas rellenas de suave crema de limón paquete 150 g"],"general_information":["Denominación del alimento: Galleta rellena de crema de limon","País de origen: Italia","Nombre del operador: Primar Iberica. S.A.","Dirección del operador: c/ Angel Guimera 5-7 08930 Sant Adrià Besós","Cantidad Neta: 150 Mililitros"],"ingredients":[" Harina de trigo, azúcar , margarina vegetal ( aceite de palma, agua) , aceites vegetales de palma y  girasol , leche  entera en polvo , jarabe de glucosa , , huevos , almidón de trigo, almidón de maíz, mantequilla , yema de  huevo en polvo, suero de leche en polvo , jugo de limón concentrado al 1% en la crema , emulsionante : lecitina desoja , sal, gasificantes : carbonatos sodio y amonio, aromatizantes . Puede contener trazas de cacahuetes y nueces.Sin grasas hidrogenadas"],"ean":"8033102690086"},{"full_name":"MICHEL ET AUGUSTIN Super Cookies galletas rellenas de chocolate con leche fundido paquete 180 g","name":"Super Cookies galletas rellenas de chocolate con leche fundido paquete 180 g","brand":"MICHEL ET AUGUSTIN ","img":"https://sgfm.elcorteingles.es/SGFM/dctm/MEDIA02/CONTENIDOS/201412/22/00200210002044____1__600x600.jpg","price":"3,85 €","price_unit":"(21,39 € / Kilo)","categories":["Supermercado","Desayunos Dulces y pan","Desayunos, dulces y pan","Galletas","Galletas rellenas","MICHEL ET AUGUSTIN Super Cookies galletas rellenas de chocolate con leche fundido paquete 180 g"],"general_information":["Denominación del alimento: Cookies Rellenos de chocolate con Leche y Avellanas","País de origen: Francia","Nombre del operador: Inasa Import S.L","Dirección del operador: Calle Zurbarán 7. entreplanta 4-28010 Madrid","Lugar de procedencia del alimento: Francia","Cantidad Neta: 180 g","Número de raciones por envase: 6"],"ingredients":[" Relleno de chocolate y avellana 26% [azúcar, aceite de girasol, chocolate 3,5% (cacao en polvo, azúcar, pasta de cacao), avellanas 3%, leche desnatada en polvo, emulsionante: lecitina de soja], harina de trigo, mantequilla, pepitas de chocolate con leche 15% (azúcar, leche entera en polvo, manteca de cacao, pasta de cacao, suero en polvo, leche desnatada en polvo, emulsionante: lecitina de soja, aroma), azúcar, avellanas picadas 4,5%, huevos frescos y claras de huevo, avellanas en polvo, almidón de trigo, gasificantes (difosfatos, carbonatos de sodio) y sal. Contiene gluten (trigo), leche y sus derivados, huevos, soja, avellanas y trazas de otros frutos secos. Puede contener trazas de mostaza."],"conservation":" Mantener a temperatura ambiente en un lugar fresco y seco.","ean":"3760122961708"},{"full_name":"MICHEL ET AUGUSTIN Super Cookies galletas rellenas de chocolate negro fundido paquete 180 g","name":"Super Cookies galletas rellenas de chocolate negro fundido paquete 180 g","brand":"MICHEL ET AUGUSTIN ","img":"https://sgfm.elcorteingles.es/SGFM/dctm/MEDIA03/201704/05/00120610002022____3__600x600.jpg","price":"3,85 €","price_unit":"(21,39 € / Kilo)","categories":["Supermercado","Desayunos Dulces y pan","Desayunos, dulces y pan","Galletas","Galletas rellenas","MICHEL ET AUGUSTIN Super Cookies galletas rellenas de chocolate negro fundido paquete 180 g"],"general_information":["Denominación del alimento: Cookies Relleno de chocolate negro con pepitas de chocolate","País de origen: Francia","Nombre del operador: Inasa Import S.L","Dirección del operador: Calle Zurbarán 7. entreplanta 4-28010 Madrid","Lugar de procedencia del alimento: Francia","Cantidad Neta: 180 g","Número de raciones por envase: 6"],"ingredients":[" Relleno de chocolate negro 26% [azúcar, aceite de girasol, cacao en polvo reducido en grasas, chocolate negro 2% (cacao magro en polvo, masa de cacao, azúcar), leche desnatada en polvo, emulsionante: lecitina de soja], harina de trigo, mantequilla, pepitas de chocolate 15% (azúcar, masa de cacao, manteca de cacao, emulsionante: lecitina de soja, aroma), azúcar, chocolate (pasta de cacao, azúcar, cacao magro en polvo), huevos frescos y claras de huevos, almidón de trigo, gasificantes (difosfato, carbonatos de sodio, carbonatos de amonio), cacao en polvo, sal, extracto de vainilla. Contiene gluten (trigo), leche y sus derivados, huevos, soja. Puede contener trazas de frutos de cáscara y mostaza."],"conservation":" Mantener a temperatura ambiente en un lugar fresco y seco.","ean":"3760122961715"},{"full_name":"BAHLSEN Pick Up! mini galletas rellenas de chocolate 10 envases de 2 unidades paquete 106 g","name":"Pick Up! mini galletas rellenas de chocolate 10 envases de 2 unidades paquete 106 g","brand":"BAHLSEN ","img":"https://sgfm.elcorteingles.es/SGFM/dctm/MEDIA03/201609/22/00200210002358____1__600x600.jpg","price":"1,99 €","price_unit":"(18,77 € / Kilo)","categories":["Supermercado","Desayunos Dulces y pan","Desayunos, dulces y pan","Galletas","Galletas rellenas","BAHLSEN Pick Up! mini galletas rellenas de chocolate 10 envases de 2 unidades paquete 106 g"],"general_information":[],"ingredients":[],"ean":"4017100407512"},{"full_name":"BAHLSEN Pick Up! galletas rellenas de chocolate pack de 3 envases 28 g","name":"Pick Up! galletas rellenas de chocolate pack de 3 envases 28 g","brand":"BAHLSEN ","img":"https://sgfm.elcorteingles.es/SGFM/dctm/MEDIA03/201608/24/00120610002303____1__600x600.jpg","price":"1,00 €","price_unit":"(11,90 € / Kilo)","categories":["Supermercado","Desayunos Dulces y pan","Desayunos, dulces y pan","Galletas","Galletas rellenas","BAHLSEN Pick Up! galletas rellenas de chocolate pack de 3 envases 28 g"],"general_information":["Denominación del alimento: Tableta de chocolate con leche (45%) entre dos crujientes galletas","País de origen: Alemania","Nombre del operador: BAHLSEN ESPAÑA, S.A.U.","Dirección del operador: Avda.Somosierra, 24 - 1ºB. 28703 San Sebastián de los Reyes, ESPAÑA","Cantidad Neta: 84 g"],"ingredients":[" Harina de trigo, azúcar, manteca de cacao, pasta de cacao, aceite de palma, leche entera en polvo, jarabe de glucosa, leche desnatada en polvo, grasa de mantequilla clarificada, avellanas trituradas, sal, emulsionante: lecitina (soja); suéro lácteo elaborado, gasificantes: bicarbonato sódico, difosfato; aroma (leche), almidón (trigo), acidulante: ácido cítrico; huevos de gallina en polvo."],"conservation":" Almacenar en lugar fresco y seco","ean":"4017100280207"},{"full_name":"BONNE MAMAN Tartelettes rellenas de chocolate y caramelo estuche 135 g","name":"Tartelettes rellenas de chocolate y caramelo estuche 135 g","brand":"BONNE MAMAN ","img":"https://sgfm.elcorteingles.es/SGFM/dctm/MEDIA03/201603/02/00120610002105____2__600x600.jpg","price":"2,75 €","price_unit":"(20,37 € / Kilo)","categories":["Supermercado","Desayunos Dulces y pan","Desayunos, dulces y pan","Galletas","Galletas rellenas","BONNE MAMAN Tartelettes rellenas de chocolate y caramelo estuche 135 g"],"general_information":["Denominación del alimento: Tartaleta de chocolate con caramelo","Nombre del operador: SAS ST Michel Biscuits","Dirección del operador: 2, Boulevard de Líndustrie F-41700 Contres - Francia","Cantidad Neta: 135 g","Otras menciones obligatorias en la etiqueta: Mantener en lugar fresco y seco."],"ingredients":[" Harina de trigo, chocolate con leche 27% (azúcar, manteca de cacao, leche entera en polvo, masa de cacao, emulsionante: lecitina de soja, sabor de vainilla natural), caramelo 20% (jarabe de glucosa, mantequilla fresca, leche condensada, azúcar moreno y sal caramelizada, emulsionantes: lecitina de soja y sabor natural), azúcar, mantequilla fresca, huevos frescos, leche desnatada en polvo, sal y polvo para hornear (carbonatos de sodio y difosfatos). Puede contener trazas de frutos secos y semillas de sésamo."],"conservation":" Mantener en lugar fresco y seco","ean":"3178530403022"},{"full_name":"BONNE MAMAN Tartelettes rellenas de limón estuche 125 g","name":"Tartelettes rellenas de limón estuche 125 g","brand":"BONNE MAMAN ","img":"https://sgfm.elcorteingles.es/SGFM/dctm/MEDIA03/201603/02/00120610001420____1__600x600.jpg","price":"2,75 €","price_unit":"(22 € / Kilo)","categories":["Supermercado","Desayunos Dulces y pan","Desayunos, dulces y pan","Galletas","Galletas rellenas","BONNE MAMAN Tartelettes rellenas de limón estuche 125 g"],"general_information":[],"ingredients":[],"ean":"3178530402988"},{"full_name":"BONNE MAMAN Tartelettes rellenas de frambuesa estuche 125 g","name":"Tartelettes rellenas de frambuesa estuche 125 g","brand":"BONNE MAMAN ","img":"https://sgfm.elcorteingles.es/SGFM/dctm/MEDIA03/201603/02/00120610001438____1__600x600.jpg","price":"2,75 €","price_unit":"(22 € / Kilo)","categories":["Supermercado","Desayunos Dulces y pan","Desayunos, dulces y pan","Galletas","Galletas rellenas","BONNE MAMAN Tartelettes rellenas de frambuesa estuche 125 g"],"general_information":[],"ingredients":[],"ean":"3178530402995"},{"full_name":"GULLON DIET NATURE galletas integrales sandwich con 37% de chocolate negro sin azúcares añadidos paquete 250 g","name":"galletas integrales sandwich con 37% de chocolate negro sin azúcares añadidos paquete 250 g","brand":"GULLON DIET NATURE ","img":"https://sgfm.elcorteingles.es/SGFM/dctm/MEDIA03/201606/22/00120613801164____2__600x600.jpg","price":"1,23 €","price_unit":"(4,92 € / Kilo)","categories":["Supermercado","Desayunos Dulces y pan","Desayunos, dulces y pan","Galletas","Galletas rellenas","GULLON DIET NATURE galletas integrales sandwich con 37% de chocolate negro sin azúcares añadidos paquete 250 g"],"general_information":["Denominación del alimento: Galleta rellena de crema sabor chocolate sin azúcares añadidos con edulcorantes","Nombre del operador: GALLETAS GULLON, S.A","Dirección del operador: Ctra, Burgos km 1,5- 34800 Aguilar de Campoo (Palencia)","Cantidad Neta: 250 g","Otras menciones obligatorias en la etiqueta: Un consumo excesivo puede producir efecto laxantes"],"ingredients":[" Harina de trigo 42,5%, crema de chocolate 37% (edulcorante (maltitol), grasa vegetal (palma), cacao en polvo 12,5%, almidón de trigo%, derivado lácteo en polvo (proteínas de la leche y leche desnatada en polvo), leche desnatada en polvo, emulgente (lecitina de soja), aroma de vainilla), edulcorante (maltitol), aceite vegetal (girasol alto oleico) 5,5%, fibra vegetal , derivado lácteo en polvo (proteínas de la leche y leche desnatada en polvo), leche desnatada en polvo, gasificantes (carbonato ácido de sodio y carbonato ácido de amonio),  sal, emulgente (lecitina de soja), aromas, antioxidante (metabisulfito sódico). Contiene azúcares naturalmente presentes."],"conservation":" Almacenar en lugar fresco y seco. Proteger de los rayos solares. Una vez abierto, mantener en las mismas condiciones y cerrar después de cada uso.","ean":"8410376037784"},{"full_name":"GULLON DIET NATURE galletas sandwich sabor yogurt sin azúcares añadidos con cereales integrales envase 220 g","name":"galletas sandwich sabor yogurt sin azúcares añadidos con cereales integrales envase 220 g","brand":"GULLON DIET NATURE ","img":"https://sgfm.elcorteingles.es/SGFM/dctm/MEDIA03/201701/30/00120613801438____2__600x600.jpg","price":"1,84 €","price_unit":"(8,36 € / Kilo)","categories":["Supermercado","Desayunos Dulces y pan","Desayunos, dulces y pan","Galletas","Galletas rellenas","GULLON DIET NATURE galletas sandwich sabor yogurt sin azúcares añadidos con cereales integrales envase 220 g"],"general_information":["Denominación del alimento: Galleta rellena de crema sin azúcares añadidos con edulcorante","Nombre del operador: GALLETAS GULLON, S.A","Dirección del operador: Ctra, Burgos km 1,5- 34800 Aguilar de Campoo (Palencia)","Cantidad Neta: 220 g","Otras menciones obligatorias en la etiqueta: Un consumo excesivo puede producir efecto laxantes"],"ingredients":[" Cereales integrales 34,5% (harina integral de trigo, copos de avena, harina integral de cebada, harina integral de centeno), crema 28% [edulcorante (maltitol), yogur desnatado en polvo 18,5%, grasa vegetal (palma y palmiste), almidón de trigo, aceite vegetal (girasol alto oleico) 9%, leche desnatada en polvo, emulgente (lecitina de soja), ácido láctico], edulcorante (maltitol), aceite vegetal (girasol alto oleico) 9%, harina de trigo, fibra vegetal, arroz inflado 3% (harina de arroz, harina de trigo, sal),  leche desnatada en polvo, gasificantes (carbonato ácido de sodio y carbonato ácido de amonio), emulgente (lecitina de soja), sal, aromas. Puede contener trazas de frutos secos."],"conservation":" Almacenar en lugar fresco y seco. Proteger de los rayos solares. Una vez abierto, mantener en las mismas condiciones y cerrar después de cada uso.","ean":"8410376042481"},{"full_name":"GULLON DIET NATURE galletas sandwich de cacao rellenas de crema sin azúcares añadidos paquete 210 g","name":"galletas sandwich de cacao rellenas de crema sin azúcares añadidos paquete 210 g","brand":"GULLON DIET NATURE ","img":"https://sgfm.elcorteingles.es/SGFM/dctm/MEDIA03/201701/30/00120613801594____6__600x600.jpg","price":"1,76 €","price_unit":"(8,38 € / Kilo)","categories":["Supermercado","Desayunos Dulces y pan","Desayunos, dulces y pan","Galletas","Galletas rellenas","GULLON DIET NATURE galletas sandwich de cacao rellenas de crema sin azúcares añadidos paquete 210 g"],"general_information":["Denominación del alimento: Galleta de cacao rellena de crema sin azúcares añadidos con edulcorante","Nombre del operador: GALLETAS GULLON, S.A","Dirección del operador: Ctra, Burgos km 1,5- 34800 Aguilar de Campoo (Palencia)","Cantidad Neta: 210 g","Otras menciones obligatorias en la etiqueta: Un consumo excesivo puede producir efecto laxantes"],"ingredients":[" Harina de trigo 39,5%, crema 29% [edulcorante (maltitol), grasa vegetal (palma y palmiste), almidón de trigo, fibra vegetal, aceite vegetal 9% (girasol alto oleico), aroma de vainilla, emulgente: lecitina de soja)], edulcorante (maltitol) , aceite vegetal 8% (girasol alto oleico), cacao en polvo 4,5%, fibra vegetal, gasificantes (carbonato ácido de sodio y carbonato ácido de amonio), sal, emulgente (lecitina de soja), aromas. Puede contener trazas de leche"],"conservation":" Almacenar en lugar fresco y seco. Proteger de los rayos solares. Una vez abierto, mantener en las mismas condiciones y cerrar después de cada uso.","ean":"8410376044393"},{"full_name":"GULLON Vitalday sandwich de galletas integrales con avena y frutos rojos rellenas de yogurt paquete 220 g","name":"Vitalday sandwich de galletas integrales con avena y frutos rojos rellenas de yogurt paquete 220 g","brand":"GULLON ","img":"https://sgfm.elcorteingles.es/SGFM/dctm/MEDIA03/201701/30/00120613801537____2__600x600.jpg","price":"1,75 €","price_unit":"(7,95 € / Kilo)","categories":["Supermercado","Desayunos Dulces y pan","Desayunos, dulces y pan","Galletas","Galletas rellenas","GULLON Vitalday sandwich de galletas integrales con avena y frutos rojos rellenas de yogurt paquete 220 g"],"general_information":["Denominación del alimento: Galleta rellena de crema","Nombre del operador: GALLETAS GULLON, S.A","Dirección del operador: Ctra, Burgos km 1,5- 34800 Aguilar de Campoo (Palencia)","Cantidad Neta: 220 g"],"ingredients":[" Cereales integrales 32% (copos de avena, copos de trigo malteado, harina integral de cebada), crema 28% [azúcar, yogur desnadado en polvo 18,5%, grasa vegetal (palma y palmiste), almidón de trigo, aceite vegetal 9% (girasol alto oleico), leche desnatada en polvo, emulgente: lecitina de soja, ácido láctico], azúcar, arroz inflado (harina de arroz, harina de trigo, sal), aceite vegetal 7% (girasol alto oleico), preparado de frutas rojas 5% [fruta 29% (fresa, grosella negra, frambuesa), jarabe de fructosa y glucosa, jarabe de glucosa, humectante (glicerol), azúcar, fibra de trigo, agente gelificante (pectina), grasa vegetal (girasol), reguladores de acidez (ácido málico y ácido cítrico), aromas], copos de maíz (maíz, sal, azúcar, jarabe de malta de cebada), fibra vegetal, gelificante (goma arábiga), sal, emulgente (lecitina de soja), gasificante (carbonato ácido de amonio), aroma. Puede contener trazas de frutos secos."],"conservation":" Almacenar en lugar fresco y seco. Proteger de los rayos solares. Una vez abierto, mantener en las mismas condiciones y cerrar después de cada uso.","ean":"8410376042528"},{"full_name":"GULLON Vitalday sandwich de galletas de avena con chip de chocolate rellenas de avellanas paquete 220 g","name":"Vitalday sandwich de galletas de avena con chip de chocolate rellenas de avellanas paquete 220 g","brand":"GULLON ","img":"https://sgfm.elcorteingles.es/SGFM/dctm/MEDIA03/201703/28/00120613801610____1__600x600.jpg","price":"1,69 €","price_unit":"(7,68 € / Kilo)","categories":["Supermercado","Desayunos Dulces y pan","Desayunos, dulces y pan","Galletas","Galletas rellenas","GULLON Vitalday sandwich de galletas de avena con chip de chocolate rellenas de avellanas paquete 220 g"],"general_information":["Denominación del alimento: Galleta rellena de crema sabor avellana","Nombre del operador: GALLETAS GULLON, S.A","Dirección del operador: Ctra, Burgos km 1,5- 34800 Aguilar de Campoo (Palencia)","Cantidad Neta: 220 g"],"ingredients":[" Cereales integrales 31,5% (copos de avena, copos de trigo malteado, harina integral de cebada), crema sabor avellana 28% [azúcar, grasa vegetal (palma y palmiste), almidón de trigo, cacao en polvo 10,8%, pasta de avellana 5,5%, aceite vegetal 5% (girasol alto oleico), emulgente: lecitina de soja, aroma de avellana 0,3%], azúcar, arroz inflado (harina de arroz, harina de trigo, sal), aceite vegetal 7% (girasol alto oleico), chips de chocolate negro 5% (azúcar, pasta de cacao, manteca de cacao, emulgente: lecitina de soja, aromas), fibra vegetal , copos de maíz (maíz, sal, azúcar, jarabe de malta de cebada), sal, emulgente: lecitina de soja , gasificante (bicarbonato amónico). Trazas de leche."],"conservation":" Almacenar en lugar fresco y seco. Proteger de los rayos solares. Una vez abierto, mantener en las mismas condiciones y cerrar después de cada uso.","ean":"8410376042535"},{"full_name":"TRIAS teulas surtido de galletas caja 800 g","name":"teulas surtido de galletas caja 800 g","brand":"TRIAS ","img":"https://sgfm.elcorteingles.es/SGFM/dctm/MEDIA02/CONTENIDOS/201410/16/00120614300042____1__600x600.jpg","price":"14,99 €","price_unit":"(18,74 € / Kilo)","categories":["Supermercado","Desayunos Dulces y pan","Desayunos, dulces y pan","Galletas","Galletas especiales","TRIAS teulas surtido de galletas caja 800 g"],"general_information":["Denominación del alimento: Galletas","País de origen: España","Nombre del operador: Trias Galetes Biscuits S.A.","Dirección del operador: Crta de Sils, 36 - 17430 Sta. Coloma de Farners","Cantidad Neta: 800 g"],"ingredients":[" Azúcar blanco, almendra, harina de trigo, huevo, nata fresca y sal.Teula: Galleta hecha a base de almendra, el clásico de Trias.\"Crocant\": Barrita de almendra y azúcar a punto de caramelo.\"Pralinet\": Barrita de almendra y azúcar recubierta de pasta de barquillo.\"Neulet de almendra\": Barquillo corto relleno de praliné de almendra."],"conservation":" Conservar en lugar fresco y seco.","ean":"8411724010800"},{"full_name":"TRIAS teulas surtido de galletas caja 400 g","name":"teulas surtido de galletas caja 400 g","brand":"TRIAS ","img":"https://sgfm.elcorteingles.es/SGFM/dctm/MEDIA02/CONTENIDOS/201503/24/00120614300059____2__600x600.jpg","price":"8,90 €","price_unit":"(22,25 € / Kilo)","categories":["Supermercado","Desayunos Dulces y pan","Desayunos, dulces y pan","Galletas","Galletas especiales","TRIAS teulas surtido de galletas caja 400 g"],"general_information":["Denominación del alimento: Galletas","País de origen: España","Nombre del operador: Trias Galetes Biscuits S.A.","Dirección del operador: Crta de Sils, 36 - 17430 Sta. Coloma de Farners","Cantidad Neta: 400 g"],"ingredients":[" Azúcar blanco, almendra, harina de trigo, huevo, nata fresca y sal.Teula: Galleta hecha a base de almendra, el clásico de Trias.\"Crocant\": Barrita de almendra y azúcar a punto de caramelo.\"Pralinet\": Barrita de almendra y azúcar recubierta de pasta de barquillo.\"Neulet de almendra\": Barquillo corto relleno de praliné de almendra."],"ean":"8411724010404"},{"full_name":"WALKERS galletas de jengibre paquete 150 g","name":"galletas de jengibre paquete 150 g","brand":"WALKERS ","img":"https://sgfm.elcorteingles.es/SGFM/00/91/9/0120614300919/0120614300919000g01011.jpg","price":"2,55 €","price_unit":"(17 € / Kilo)","categories":["Supermercado","Desayunos Dulces y pan","Desayunos, dulces y pan","Galletas","Galletas especiales","WALKERS galletas de jengibre paquete 150 g"],"general_information":["Denominación del alimento: Galletas","Nombre del operador: Walkers Shortbread Limited","Dirección del operador: Aberlour-on-Spey, Scotland, United Kingdom (AB38 9PD)","Cantidad Neta: 150 g"],"ingredients":[" Harina de trigo (harina de trigo, carbonato de calcio, hierro, niacina, tiamina), aceites vegetales (colza, palma), azúcar, tallo de jengibre cristalizado (14%)(tallo de jengibre, azúcar), melaza (parcialmente jarabe de azúcar invertido), avena,  gasificantes (bicarbonato de sodio, difosfato disódico), leche desnatada en polvo, jengibre molido, sal."],"conservation":" Conservar en un lugar fresco y seco","ean":"0039047005426"},{"full_name":"WALKERS galletas de avena con arándanos estuche 150 g","name":"galletas de avena con arándanos estuche 150 g","brand":"WALKERS ","img":"https://sgfm.elcorteingles.es/SGFM/02/08/9/0120614302089/0120614302089000g01011.jpg","price":"2,35 €","price_unit":"(15,67 € / Kilo)","categories":["Supermercado","Desayunos Dulces y pan","Desayunos, dulces y pan","Galletas","Galletas especiales","WALKERS galletas de avena con arándanos estuche 150 g"],"general_information":["Denominación del alimento: Galletas","Nombre del operador: Walkers Shortbread Limited","Dirección del operador: Aberlour-on-Spey, Scotland, United Kingdom (AB38 9PD)","Cantidad Neta: 150 g"],"ingredients":[" Avena (28%),  aceites vegetales (colza, palma), Harina de trigo (harina de trigo, carbonato de calcio, hierro, niacina, tiamina), azúcar, arándanos secos endulzados (arándanos, azúcar, aceite de girasol), melaza,  gasificantes (glucono-delta-lactona, hidrogenocarbonato de sodio), leche desnatada en polvo, jarabe de azúcar invertido, sal."],"conservation":" Conservar en un lugar fresco y seco","ean":"0039047050105"},{"full_name":"JULES DESTROOPER biscuits de almendra estuche 100 g","name":"biscuits de almendra estuche 100 g","brand":"JULES DESTROOPER ","img":"https://sgfm.elcorteingles.es/SGFM/dctm/MEDIA02/CONTENIDOS/201410/27/00120614301156____1__600x600.jpg","price":"3,08 €            ","price_unit":"(29,90 € / Kilo)","categories":["Supermercado","Desayunos Dulces y pan","Desayunos, dulces y pan","Galletas","Galletas especiales","JULES DESTROOPER biscuits de almendra estuche 100 g"],"general_information":["Denominación del alimento: Galletas","Nombre del operador: Biscuiterie Jules Destrooper","Dirección del operador: Zwaanjofweg 20, 8900 Ieper.","Cantidad Neta: 100 g"],"ingredients":[" Harina de trigo, azúcar, mantequilla, almendra, huevos de corral, bicarbonato de sodio, sal marina,"],"conservation":" Conservar en un lugar fresco y seco","ean":"5410471110217"},{"full_name":"GAVOTTES Plaisir Dentelle creps de galletas surtidos estuche 240 g","name":"Plaisir Dentelle creps de galletas surtidos estuche 240 g","brand":"GAVOTTES ","img":"https://sgfm.elcorteingles.es/SGFM/dctm/MEDIA03/201604/29/00120614302493____1__600x600.jpg","price":"9,45 €            ","price_unit":"(37,46 € / Kilo)","categories":["Supermercado","Desayunos Dulces y pan","Desayunos, dulces y pan","Galletas","Galletas especiales","GAVOTTES Plaisir Dentelle creps de galletas surtidos estuche 240 g"],"general_information":["Denominación del alimento: Crêpe","Nombre del operador: LOCMARIA BISCUITS","Dirección del operador: 1 Rue de Pélineuc 22100 LANVALLAY","Cantidad Neta: 240 g"],"ingredients":[" Harina de trigo, azúcar, chocolate con leche 10% (azúcar, manteca de cacao, leche entera en polvo, pasta de cacao, lactosa, emulgente: lecitinas (soja), aroma natural de vainilla), Chocolate oscuro 10% (pasta de cacao, azúcar, manteca de cacao, mantequilla concentrada de pastelería (leche), emulgente: lecitinas (soja), aroma natural de vainilla), mantequilla concentrada de pastelería (leche) 7%, Proteínas de lactosa y de leche, sal, extracto de malta de cebada, gasificante: carbonatos de sodio, lecitinas (soja)."],"conservation":" Almacenar en lugar fresco y seco. Consumir poco después de abrir.","ean":"3535800170419"},{"full_name":"GAVOTTES Nature crepes de galleta crujientes caja 125 g","name":"Nature crepes de galleta crujientes caja 125 g","brand":"GAVOTTES ","img":"https://sgfm.elcorteingles.es/SGFM/dctm/MEDIA03/201710/24/00120614302030____1__600x600.jpg","price":"3,80 €","price_unit":"(30,40 € / Kilo)","categories":["Supermercado","Desayunos Dulces y pan","Desayunos, dulces y pan","Galletas","Galletas especiales","GAVOTTES Nature crepes de galleta crujientes caja 125 g"],"general_information":["Denominación del alimento: Crêpe","Nombre del operador: LOCMARIA BISCUITS","Dirección del operador: 1 Rue de Pélineuc 22100 LANVALLAY","Cantidad Neta: 125 g"],"ingredients":[" Harina de trigo, azúcar, mantequilla concentrada de pastelería (leche) 5%, Proteínas de lactosa y de leche, sal, extracto de malta de cebada, gasificante: carbonatos de sodio, lecitinas (soja)."],"conservation":" Almacenar en lugar fresco y seco. Consumir poco después de abrir.","ean":"3431410001023"},{"full_name":"CURRO JIMENEZ galletas de leche frita bandeja 400 g","name":"galletas de leche frita bandeja 400 g","brand":"CURRO JIMENEZ ","img":"https://sgfm.elcorteingles.es/SGFM/dctm/MEDIA02/CONTENIDOS/201410/17/00120671700423____1__600x600.jpg","price":"3,95 €","price_unit":"(9,88 € / Kilo)","categories":["Supermercado","Desayunos Dulces y pan","Desayunos, dulces y pan","Galletas","Galletas especiales","CURRO JIMENEZ galletas de leche frita bandeja 400 g"],"general_information":[],"ingredients":[],"ean":"8411128000148"},{"full_name":"BIRBA Nuria Mediterránea galletas con avellanas, almendras, uvas pasas y aceite de oliva estuche 420 g","name":"Nuria Mediterránea galletas con avellanas, almendras, uvas pasas y aceite de oliva estuche 420 g","brand":"BIRBA ","img":"https://sgfm.elcorteingles.es/SGFM/dctm/MEDIA03/201609/22/00120608201222____4__600x600.jpg","price":"3,14 €","price_unit":"(7,48 € / Kilo)","categories":["Supermercado","Desayunos Dulces y pan","Desayunos, dulces y pan","Galletas","Galletas especiales","BIRBA Nuria Mediterránea galletas con avellanas, almendras, uvas pasas y aceite de oliva estuche 420 g"],"general_information":["Denominación del alimento: Galletas ricas en fibra con frutos secos","País de origen: España","Nombre del operador: Galetes Camprodon S.A","Dirección del operador: C38 pk 8,3 sn 17867 Camprodon (Girona) España","Cantidad Neta: 420 g","Número de raciones por envase: 13"],"ingredients":[" Harina de trigo, azúcar, aceite de oliva (8%) , uvas pasas (5%) , almendras (3%), avellanas (3%), leche descremada en polvo, dextrosa, huevos frescos, bicarbonato sódico y amónico, sal marina, aceite esencial de limón."],"conservation":" Conservar en lugar fresco y seco protegido de la luz solar","ean":"8412522000352"},{"full_name":"BIRBA Ametllats galletas de almendra estuche 75 g","name":"Ametllats galletas de almendra estuche 75 g","brand":"BIRBA ","img":"https://sgfm.elcorteingles.es/SGFM/dctm/MEDIA03/201711/10/00120614302832____1__600x600.jpg","price":"2,49 €","price_unit":"(33,20 € / Kilo)","categories":["Supermercado","Desayunos Dulces y pan","Desayunos, dulces y pan","Galletas","Galletas especiales","BIRBA Ametllats galletas de almendra estuche 75 g"],"general_information":["Denominación del alimento: Galletas de Almendra","País de origen: España","Nombre del operador: Galetes Camprodon S.A","Dirección del operador: C38 pk 8,3 sn 17867 Camprodon (Girona) España","Cantidad Neta: 75 g","Peso neto escurrido: 75 g","Otras menciones obligatorias en la etiqueta: Producto sin gluten y Sin lactosa. Apto para celíacos"],"ingredients":[" Azúcar, almendras (40%min) y huevos frescos."],"conservation":" Conservar en lugar freso y seco al abrigo de la luz del sol","ean":"8412522000208"},{"full_name":"INTERMON OXFAM galletas con miel y anacardos estuche 300 g","name":"galletas con miel y anacardos estuche 300 g","brand":"INTERMON OXFAM ","img":"https://sgfm.elcorteingles.es/SGFM/dctm/MEDIA02/CONTENIDOS/201503/09/00120614301677____1__600x600.jpg","price":"3,61 €","price_unit":"(12,03 € / Kilo)","categories":["Supermercado","Desayunos Dulces y pan","Desayunos, dulces y pan","Galletas","Galletas especiales","INTERMON OXFAM galletas con miel y anacardos estuche 300 g"],"general_information":[],"ingredients":[],"ean":"8437007611151"},{"full_name":"INTERMON OXFAM galletas con cacao y anacardos estuche 300 g","name":"galletas con cacao y anacardos estuche 300 g","brand":"INTERMON OXFAM ","img":"https://sgfm.elcorteingles.es/SGFM/01/68/5/0120614301685/0120614301685000g01011.jpg","price":"3,61 €","price_unit":"(12,03 € / Kilo)","categories":["Supermercado","Desayunos Dulces y pan","Desayunos, dulces y pan","Galletas","Galletas especiales","INTERMON OXFAM galletas con cacao y anacardos estuche 300 g"],"general_information":["Denominación del alimento: Galletas con cacao y anacardos.","País de origen: España","Nombre del operador: Oxfam Intermón.","Dirección del operador: C/ Louis Pasteur 1, Parque tecnológico 46980 Paterna (Valencia).","Cantidad Neta: 300,0 g"],"ingredients":[" Harina de trigo (gluten),\nazúcar de caña*, aceite de palma, anacardos*\n(9%), mantequilla, azúcar de caña\nintegral*, cacao desgrasado* (7%), miel*, huevo, leche desnatada\nen polvo, sal, gasificantes: carbonato de sodio y carbonato de amonio, aromas. \n\n* Ingrediente procedente de comercio justo."],"conservation":" Conservar en lugar fresco y seco.","ean":"8437007611168"},{"full_name":"LOTUS Biscoff galletas caramelizadas estuche 250 g","name":"Biscoff galletas caramelizadas estuche 250 g","brand":"LOTUS ","img":"https://sgfm.elcorteingles.es/SGFM/dctm/MEDIA03/201706/09/00120614301610____1__600x600.jpg","price":"1,64 €","price_unit":"(6,56 € / Kilo)","categories":["Supermercado","Desayunos Dulces y pan","Desayunos, dulces y pan","Galletas","Galletas especiales","LOTUS Biscoff galletas caramelizadas estuche 250 g"],"general_information":["Denominación del alimento: Galleta Caramelizada","País de origen: España","Nombre del operador: Lopez Market, S.L.","Dirección del operador: Pol. Ind. Valdonaire, c/Andrés Álvarez 22-26 - 28970 Humanes (Madrid)","Lugar de procedencia del alimento: Bélgica","Cantidad Neta: 250 g"],"ingredients":[" Harina de trigo, azúcar, aceites vegetales (palma, colza), jarabe de azúcar moreno, levadura en polvo (bicarbonato sódico), harina de soja, sal, especia (canela).Contiene: trigo, soja."],"conservation":" Mantener en lugar seco y fresco.","ean":"5410126716016"},{"full_name":"LOTUS Biscoff galletas caramelizadas 12 pack de 2 unidades envase 180 g","name":"Biscoff galletas caramelizadas 12 pack de 2 unidades envase 180 g","brand":"LOTUS ","img":"https://sgfm.elcorteingles.es/SGFM/01/14/9/0120614301149/0120614301149000g01011.jpg","price":"1,30 €","price_unit":"(7,22 € / Kilo)","categories":["Supermercado","Desayunos Dulces y pan","Desayunos, dulces y pan","Galletas","Galletas especiales","LOTUS Biscoff galletas caramelizadas 12 pack de 2 unidades envase 180 g"],"general_information":["Denominación del alimento: Galleta Caramelizada","País de origen: España","Nombre del operador: LOTUS BAKERIES, S.L.","Dirección del operador: C/ Severo Ochoa , 3","Lugar de procedencia del alimento: Bélgica","Cantidad Neta: 186 g"],"ingredients":[" Harina de trigo, azúcar, aceites vegetales (aceite de palma de plantaciones sostenibles y certificadas, aceite de nabina), jarabe de azúcar moreno, levadura en polvo (bicarbonato sódico), harina de soja, sal, canela."],"conservation":" Mantener en lugar seco y fresco.","ean":"5410126116236"},{"full_name":"ANNA'S Original Orange Thins galleta paquete 150 g","name":"Original Orange Thins galleta paquete 150 g","brand":"ANNA'S ","img":"https://sgfm.elcorteingles.es/SGFM/dctm/MEDIA02/CONTENIDOS/201501/30/00120614302402____1__600x600.jpg","price":"1,85 €","price_unit":"(12,33 € / Kilo)","categories":["Supermercado","Desayunos Dulces y pan","Desayunos, dulces y pan","Galletas","Galletas especiales","ANNA'S Original Orange Thins galleta paquete 150 g"],"general_information":[],"ingredients":[],"ean":"7312220035735"},{"full_name":"ANNA'S galletas Cappuccino Thins estuche 150 g","name":"galletas Cappuccino Thins estuche 150 g","brand":"ANNA'S ","img":"https://sgfm.elcorteingles.es/SGFM/dctm/MEDIA02/CONTENIDOS/201410/17/00120614301370____1__600x600.jpg","price":"1,85 €","price_unit":"(12,33 € / Kilo)","categories":["Supermercado","Desayunos Dulces y pan","Desayunos, dulces y pan","Galletas","Galletas especiales","ANNA'S galletas Cappuccino Thins estuche 150 g"],"general_information":["Denominación del alimento: Galletas de sabor a café","País de origen: España","Nombre del operador: Lopez Market, S.L.","Dirección del operador: Pol. Ind. Valdonaire, c/Andrés Álvarez 22-26 - 28970 Humanes (Madrid)","Lugar de procedencia del alimento: Suecia","Cantidad Neta: 150 g"],"ingredients":[" Harina de trigo, azúcar, aceite vegetal (palma, colza, coco), jarabe de azúcar invertido, sal, levadura en polvo (bicarbonato sódico), aroma de café.Contiene: trigo. Puede contener: trazas de almendras."],"conservation":" Mantener en lugar seco y fresco.","ean":"7312220023398"},{"full_name":"ANNA'S galletas Ginger Thins estuche 150 g","name":"galletas Ginger Thins estuche 150 g","brand":"ANNA'S ","img":"https://sgfm.elcorteingles.es/SGFM/dctm/MEDIA02/CONTENIDOS/201411/19/00120614301388____1__600x600.jpg","price":"1,85 €","price_unit":"(12,33 € / Kilo)","categories":["Supermercado","Desayunos Dulces y pan","Desayunos, dulces y pan","Galletas","Galletas especiales","ANNA'S galletas Ginger Thins estuche 150 g"],"general_information":["Denominación del alimento: Galletas de Jenjibre","País de origen: España","Nombre del operador: Lopez Market, S.L.","Dirección del operador: Pol. Ind. Valdonaire, c/Andrés Álvarez 22-26 - 28970 Humanes (Madrid)","Lugar de procedencia del alimento: Suecia","Cantidad Neta: 150 g"],"ingredients":[" Harina de trigo, azúcar, aceite vegetal (palma, colza, coco), jarabe de azúcar invertido, sal, levadura en polvo (bicarbonato sódico), canela, jenjibre, clavo.Contiene: trigo. Puede contener: trazas de almendras."],"conservation":" Mantener en lugar seco y fresco.","ean":"7312220011272"},{"full_name":"ANNA'S galletas originales almendras Thins estuche 150 g","name":"galletas originales almendras Thins estuche 150 g","brand":"ANNA'S ","img":"https://sgfm.elcorteingles.es/SGFM/dctm/MEDIA02/CONTENIDOS/201410/17/00120614301651____1__600x600.jpg","price":"1,85 €","price_unit":"(12,33 € / Kilo)","categories":["Supermercado","Desayunos Dulces y pan","Desayunos, dulces y pan","Galletas","Galletas especiales","ANNA'S galletas originales almendras Thins estuche 150 g"],"general_information":["Denominación del alimento: Galletas de almendra","País de origen: España","Nombre del operador: Lopez Market, S.L.","Dirección del operador: Pol. Ind. Valdonaire, c/Andrés Álvarez 22-26 - 28970 Humanes (Madrid)","Lugar de procedencia del alimento: Suecia","Cantidad Neta: 150 g"],"ingredients":[" Harina de trigo, azúcar, aceite vegetal (palma, colza, coco), jarabe de azúcar invertido, sal, almendras (4%), levadura en polvo (bicarbonato sódico), canela, aroma.Contiene: trigo, almendras."],"conservation":" Mantener en lugar seco y fresco.","ean":"7312220016277"},{"full_name":"CASTILLO DE MORILES galletones bandeja 320 g","name":"galletones bandeja 320 g","brand":"CASTILLO DE MORILES ","img":"https://sgfm.elcorteingles.es/SGFM/dctm/MEDIA02/CONTENIDOS/201512/21/00120660905215____1__600x600.jpg","price":"2,05 €","categories":["Supermercado","Desayunos Dulces y pan","Desayunos, dulces y pan","Galletas","Galletas especiales","CASTILLO DE MORILES galletones bandeja 320 g"],"general_information":[],"ingredients":[],"ean":"8437014825190"},{"full_name":"GALEFIT galletas de aceite mallorquinas bolsa 350 g","name":"galletas de aceite mallorquinas bolsa 350 g","brand":"GALEFIT ","img":"https://sgfm.elcorteingles.es/SGFM/00/28/1/0120613800281/0120613800281000g01011.jpg","price":"2,75 €","price_unit":"(7,86 € / Kilo)","categories":["Supermercado","Desayunos Dulces y pan","Desayunos, dulces y pan","Galletas","Galletas especiales","GALEFIT galletas de aceite mallorquinas bolsa 350 g"],"general_information":["Denominación del alimento: Galletas con fitato","Nombre del operador: Galletas Gelabert, C.B.","Dirección del operador: C/ Molí d'en Negre, 2 -07260 Porreres (Mallorca)","Cantidad Neta: 350 g"],"ingredients":[" Harina de trigo,  harina integral de trigo, germen de garrofín, aceite de soja  (antioxidante: E320),aceite de oliva, margarina vegetal ( origen palma y girasol)(emulgente: lecitina de soja), glúten,  y levadura. Puede contener trazas de almendra y avellana"],"conservation":" Conservar en lugar fresco y seco.","ean":"8421006000559"},{"full_name":"GALEFIT galletas de aceite mallorquinas sin sal bolsa 350 g","name":"galletas de aceite mallorquinas sin sal bolsa 350 g","brand":"GALEFIT ","img":"https://sgfm.elcorteingles.es/SGFM/dctm/MEDIA03/201705/23/00120613800356____1__600x600.jpg","price":"2,75 €","price_unit":"(7,86 € / Kilo)","categories":["Supermercado","Desayunos Dulces y pan","Desayunos, dulces y pan","Galletas","Galletas especiales","GALEFIT galletas de aceite mallorquinas sin sal bolsa 350 g"],"general_information":["Denominación del alimento: Galletas con fitato","Nombre del operador: Galletas Gelabert, C.B.","Dirección del operador: C/ Molí d'en Negre, 2 -07260 Porreres (Mallorca)","Cantidad Neta: 350 g"],"ingredients":[" Harina de trigo, harina integral de trigo, germen de garrofín, aceite de soja  (antioxidante: E320),aceite de oliva, margarina vegetal ( origen palma y girasol)(emulgente: lecitina de soja), glúten, sal y levadura. Puede contener trazas de almendra y avellana"],"conservation":" Conservar en lugar fresco y seco.","ean":"8421006000542"},{"full_name":"EL CORTE INGLES galletas de mantequilla surtidas lata 454 g","name":"galletas de mantequilla surtidas lata 454 g","brand":"EL CORTE INGLES ","img":"https://sgfm.elcorteingles.es/SGFM/dctm/MEDIA03/201603/11/00120628000208____1__600x600.jpg","price":"3,50 €","price_unit":"(7,71 € / Kilo)","categories":["Supermercado","Desayunos Dulces y pan","Desayunos, dulces y pan","Galletas","Galletas de mantequilla","EL CORTE INGLES galletas de mantequilla surtidas lata 454 g"],"general_information":["Denominación del alimento: Galletas Danesas de Mantequilla","Lugar de procedencia del alimento: Producto de Dinamarca","Cantidad Neta: 454 g","Número de raciones por envase: 15"],"ingredients":[" Ingredientes: Harina de trigo, azúcar, mantequilla concentrada 20%, coco rallado, gasificante (bicarbonato de amonio), sal, aroma natural, jarabe de azúcar invertido. Puede contener trazas de huevo y frutos de cáscara."],"conservation":" Conserva en lugar fresco y seco","ean":"8433329069410"},{"full_name":"GARPE brezel de mantequilla blister 320 g","name":"brezel de mantequilla blister 320 g","brand":"GARPE ","img":"https://sgfm.elcorteingles.es/SGFM/dctm/MEDIA03/201609/02/00118551804505____1__600x600.jpg","price":"2,99 €","price_unit":"(9,34 € / Kilo)","categories":["Supermercado","Desayunos Dulces y pan","Desayunos, dulces y pan","Galletas","Galletas de mantequilla","GARPE brezel de mantequilla blister 320 g"],"general_information":[],"ingredients":[],"ean":"8413463111510"},{"full_name":"SAINT AUBERT Bretones galletas de mantequilla paquete 125 g","name":"Bretones galletas de mantequilla paquete 125 g","brand":"SAINT AUBERT ","img":"https://sgfm.elcorteingles.es/SGFM/00/06/7/0120628000067/0120628000067000g01011.jpg","price":"1,60 €","price_unit":"(12,80 € / Kilo)","categories":["Supermercado","Desayunos Dulces y pan","Desayunos, dulces y pan","Galletas","Galletas de mantequilla","SAINT AUBERT Bretones galletas de mantequilla paquete 125 g"],"general_information":[],"ingredients":[],"ean":"3045320050004"},{"full_name":"SAINT AUBERT Palets Breton galletas de mantequilla paquete 125 g","name":"Palets Breton galletas de mantequilla paquete 125 g","brand":"SAINT AUBERT ","img":"https://sgfm.elcorteingles.es/SGFM/00/07/5/0120628000075/0120628000075000g01011.jpg","price":"1,60 €","price_unit":"(12,80 € / Kilo)","categories":["Supermercado","Desayunos Dulces y pan","Desayunos, dulces y pan","Galletas","Galletas de mantequilla","SAINT AUBERT Palets Breton galletas de mantequilla paquete 125 g"],"general_information":[],"ingredients":[],"ean":"3045320052244"},{"full_name":"BONNE MAMAN galletas de mantequilla con semillas de sésamo, girasol y amapola estuche 150 g","name":"galletas de mantequilla con semillas de sésamo, girasol y amapola estuche 150 g","brand":"BONNE MAMAN ","img":"https://sgfm.elcorteingles.es/SGFM/dctm/MEDIA03/201609/02/00120614302576____1__600x600.jpg","price":"1,99 €","price_unit":"(13,27 € / Kilo)","categories":["Supermercado","Desayunos Dulces y pan","Desayunos, dulces y pan","Galletas","Galletas de mantequilla","BONNE MAMAN galletas de mantequilla con semillas de sésamo, girasol y amapola estuche 150 g"],"general_information":["Denominación del alimento: Galletas de mantequilla con semillas de sésamo, girasol y amapola estuche 150g","País de origen: Francia","Nombre del operador: Kömerfish, S.A","Dirección del operador: C/ Andrés Mellado 13, 28015 Madrid.","Cantidad Neta: 150 g"],"ingredients":[" Harina de trigo, mantequilla fresca 23%, azúcar, semillas 10,5% (sésamo 3,5%, amapola 3,5%, girosol 3,5%), cereales 7% (copos de avena, harina de arroz, harina de avena, malta de cebada, sirope, azúcar, suero de leche, sal y dextrosa), huevos frescos, antiaglomerantes: Carbonato sódico y difosfatos. Puede contener trazas de frutos secos y soja."],"ean":"3178530409833"},{"full_name":"WALKERS Scottie Dog galletas surtidas de mantequilla estuche 330 g","name":"Scottie Dog galletas surtidas de mantequilla estuche 330 g","brand":"WALKERS ","img":"https://sgfm.elcorteingles.es/SGFM/dctm/MEDIA03/201709/21/00120628001313____1__600x600.jpg","price":"8,95 €","price_unit":"(27,12 € / Kilo)","categories":["Supermercado","Desayunos Dulces y pan","Desayunos, dulces y pan","Galletas","Galletas de mantequilla","WALKERS Scottie Dog galletas surtidas de mantequilla estuche 330 g"],"general_information":[],"ingredients":[],"ean":"0039047018563"},{"full_name":"WALKERS Scottish galletas surtidas de mantequilla estuche 250 g","name":"Scottish galletas surtidas de mantequilla estuche 250 g","brand":"WALKERS ","img":"https://sgfm.elcorteingles.es/SGFM/dctm/MEDIA03/201604/14/00120609601511____1__600x600.jpg","price":"5,99 €","price_unit":"(23,04 € / Kilo)","categories":["Supermercado","Desayunos Dulces y pan","Desayunos, dulces y pan","Galletas","Galletas de mantequilla","WALKERS Scottish galletas surtidas de mantequilla estuche 250 g"],"general_information":["Denominación del alimento: Galletas","Nombre del operador: Walkers Shortbread Limited","Dirección del operador: Aberlour-on-Spey, Scotland, United Kingdom (AB38 9PD)","Cantidad Neta: 250 g"],"ingredients":[" Harina de trigo (harina de trigo, carbonato de calcio, hierro, niacina, tiamina), mantequilla (leche), azúcar, avena (12%), trozos de chocolate oscuro (azúcar, masa de cacao, manteca de cacao, emulsionante: lecitina de soja; aroma natural de vainilla)(5%), aceites vegetales (colza, palma), trozos de chocolate blanco (azúcar, leche entera en polvo, manteca de cacao, masa de cacao, emulsionante: lecitina de soja; aroma natural de vainilla)(3%), trozos de chocolate con leche (azúcar,  leche entera en polvo, manteca de cacao, masa de cacao, emulsionante: lecitina de soja; aroma natural de vainilla)(3%), miel (1%),  gasificantes (bicarbonato de sodio, difosfato disódico),  jarabe de azúcar invertido, frambuesas liofilizadas (0.5%), leche desnatada en polvo, cacao en polvo rebajado en grasa, sal."],"conservation":" Conservar en un lugar fresco y seco","ean":"0039047052529"},{"full_name":"WALKERS Shortbread Fingers galletas de mantequilla estuche 250 g","name":"Shortbread Fingers galletas de mantequilla estuche 250 g","brand":"WALKERS ","img":"https://sgfm.elcorteingles.es/SGFM/dctm/MEDIA03/201603/16/00200228001137____1__600x600.jpg","price":"4,20 €","price_unit":"(16,80 € / Kilo)","categories":["Supermercado","Desayunos Dulces y pan","Desayunos, dulces y pan","Galletas","Galletas de mantequilla","WALKERS Shortbread Fingers galletas de mantequilla estuche 250 g"],"general_information":[],"ingredients":[],"ean":"0039047001107"},{"full_name":"WALKERS galletas de mantequilla con formas navideñas estuche 175 g","name":"galletas de mantequilla con formas navideñas estuche 175 g","brand":"WALKERS ","img":"https://sgfm.elcorteingles.es/SGFM/dctm/MEDIA02/CONTENIDOS/201411/28/00120628000596____1__600x600.jpg","price":"4,95 €","price_unit":"(28,29 € / Kilo)","categories":["Supermercado","Desayunos Dulces y pan","Desayunos, dulces y pan","Galletas","Galletas de mantequilla","WALKERS galletas de mantequilla con formas navideñas estuche 175 g"],"general_information":["Denominación del alimento: Figuritas navideñas de galleta de mantequilla pura","País de origen: Reino Unido","Nombre del operador: Alimentación Varma, S.L.","Dirección del operador: C/ La granja, 15 - Pol. Industrial Alcobendas. 28108 Alcobendas (Madrid) - España","Cantidad Neta: 175 g"],"ingredients":[" Harina de trigo (harina de trigo, carbonato de calcio, hierro, niacina, tiamina), mantequilla (leche) (32%), azúcar, sal. Puede contener trazas de frutos secos decáscara."],"conservation":" Conservar en lugar fresco y seco.","ean":"0039047014589"},{"full_name":"WALKERS Shortbread selección galletas de mantequilla surtidas estuche 350 g","name":"Shortbread selección galletas de mantequilla surtidas estuche 350 g","brand":"WALKERS ","img":"https://sgfm.elcorteingles.es/SGFM/dctm/MEDIA03/201608/23/00120628000703____1__600x600.jpg","price":"10,95 €","price_unit":"(31,29 € / Kilo)","categories":["Supermercado","Desayunos Dulces y pan","Desayunos, dulces y pan","Galletas","Galletas de mantequilla","WALKERS Shortbread selección galletas de mantequilla surtidas estuche 350 g"],"general_information":["Denominación del alimento: Galletas","Nombre del operador: Walkers Shortbread Limited","Dirección del operador: Aberlour-on-Spey, Scotland, United Kingdom (AB38 9PD)","Cantidad Neta: 350 g"],"ingredients":[" Harina de trigo (harina de trigo, carbonato de calcio, hierro, niacina, tiamina), mantequilla (30%)(leche), azúcar, avena, trozos de chocolate oscuro (azúcar, masa de cacao, manteca de cacao, emulsionante: lecitina de soja; aroma natural de vainilla), pasa de Corinto, trozos de caramelo de azúcar con mantequilla (azúcar, glucosa, mantequilla (leche) ,aromatizantes naturales), miel, sal, piel de limón cristalizada (piel de limón, jarabe de glucosa fructosa, azúcar, zumo de limón concentrado), aromatizantes naturales."],"conservation":" Conservar en un lugar fresco y seco","ean":"0039047011175"},{"full_name":"WALKERS Shortbread Rounds galletas de mantequilla estuche 150 g","name":"Shortbread Rounds galletas de mantequilla estuche 150 g","brand":"WALKERS ","img":"https://sgfm.elcorteingles.es/SGFM/dctm/MEDIA02/CONTENIDOS/201411/19/00120628000158____1__600x600.jpg","price":"2,96 €","price_unit":"(19,73 € / Kilo)","categories":["Supermercado","Desayunos Dulces y pan","Desayunos, dulces y pan","Galletas","Galletas de mantequilla","WALKERS Shortbread Rounds galletas de mantequilla estuche 150 g"],"general_information":["Denominación del alimento: Galletas","Nombre del operador: Walkers Shortbread Limited","Dirección del operador: Aberlour-on-Spey, Scotland, United Kingdom (AB38 9PD)","Cantidad Neta: 150 g"],"ingredients":[" Harina de trigo (harina de trigo, carbonato de calcio, hierro, niacina, tiamina), mantequilla (32%)(leche), azúcar, sal."],"conservation":" Conservar en un lugar fresco y seco","ean":"0039047001404"},{"full_name":"WALKERS Shortbread Highlanders galletas de mantequilla estuche 135 g","name":"Shortbread Highlanders galletas de mantequilla estuche 135 g","brand":"WALKERS ","img":"https://sgfm.elcorteingles.es/SGFM/dctm/MEDIA03/201604/14/00120628001149____1__600x600.jpg","price":"3,47 €","price_unit":"(25,70 € / Kilo)","categories":["Supermercado","Desayunos Dulces y pan","Desayunos, dulces y pan","Galletas","Galletas de mantequilla","WALKERS Shortbread Highlanders galletas de mantequilla estuche 135 g"],"general_information":["Denominación del alimento: Galletas","Nombre del operador: Walkers Shortbread Limited","Dirección del operador: Aberlour-on-Spey, Scotland, United Kingdom (AB38 9PD)","Cantidad Neta: 135 g"],"ingredients":[" Harina de trigo (harina de trigo, carbonato de calcio, hierro, niacina, tiamina), mantequilla (29%) (leche), azúcar, azúcar demerara (4%), sal."],"conservation":" Conservar en un lugar fresco y seco","ean":"0039047001459"},{"full_name":"KAMBLY Primavera galletas de mantequilla surtidas estuche 175 g","name":"Primavera galletas de mantequilla surtidas estuche 175 g","brand":"KAMBLY ","img":"https://sgfm.elcorteingles.es/SGFM/00/31/5/0120628000315/0120628000315000g01011.jpg","price":"5,56 €            ","price_unit":"(25,43 € / Kilo)","categories":["Supermercado","Desayunos Dulces y pan","Desayunos, dulces y pan","Galletas","Galletas de mantequilla","KAMBLY Primavera galletas de mantequilla surtidas estuche 175 g"],"general_information":["Denominación del alimento: Primavera - Variedad seleccionada de las mejores especialidades de galletas suizas","Nombre del operador: Comercial Masoliver S.A.","Dirección del operador: Calle Puntia, 18 - 17857 Begudà (Girona) España","Lugar de procedencia del alimento: 756 - Suiza","Cantidad Neta: 175 g"],"ingredients":[" Harina de trigo, chocolate con leche, (azúcar, manteca de cacao, leche entera en polvo, masa de cacao, leche desnatada en polvo, emulgente lecitinas de soja , extracto de vainilla sólidos de cacao:.. 39% min), azúcar, grasas vegetales (de coco, de almendra de palma , palma), almendras, chocolate (azúcar, pasta de cacao, manteca de cacao, leche entera en polvo, grasa de mantequilla, emulsionantes [lecitinas de soja], vainilla cacao sólidos:.. 47% min),mantequilla, azúcar sin refinar, avellanas, fécula de patata, huevos, dextrosa, leche desnatada en polvo, azúcar caramelizado, jarabe de glucosa, huevo en polvo blanco, masa de cacao, leche entera en polvo, crema, aceite de girasol, emulsionantes (mono- y diglicéridos y ésteres de poliglicerol de ácidos grasos, lecitinas de soja), sémola de trigo, sal , miel para uso industrial, manteca de cacao, gasificante (carbonatos de sodio) miel, cacao en polvo, suero en polvo, clara de huevo, aromas naturales. Puede contener trazas de sésamo y pistachos"],"conservation":" Guardar en un lugar seco y protegido contra el calor","ean":"7614800891008"},{"full_name":"KAMBLY Butterfly galletas de mantequilla estuche 100 g","name":"Butterfly galletas de mantequilla estuche 100 g","brand":"KAMBLY ","img":"https://sgfm.elcorteingles.es/SGFM/dctm/MEDIA02/CONTENIDOS/201503/13/00120628000299000_1__600x600.jpg","price":"2,67 €            ","price_unit":"(21,50 € / Kilo)","categories":["Supermercado","Desayunos Dulces y pan","Desayunos, dulces y pan","Galletas","Galletas de mantequilla","KAMBLY Butterfly galletas de mantequilla estuche 100 g"],"general_information":["Denominación del alimento: Butterfly. Galletas extra finas de mantequilla con almendras","Nombre del operador: Comercial Masoliver S.A.","Dirección del operador: Calle Puntia, 18 - 17857 Begudà (Girona) España","Lugar de procedencia del alimento: 756 - Suiza","Cantidad Neta: 100 g"],"ingredients":[" harina de trigo, azúcar sin refinar, mantequilla 14%, almendras 10%, azúcar, almidón de patata, nata, gasificante (carbonatos de sodio), sal. Puede contener trazas de avellanas, huevos y pistachos."],"conservation":" Guardar en un lugar seco y protegido contra el calor","ean":"7614800170004"},{"full_name":"KAMBLY Excellence galletas de mantequilla surtidas estuche 100 g","name":"Excellence galletas de mantequilla surtidas estuche 100 g","brand":"KAMBLY ","img":"https://sgfm.elcorteingles.es/SGFM/dctm/MEDIA03/201609/22/00120628000562____1__600x600.jpg","price":"2,60 €","price_unit":"(26 € / Kilo)","categories":["Supermercado","Desayunos Dulces y pan","Desayunos, dulces y pan","Galletas","Galletas de mantequilla","KAMBLY Excellence galletas de mantequilla surtidas estuche 100 g"],"general_information":["Denominación del alimento: Excellence","Nombre del operador: Comercial Masoliver S.A.","Dirección del operador: Calle Puntia, 18 - 17857 Begudà (Girona) España","Lugar de procedencia del alimento: 756 - Suiza","Cantidad Neta: 100 g"],"ingredients":[" Harina de trigo, chocolate con leche 19% (azúcar, manteca de cacao, leche entera en polvo, pasta de cacao, leche desnatada en polvo, emulgente (lecitinas de soja), extracto de vainilla, cacao 39% mín.), azúcar, grasas vegetales (coco, palma, palmiste), chocolate 9% (azúcar, pasta de cacao, manteca de cacao, leche entera en polvo, grasa de mantequilla, emulgente (lecitinas de soja), vainilla, cacao 47% mín.), almendras 5%, huevos, almidón de patata, azúcar caramelizado, avellanas 2%, mantequilla, jarabe de glucosa, leche desnatada en polvo, dextrosa, clara de huevo en polvo, pasta de cacao, jarabe de azúcar invertido, leche entera en polvo, grasa de mantequilla, sal, emulgente (lecitinas de soja), miel de pastelería, gasificantes (carbonatos de sodio y de amonio), manteca de cacao, extracto de malte de cebada, acidulante (ácido tartárico), aromas. Puede contener trazas de sésamo y pistachos"],"conservation":" Guardar en un lugar seco y protegido contra el calor","ean":"7614800860103"},{"full_name":"BORDER BISCUITS galletas de mantequilla receta clásica selección de lujo lata 600 g","name":"galletas de mantequilla receta clásica selección de lujo lata 600 g","brand":"BORDER BISCUITS ","img":"https://sgfm.elcorteingles.es/SGFM/dctm/MEDIA03/201612/20/00120628001099____2__600x600.jpg","price":"17,95 €            ","price_unit":"(24,92 € / Kilo)","categories":["Supermercado","Desayunos Dulces y pan","Desayunos, dulces y pan","Galletas","Galletas de mantequilla","BORDER BISCUITS galletas de mantequilla receta clásica selección de lujo lata 600 g"],"general_information":[],"ingredients":[],"ean":"0652655000814"},{"full_name":"BORDER BISCUITS surtido de galletas de mantequilla receta clásica estuche 500 g","name":"surtido de galletas de mantequilla receta clásica estuche 500 g","brand":"BORDER BISCUITS ","img":"https://sgfm.elcorteingles.es/SGFM/dctm/MEDIA03/201606/13/00120628001172____1__600x600.jpg","price":"11,50 €            ","price_unit":"(21,90 € / Kilo)","categories":["Supermercado","Desayunos Dulces y pan","Desayunos, dulces y pan","Galletas","Galletas de mantequilla","BORDER BISCUITS surtido de galletas de mantequilla receta clásica estuche 500 g"],"general_information":[],"ingredients":[],"ean":"0652655500499"},{"full_name":"BISCUITS GALICIA Conchas del Peregrino galletas de mantequilla envasadas invididualmente estuche 200 g","name":"Conchas del Peregrino galletas de mantequilla envasadas invididualmente estuche 200 g","brand":"BISCUITS GALICIA ","img":"https://sgfm.elcorteingles.es/SGFM/dctm/MEDIA03/201707/18/00120628001289____1__600x600.jpg","price":"1,59 €","price_unit":"(7,95 € / Kilo)","categories":["Supermercado","Desayunos Dulces y pan","Desayunos, dulces y pan","Galletas","Galletas de mantequilla","BISCUITS GALICIA Conchas del Peregrino galletas de mantequilla envasadas invididualmente estuche 200 g"],"general_information":[],"ingredients":[],"ean":"8436042464043"},{"full_name":"JULES DESTROOPER biscuits de mantequilla estuche 100 g","name":"biscuits de mantequilla estuche 100 g","brand":"JULES DESTROOPER ","img":"https://sgfm.elcorteingles.es/SGFM/dctm/MEDIA02/CONTENIDOS/201411/19/00120614301164____1__600x600.jpg","price":"3,08 €            ","price_unit":"(29,90 € / Kilo)","categories":["Supermercado","Desayunos Dulces y pan","Desayunos, dulces y pan","Galletas","Galletas de mantequilla","JULES DESTROOPER biscuits de mantequilla estuche 100 g"],"general_information":["Denominación del alimento: Galletas","Nombre del operador: Biscuiterie Jules Destrooper","Dirección del operador: Zwaanjofweg 20, 8900 Ieper.","Cantidad Neta: 100 g"],"ingredients":[" Harina de trigo, azúcar, mantequilla, huevos de corral, gasificantes: Bicarbonato de sodio, sal marina."],"conservation":" Conservar en un lugar fresco y seco","ean":"5410471110774"},{"full_name":"KELSEN Crooked House galletas de mantequilla lata 800 g","name":"Crooked House galletas de mantequilla lata 800 g","brand":"KELSEN ","img":"https://sgfm.elcorteingles.es/SGFM/dctm/MEDIA03/201709/27/00120609601669____1__600x600.jpg","price":"6,99 €","price_unit":"(8,74 € / Kilo)","categories":["Supermercado","Desayunos Dulces y pan","Desayunos, dulces y pan","Galletas","Galletas de mantequilla","KELSEN Crooked House galletas de mantequilla lata 800 g"],"general_information":[],"ingredients":[],"ean":"5709364330819"},{"full_name":"KELSEN Winter Dreams galletas danesas surtidas lata 400 g decorada con diseños surtidos","name":"Winter Dreams galletas danesas surtidas lata 400 g","brand":"KELSEN ","img":"https://sgfm.elcorteingles.es/SGFM/dctm/MEDIA03/201711/10/00120609601404____9__600x600.jpg","price":"3,45 €","price_unit":"(8,62 € / Kilo)","categories":["Supermercado","Desayunos Dulces y pan","Desayunos, dulces y pan","Galletas","Galletas de mantequilla","KELSEN Winter Dreams galletas danesas surtidas lata 400 g decorada con diseños surtidos"],"general_information":[],"ingredients":[],"ean":"0077330344647"},{"full_name":"KELSEN Flower Twist galletas danesas surtidas lata 340 g","name":"Flower Twist galletas danesas surtidas lata 340 g","brand":"KELSEN ","img":"https://sgfm.elcorteingles.es/SGFM/dctm/MEDIA03/201606/15/00120609601529____1__600x600.jpg","price":"2,99 €","price_unit":"(8,79 € / Kilo)","categories":["Supermercado","Desayunos Dulces y pan","Desayunos, dulces y pan","Galletas","Galletas de mantequilla","KELSEN Flower Twist galletas danesas surtidas lata 340 g"],"general_information":[],"ingredients":[],"ean":"0077330344197"},{"full_name":"KELSEN Pitufos galletas danesas lata 200 g","name":"Pitufos galletas danesas lata 200 g","brand":"KELSEN ","img":"https://sgfm.elcorteingles.es/SGFM/dctm/MEDIA03/201708/11/00120609601487____3__600x600.jpg","price":"3,10 €            ","price_unit":"(14,95 € / Kilo)","categories":["Supermercado","Desayunos Dulces y pan","Desayunos, dulces y pan","Galletas","Galletas de mantequilla","KELSEN Pitufos galletas danesas lata 200 g"],"general_information":[],"ingredients":[],"ean":"5708413024280"},{"full_name":"BAHLSEN Leibniz galletas de mantequilla paquete 200 g","name":"Leibniz galletas de mantequilla paquete 200 g","brand":"BAHLSEN ","img":"https://sgfm.elcorteingles.es/SGFM//00/43/0/0120628000430/0120628000430000g01011.jpg","price":"1,99 €","price_unit":"(9,95 € / Kilo)","categories":["Supermercado","Desayunos Dulces y pan","Desayunos, dulces y pan","Galletas","Galletas de mantequilla","BAHLSEN Leibniz galletas de mantequilla paquete 200 g"],"general_information":["Denominación del alimento: Galletas de mantequilla","País de origen: Alemania","Nombre del operador: BAHLSEN ESPAÑA, S.A.U.","Dirección del operador: Avda.Somosierra, 24 - 1ºB. 28703 San Sebastián de los Reyes, ESPAÑA","Cantidad Neta: 200 g"],"ingredients":[" Harina de trigo, azúcar, mantequilla (12%), jarave de azúcar invertido, levadura en polvo: bicarbonato sódico y bifosfato disódico, suero lácteo dulce en polvo, leche entera en polvo, sal, emulsionante: lecitina (soja), regulador de acidez: ácido cítrico, aroma (leche), huevo en polvo."],"conservation":" Almacenar en lugar fresco y seco","ean":"4017100370007"},{"full_name":"LA ESPIGA DE CASTILLA galletas de mantequilla estuche 500 g","name":"galletas de mantequilla estuche 500 g","brand":"LA ESPIGA DE CASTILLA ","img":"https://sgfm.elcorteingles.es/SGFM/dctm/MEDIA02/CONTENIDOS/201511/05/00120628000570____1__600x600.jpg","price":"5,82 €","price_unit":"(11,64 € / Kilo)","categories":["Supermercado","Desayunos Dulces y pan","Desayunos, dulces y pan","Galletas","Galletas de mantequilla","LA ESPIGA DE CASTILLA galletas de mantequilla estuche 500 g"],"general_information":["Denominación del alimento: Galletas de mantequilla","Nombre del operador: Evergislo Macías Martín","Dirección del operador: Calle Cerrada, 14, 37427 Velles ( La ), Salamanca","Cantidad Neta: 500 g"],"ingredients":[" Harina de trigo, manteca de cerdo, mantequilla (18%), azúcar y huevos. Contiene gluten, huevo y leche y puede contener frutos de cáscara."],"conservation":" Conservar en lugar fresco y seco.","ean":"8436044443077"},{"full_name":"BONNE MAMAN galletas finas de mantequilla estuche 90 g","name":"galletas finas de mantequilla estuche 90 g","brand":"BONNE MAMAN ","img":"https://sgfm.elcorteingles.es/SGFM/dctm/MEDIA02/CONTENIDOS/201504/24/00120628001065____1__600x600.jpg","price":"2,05 €","price_unit":"(22,78 € / Kilo)","categories":["Supermercado","Desayunos Dulces y pan","Desayunos, dulces y pan","Galletas","Galletas de mantequilla","BONNE MAMAN galletas finas de mantequilla estuche 90 g"],"general_information":[],"ingredients":[],"ean":"3178530400687"},{"full_name":"ST MICHEL galletas de mantequilla grandes lata 250 g","name":"galletas de mantequilla grandes lata 250 g","brand":"ST MICHEL ","img":"https://sgfm.elcorteingles.es/SGFM/dctm/MEDIA03/201709/11/00120628001305____1__600x600.jpg","price":"5,95 €","price_unit":"(23,80 € / Kilo)","categories":["Supermercado","Desayunos Dulces y pan","Desayunos, dulces y pan","Galletas","Galletas de mantequilla","ST MICHEL galletas de mantequilla grandes lata 250 g"],"general_information":[],"ingredients":[],"ean":"3178530412284"},{"full_name":"ST MICHEL galletas de mantequilla grandes con pepitas de sal estuche 150 g","name":"galletas de mantequilla grandes con pepitas de sal estuche 150 g","brand":"ST MICHEL ","img":"https://sgfm.elcorteingles.es/SGFM/dctm/MEDIA02/CONTENIDOS/201506/26/00120628000935____1__600x600.jpg","price":"1,99 €","price_unit":"(13,27 € / Kilo)","categories":["Supermercado","Desayunos Dulces y pan","Desayunos, dulces y pan","Galletas","Galletas de mantequilla","ST MICHEL galletas de mantequilla grandes con pepitas de sal estuche 150 g"],"general_information":[],"ingredients":[],"ean":"3178530411478"},{"full_name":"ST MICHEL galletas de mantequilla grandes con chocolate estuche 150 g","name":"galletas de mantequilla grandes con chocolate estuche 150 g","brand":"ST MICHEL ","img":"https://sgfm.elcorteingles.es/SGFM/dctm/MEDIA03/201709/11/00120628000950____1__600x600.jpg","price":"1,99 €","price_unit":"(13,27 € / Kilo)","categories":["Supermercado","Desayunos Dulces y pan","Desayunos, dulces y pan","Galletas","Galletas de mantequilla","ST MICHEL galletas de mantequilla grandes con chocolate estuche 150 g"],"general_information":[],"ingredients":[],"ean":"3178530407914"},{"full_name":"EL CORTE INGLES galletas de bizcocho elaborados con huevo paquete 400 g","name":"galletas de bizcocho elaborados con huevo paquete 400 g","brand":"EL CORTE INGLES ","img":"https://sgfm.elcorteingles.es/SGFM/dctm/MEDIA02/CONTENIDOS/201601/18/00120630300083____1__600x600.jpg","price":"1,42 €","price_unit":"(3,55 € / Kilo)","categories":["Supermercado","Desayunos Dulces y pan","Desayunos, dulces y pan","Galletas","Galletas de bizcocho","EL CORTE INGLES galletas de bizcocho elaborados con huevo paquete 400 g"],"general_information":["Denominación del alimento: Galletas tipo bizcochos","Nombre del operador: Distribuido para  El Corte Inglés\npor Seurodis C/Lepanto, 367 bajos                    08025  Barcelona (España)","Cantidad Neta: 400 g","Número de raciones por envase: aproximadament"],"ingredients":[" Ingredientes: Harina de trigo, azúcar, huevo (28, 8%), jarabe de glucosa y fructosa, emulgentes (E-470, E-471, E-477), maltodextrina, gasificante (carbonatos de amonio), sal y aroma. Puede contener leche, sulfitos y soja."],"conservation":" Conservar en lugar fresco, seco y protegido de los rayos solares.","ean":"8433329069892"},{"full_name":"GULLON bizcocho con huevo paquete 400 g","name":"bizcocho con huevo paquete 400 g","brand":"GULLON ","img":"https://sgfm.elcorteingles.es/SGFM//00/17/4/0120630300174/0120630300174000g01011.jpg","price":"1,95 €","price_unit":"(4,88 € / Kilo)","categories":["Supermercado","Desayunos Dulces y pan","Desayunos, dulces y pan","Galletas","Galletas de bizcocho","GULLON bizcocho con huevo paquete 400 g"],"general_information":["Denominación del alimento: Bizcocho seco","Nombre del operador: GALLETAS GULLON, S.A","Dirección del operador: Ctra, Burgos km 1,5- 34800 Aguilar de Campoo (Palencia)","Cantidad Neta: 400 g"],"ingredients":[" Harina de trigo, azúcar, huevo (30%),  gasificantes (difosfato disódico, bicarbonato sódico, bicarbonato amónico), jarabe de glucosa y fructosa, aromas,  sal. Puede contener trazas de leche y soja."],"conservation":" Almacenar en lugar fresco y seco. Proteger de los rayos solares. Una vez abierto, mantener en las mismas condiciones y cerrar después de cada uso.","ean":"8410376035391"},{"full_name":"CUETARA Bizcochos sabor natural con huevo y harina 4 paquetes individuales paquete 400 g","name":"Bizcochos sabor natural con huevo y harina 4 paquetes individuales paquete 400 g","brand":"CUETARA ","img":"https://sgfm.elcorteingles.es/SGFM/dctm/MEDIA02/CONTENIDOS/201502/04/00200230300014____1__600x600.jpg","price":"2,65 €","price_unit":"(6,62 € / Kilo)","categories":["Supermercado","Desayunos Dulces y pan","Desayunos, dulces y pan","Galletas","Galletas de bizcocho","CUETARA Bizcochos sabor natural con huevo y harina 4 paquetes individuales paquete 400 g"],"general_information":["Denominación del alimento: BizcochosPalitos de champagne   BiscuitsBiscuits","País de origen: España","Nombre del operador: Cuétara S.L.U.","Dirección del operador: Avda. Hermanos Gómez Cuétara núm. 1","Cantidad Neta: 400 g"],"ingredients":[" Harina de trigo 34%, azúcar, huevos 26%, jarabe de glucosa y fructosa, emulgente (E470, E471, E477), maltodextrina, gasificante (carbonato de amonio), sal, aroma. Puede contener leche, soja, sulfitos."],"conservation":" Almacenar en lugar fresco y seco. Preservar de los rayos solares.Armazenar em lugar fresco e seco. Preservar dos raios solares.Keep in a cool and dry place. Protect from direct sunlight.A conserver dans un lieu frais et sec. Protéger du rayonnement solaire.","ean":"8410014313485"},{"full_name":"EL CORTE INGLES galletas wafer rellenas de nata estuche 200 g","name":"galletas wafer rellenas de nata estuche 200 g","brand":"EL CORTE INGLES ","img":"https://sgfm.elcorteingles.es/SGFM/dctm/MEDIA03/201607/20/00120629901578____3__600x600.jpg","price":"0,74 €","price_unit":"(3,70 € / Kilo)","categories":["Supermercado","Desayunos Dulces y pan","Desayunos, dulces y pan","Galletas","Galletas wafer y barquillos","EL CORTE INGLES galletas wafer rellenas de nata estuche 200 g"],"general_information":["Denominación del alimento: Barquillo relleno sabor nata","Nombre del operador: Elaborado para el \nGrupo El Corte Inglés\nHermosilla, 112   28009 Madrid ? España \npor CIF: B09035080","Cantidad Neta: 200 g","Número de raciones por envase: 8.0"],"ingredients":[" Ingredientes:  Harina de trigo, grasa vegetal (de palma con antioxidantes: E306 y E304), azúcar, dextrosa, harina de arroz, fibra vegetal, gasificantes (bicarbonato de sodio, carbonato de calcio y carbonato de magnesio), aroma y colorante (E160a). Puede contener trazas de derivados de leche."],"conservation":" Conservar bien cerrado en lugar fresco y seco. Preservar de los rayos del sol.","ean":"8433329054799"},{"full_name":"EL CORTE INGLES galletas wafer rellenas de chocolate estuche 200 g","name":"galletas wafer rellenas de chocolate estuche 200 g","brand":"EL CORTE INGLES ","img":"https://sgfm.elcorteingles.es/SGFM/dctm/MEDIA03/201607/20/00200229901608____4__600x600.jpg","price":"0,74 €","price_unit":"(3,70 € / Kilo)","categories":["Supermercado","Desayunos Dulces y pan","Desayunos, dulces y pan","Galletas","Galletas wafer y barquillos","EL CORTE INGLES galletas wafer rellenas de chocolate estuche 200 g"],"general_information":["Denominación del alimento: Barquillo relleno con cacao","Nombre del operador: Elaborado para El Corte Inglés\npor La Flor Burgalesa  C/ López Bravo, 37        09001 Burgos - España","Cantidad Neta: 200 g","Número de raciones por envase: 8.0"],"ingredients":[" Ingredientes:Harina de trigo, grasa vegetal (de palma con antioxidantes: E306 y E304), azúcar, dextrosa, cacao desgrasado en polvo (2.2%), suero de leche en polvo, harina de arroz, fibra vegetal, aroma, gasificantes (bicarbonato de sodio, carbonato de calcio y carbonato de magnesio) y colorante (E160a)."],"conservation":" Conservar bien cerrado en lugar fresco y seco. Preservar de los rayos del sol.","ean":"8433329068888"},{"full_name":"EL CORTE INGLES galletas de barquillo rellenas de nata paquete 150 g","name":"galletas de barquillo rellenas de nata paquete 150 g","brand":"EL CORTE INGLES ","img":"https://sgfm.elcorteingles.es/SGFM/dctm/MEDIA03/201709/08/00120629901735____2__600x600.jpg","price":"0,55 €","price_unit":"(3,67 € / Kilo)","categories":["Supermercado","Desayunos Dulces y pan","Desayunos, dulces y pan","Galletas","Galletas wafer y barquillos","EL CORTE INGLES galletas de barquillo rellenas de nata paquete 150 g"],"general_information":["Denominación del alimento: Barquillos rellenos de crema sabor nata","Nombre del operador: Elaborado para El Corte Ingles\npor Galletas Gullón, S.A.   Ctra. Burgos km 1,5            34800 Aguilar de Campoo  (Palencia) - España","Cantidad Neta: 150 g","Número de raciones por envase: 24"],"ingredients":[" Ingredientes: Crema sabor nata 65% (azúcar, grasa vegetal (palma y palmiste), almidón de trigo, lactosa (leche), dextrosa, nata en polvo 0,6%, emulgente:lecitina de soja), harina de trigo, grasa vegetal (palma), emulgente: lecitina de soja, sal, gasificantes (carbonato ácido de sodio y carbonato ácido de amonio), colorante: ?-caroteno. Puede contener trazas de frutos secos"],"conservation":" Almacenar en lugar fresco y seco. Proteger de los rayos solares.                                                          Una vez abierto, mantener en las mismas condiciones y cerrar despúes de cada uso.","ean":"8433329075480"},{"full_name":"EL CORTE INGLES galletas de barquillo rellenas de chocolate paquete 150 g","name":"galletas de barquillo rellenas de chocolate paquete 150 g","brand":"EL CORTE INGLES ","img":"https://sgfm.elcorteingles.es/SGFM/dctm/MEDIA03/201709/08/00120629901727____2__600x600.jpg","price":"0,53 €","price_unit":"(3,53 € / Kilo)","categories":["Supermercado","Desayunos Dulces y pan","Desayunos, dulces y pan","Galletas","Galletas wafer y barquillos","EL CORTE INGLES galletas de barquillo rellenas de chocolate paquete 150 g"],"general_information":["Denominación del alimento: Barquillos rellenos de crema sabor chocolate","Nombre del operador: Elaborado para El Corte Ingles\npor Galletas Gullón, S.A.   Ctra. Burgos km 1,5            34800 Aguilar de Campoo  (Palencia) - España","Cantidad Neta: 150 g","Número de raciones por envase: 24"],"ingredients":[" Ingredientes: Crema sabor chocolate 65% (azúcar, grasa vegetal (palma y palmiste), lactosa (leche), almidón de trigo, cacao en polvo 6,5%, aroma de vainilla, emulgente:lecitina de soja), harina de trigo, grasa vegetal (palma), emulgente: lecitina de soja, sal, gasificantes (carbonato ácido de sodio y carbonato ácido de amonio), colorante: ?-caroteno Puede contener trazas de frutos secos"],"conservation":" Almacenar en lugar fresco y seco. Proteger de los rayos solares.                                                          Una vez abierto, mantener en las mismas condiciones y cerrar despúes de cada uso.","ean":"8433329075473"},{"full_name":"CUETARA rollitos de barquillo bote 225 g","name":"rollitos de barquillo bote 225 g","brand":"CUETARA ","img":"https://sgfm.elcorteingles.es/SGFM/dctm/MEDIA02/CONTENIDOS/201411/19/00120629900117____1__600x600.jpg","price":"2,69 €","price_unit":"(11,96 € / Kilo)","categories":["Supermercado","Desayunos Dulces y pan","Desayunos, dulces y pan","Galletas","Galletas wafer y barquillos","CUETARA rollitos de barquillo bote 225 g"],"general_information":["Denominación del alimento: Galletas BolachasCookies / Rolled dessert wafersBiscuits / Crêpes roulées","País de origen: España","Nombre del operador: Cuétara S.L.U.","Dirección del operador: Avda. Hermanos Gómez Cuétara núm. 1","Cantidad Neta: 225 g"],"ingredients":[" Harina de trigo, azúcar, leche desnatada en polvo, dextrosa, yema de huevos en polvo, mantequilla, sal, aroma. Puede contener soja."],"conservation":" Almacenar en lugar fresco y seco. Preservar de los rayos solares Armazenar em lugar fresco e seco. Preservar dos raios solaresKeep in a cool and dry place. Keep away from direct sunlightTenir au frais et au sec. Préserver des rayons solaires","ean":"8410014313041"},{"full_name":"ARTIACH Artichoco galletas de barquillo rellenas de crema de chocolate paquete 210 g","name":"Artichoco galletas de barquillo rellenas de crema de chocolate paquete 210 g","brand":"ARTIACH ","img":"https://sgfm.elcorteingles.es/SGFM/dctm/MEDIA03/201707/04/00120629901016____1__600x600.jpg","price":"1,34 €","price_unit":"(6,38 € / Kilo)","categories":["Supermercado","Desayunos Dulces y pan","Desayunos, dulces y pan","Galletas","Galletas wafer y barquillos","ARTIACH Artichoco galletas de barquillo rellenas de crema de chocolate paquete 210 g"],"general_information":["Denominación del alimento: (ES) BARQUILLO RELLENO CON CREMA (70%) DE CHOCOLATE(PT) BOLACHA TIPO WAFER RECHEADA COM CREME (70%) DE CHOCOLATE(EN) CHOCOLATE CREAM (70%) FILLED WAFER(FR) GAUFFRETTE FOURRÉE A LA CRÈME (70%) AU CHOCOLATE","País de origen: España","Nombre del operador: Galletas Artiach S.A.U.","Dirección del operador: Barrio Bengoetxea núm. 20 48410-Orozko","Cantidad Neta: 210 g"],"ingredients":[" Azúcar, harina de trigo, grasa de coco totalmente hidrogenada, cacao desgrasado en polvo 8,8%, almidón de trigo, leche desnatada en polvo, suero de leche en polvo, leche en polvo, huevos en polvo, sal, gasificantes (bicarbonatos sódico y amónico), emulgente (lecitina de soja), antioxidantes (E 304, E 306), colorantes (E 160b, E 120). Puede contener cacahuetes, frutos de cáscara."],"conservation":" Manténgase en lugar fresco y seco Conservar em local fresco e secoKeep in a cool and dry placeÀ conserver dans un endroit frais et sec","ean":"8410000001464"},{"full_name":"ARTIACH Artinata galletas de barquillo rellenas de nata paquete 210 g","name":"Artinata galletas de barquillo rellenas de nata paquete 210 g","brand":"ARTIACH ","img":"https://sgfm.elcorteingles.es/SGFM/dctm/MEDIA03/201707/04/00120629900075____1__600x600.jpg","price":"1,34 €","price_unit":"(6,38 € / Kilo)","categories":["Supermercado","Desayunos Dulces y pan","Desayunos, dulces y pan","Galletas","Galletas wafer y barquillos","ARTIACH Artinata galletas de barquillo rellenas de nata paquete 210 g"],"general_information":["Denominación del alimento: (ES) BARQUILLO RELLENO DE CREMA (70%) SABOR NATA(PT) BOLACHA TIPO WAFER RECHEADA COM CREME (70%) SABOR A NATA(EN) CREAM FLAVOURED FILLED (70%) WAFER(FR) GAUFFRETTE FOURRÉE (70%) PARFUM CRÈME","País de origen: España","Nombre del operador: Galletas Artiach S.A.U.","Dirección del operador: Barrio Bengoetxea núm. 20 48410-Orozko","Cantidad Neta: 210 g"],"ingredients":[" Azúcar, harina de trigo, grasa de coco, grasa de coco totalmente hidrogenada, almidón de trigo, suero de leche en polvo, dextrosa, nata en polvo (1,6%), leche en polvo, huevos en polvo, sal, gasificantes (bicarbonatos sódico y amónico), emulgente (lecitina de soja), acidulante (ácido tartárico), antioxidantes (E 304, E 306), colorantes (E 160b, E 120). Puede contener cacahuetes, frutos de cáscara."],"conservation":" Manténgase en lugar fresco y seco.Conservar em local fresco e seco.Keep in a cool and dry place.À conserver dans un endroit frais et sec.","ean":"8410000001440"},{"full_name":"ARTIACH Artinata galletas de barquillo rellenas de nata sin azúcar estuche 175 g","name":"Artinata galletas de barquillo rellenas de nata sin azúcar estuche 175 g","brand":"ARTIACH ","img":"https://sgfm.elcorteingles.es/SGFM/dctm/MEDIA03/201710/16/00120613800786____8__600x600.jpg","price":"1,89 €","price_unit":"(10,80 € / Kilo)","categories":["Supermercado","Desayunos Dulces y pan","Desayunos, dulces y pan","Galletas","Galletas wafer y barquillos","ARTIACH Artinata galletas de barquillo rellenas de nata sin azúcar estuche 175 g"],"general_information":["Denominación del alimento: (ES) BARQUILLO RELLENO DE CREMA (64%) SABOR NATA, SIN AZÚCARES AÑADIDOS CON EDULCORANTES.(PT) BOLACHA TIPO WAFER RECHEADA COM CREME (64%) SABOR A NATA, SEM AÇÚCARES ADICIONADOS, COM EDULCORANTES.(EN) CREAM FLAVOUR (64%) FILLED WAFER, WITHOUT ADDED SUGARS, WITH SWEETENERS.(FR) GAUFFRETTE FOURRÉE PARFUM CRÈME (64%), SANS SUCRE AVEC ÉDULCORANTS.","País de origen: España","Nombre del operador: Galletas Artiach S.A.U.","Dirección del operador: Barrio Bengoetxea núm. 20 48410-Orozko","Cantidad Neta: 175 g"],"ingredients":[" Edulcorantes (isomaltosa, xilitol, sucralosa), harina de trigo, grasa de coco, grasa de coco totalmente hidrogenada, almidón de trigo, nata en polvo (1,7%), leche en polvo, huevos en polvo, sal, gasificantes (bicarbonatos sódico y amónico), emulgente (lecitina de soja), aroma, colorantes (E 160b, E 120), antioxidantes (E 304, E 306), acidulante (ácido tartárico). Puede contener frutos de cáscara, cacahuete. Un consumo excesivo puede producir efectos laxantes."],"conservation":" Conservar en lugar fresco y secoConservar em local fresco e secoKeep in a cool and dry placeÀ conserver dans un endroit frais et sec","ean":"8436048960464"},{"full_name":"ARTIACH Artilimón galletas de barquillo rellenos de crema de limón paquete 210 g","name":"Artilimón galletas de barquillo rellenos de crema de limón paquete 210 g","brand":"ARTIACH ","img":"https://sgfm.elcorteingles.es/SGFM/dctm/MEDIA03/201707/04/00120610001396____1__600x600.jpg","price":"1,39 €","price_unit":"(6,62 € / Kilo)","categories":["Supermercado","Desayunos Dulces y pan","Desayunos, dulces y pan","Galletas","Galletas wafer y barquillos","ARTIACH Artilimón galletas de barquillo rellenos de crema de limón paquete 210 g"],"general_information":["Denominación del alimento: (ES) BARQUILLO RELLENO DE CREMA (70%) SABOR LIMÓN.(PT) BOLACHA TIPO WAFER RECHEADA COM CREME (70%) SABOR A LIMÃO. (EN) LEMON CREAM FLAVOUR (70%) FILLED WAFER(FR) GAUFFRETTE FOURRÉE A LA CRÈME (70%) PARFUM CITRON","País de origen: España","Nombre del operador: Galletas Artiach S.A.U.","Dirección del operador: Barrio Bengoechea núm. 20 48410-Orozco","Cantidad Neta: 210 g"],"ingredients":[" Azúcar, harina de trigo, grasa de coco totalmente hidrogenada, almidón de trigo, dextrosa, limón en polvo (0,5%), leche en polvo, huevos en polvo, sal, gasificantes (bicarbonato sódico y amónico), emulgente (lecitina de soja), aroma, antioxidantes (E 304, E 306), colorantes (E 160b, E 120). Puede contener cacahuetes, frutos de cáscara."],"conservation":" Manténgase en lugar fresco y seco.Conservar em local fresco e seco.Keep in a cool and dry place.À conserver dans un endroit frais et sec.","ean":"8410000001471"},{"full_name":"ARTIACH Artinata galletas de barquillo rellenas de chocomenta paquete 210 g","name":"Artinata galletas de barquillo rellenas de chocomenta paquete 210 g","brand":"ARTIACH ","img":"https://sgfm.elcorteingles.es/SGFM/dctm/MEDIA03/201704/19/00120629902006____1__600x600.jpg","price":"1,51 €","price_unit":"(7,19 € / Kilo)","categories":["Supermercado","Desayunos Dulces y pan","Desayunos, dulces y pan","Galletas","Galletas wafer y barquillos","ARTIACH Artinata galletas de barquillo rellenas de chocomenta paquete 210 g"],"general_information":["Denominación del alimento: BARQUILLO RELLENO CON CREMA (70%) SABOR MENTABOLACHA TIPO WAFER RECHEADA COM CREME (70%) SABOR A MENTA MINT CREAM FLAVOUR (70%) FILLED WAFERGAUFFRETTE FOURRÉE A LA CRÈME (70%) PARFUM MENTHE","País de origen: España","Nombre del operador: Galletas Artiach S.A.U.","Dirección del operador: Barrio Bengoetxea núm. 20 48410-Orozko","Cantidad Neta: 210 g"],"ingredients":[" Azúcar, harina de trigo, grasa de coco, grasa de coco totalmente hidrogenada, suero lácteo en polvo, dextrosa, almidón de trigo, chocolate blanco en polvo 3,1% (azúcar, manteca de cacao, leche en polvo, leche desnatada en polvo), nata en polvo, cacao desgrasado en polvo, leche en polvo, huevos en polvo, sal, gasificantes (bicarbonatos sódico y amónico), emulgente (lecitina de soja), aromas, aroma natural de menta, acidulante (ácido tartárico), antioxidantes (E 304, E 306). Puede contener frutos de cáscara,cacahuete."],"conservation":" Manténgase en lugar fresco y seco Conservar em local fresco e secoKeep in a cool and dry placeÀ conserver dans un endroit frais et sec","ean":"8436048477269"},{"full_name":"MILKA Choco Wafer galletas de barquillo cubiertas de chocolate estuche 180 g","name":"Choco Wafer galletas de barquillo cubiertas de chocolate estuche 180 g","brand":"MILKA ","img":"https://sgfm.elcorteingles.es/SGFM/dctm/MEDIA03/201604/01/00200229901061____1__600x600.jpg","price":"2,05 €","price_unit":"(11,39 € / Kilo)","categories":["Supermercado","Desayunos Dulces y pan","Desayunos, dulces y pan","Galletas","Galletas wafer y barquillos","MILKA Choco Wafer galletas de barquillo cubiertas de chocolate estuche 180 g"],"general_information":["Denominación del alimento: BARQUILLO CON RELLENO DE CACAO (27%) CUBIERTO DE CHOCOLATE CON LECHE (60%).","País de origen: República Checa","Nombre del operador: Mondelez España Commercial, S.L.","Dirección del operador: C/Eucalipto, 25  - 28016 Madrid,  España","Cantidad Neta: 180 g"],"ingredients":[" Ingredientes: Chocolate con LECHE 60% [azúcar, manteca de cacao, pasta de cacao, LECHE desnatada en polvo, suero de LECHE en polvo, MANTEQUILLA concentrada, emulgente (lecitina de SOJA), aroma], harina de TRIGO, grasas vegetales (palma, coco, palmiste en proporción variable), azúcar, suero de LECHE en polvo, cacao desgrasado en polvo 2%, aceite de nabina, emulgente (lecitina de SOJA), gasificante (carbonato ácido de sodio), sal, aroma. PUEDE CONTENER HUEVO, FRUTOS DE CÁSCARA."],"ean":"7622300675981"},{"full_name":"GULLON DIET NATURE barquillos de chocolate sin azúcares paquete 210 g","name":"barquillos de chocolate sin azúcares paquete 210 g","brand":"GULLON DIET NATURE ","img":"https://sgfm.elcorteingles.es/SGFM/dctm/MEDIA03/201608/26/00120613801180____1__600x600.jpg","price":"1,29 €","price_unit":"(6,14 € / Kilo)","categories":["Supermercado","Desayunos Dulces y pan","Desayunos, dulces y pan","Galletas","Galletas wafer y barquillos","GULLON DIET NATURE barquillos de chocolate sin azúcares paquete 210 g"],"general_information":["Denominación del alimento: Baquillos relleno de crema sabor chocolate sin azúcares con edulcorantes","Nombre del operador: GALLETAS GULLON, S.A","Dirección del operador: Ctra, Burgos km 1,5- 34800 Aguilar de Campoo (Palencia)","Cantidad Neta: 210 g","Otras menciones obligatorias en la etiqueta: Un consumo excesivo puede producir efecto laxantes"],"ingredients":[" Crema de chocolate 70% [edulcorantes (maltitol, isomalt), grasa vegetal (palma y palmiste), cacao en polvo 9%, almidón de trigo, emulgente (lecitina de soja), aroma de vainilla], harina de trigo 29,5%, grasa vegetal (palma), emulgente (lecitina de girasol), sal, gasificantes (carbonato ácido de sodio y de amonio), colorante (ß-caroteno).  Puede contener trazas de frutos secos y leche."],"conservation":" Almacenar en lugar fresco y seco. Proteger de los rayos solares. Una vez abierto, mantener en las mismas condiciones y cerrar después de cada uso.","ean":"8410376037692"},{"full_name":"GULLON DIET NATURE barquillos de vainilla sin azúcar paquete 210 g","name":"barquillos de vainilla sin azúcar paquete 210 g","brand":"GULLON DIET NATURE ","img":"https://sgfm.elcorteingles.es/SGFM/dctm/MEDIA03/201608/26/00120629900497____1__600x600.jpg","price":"1,29 €","price_unit":"(6,14 € / Kilo)","categories":["Supermercado","Desayunos Dulces y pan","Desayunos, dulces y pan","Galletas","Galletas wafer y barquillos","GULLON DIET NATURE barquillos de vainilla sin azúcar paquete 210 g"],"general_information":["Denominación del alimento: Baquillos relleno de crema sabor vainilla sin azúcares con edulcorantes","Nombre del operador: GALLETAS GULLON, S.A","Dirección del operador: Ctra, Burgos km 1,5- 34800 Aguilar de Campoo (Palencia)","Cantidad Neta: 210 g","Otras menciones obligatorias en la etiqueta: Un consumo excesivo puede producir efecto laxantes"],"ingredients":[" Crema sabor vainilla 70% (edulcorantes (maltitol e isomalt), grasa vegetal (palma y palmiste), fibra vegetal, almidón de trigo, emulgente (lecitina de soja), aroma de vainilla), harina de trigo 29,5%, grasa vegetal (palma), emulgente (lecitina de girasol), sal, gasificantes (carbonato ácido de sódico y carbonato ácido de amonio), colorante (ß-caroteno). Puede contener trazas de frutos secos y leche"],"conservation":" Almacenar en lugar fresco y seco. Proteger de los rayos solares. Una vez abierto, mantener en las mismas condiciones y cerrar después de cada uso.","ean":"8410376017694"},{"full_name":"BAHLSEN Waffeletten barquillos con chocolate estuche 100 g","name":"Waffeletten barquillos con chocolate estuche 100 g","brand":"BAHLSEN ","img":"https://sgfm.elcorteingles.es/SGFM/dctm/MEDIA03/201605/20/00120629900018____1__600x600.jpg","price":"1,95 €","price_unit":"(19,50 € / Kilo)","categories":["Supermercado","Desayunos Dulces y pan","Desayunos, dulces y pan","Galletas","Galletas wafer y barquillos","BAHLSEN Waffeletten barquillos con chocolate estuche 100 g"],"general_information":["Denominación del alimento: Rollitos de barquillo con chocolate con leche (28%)","País de origen: Alemania","Nombre del operador: BAHLSEN ESPAÑA, S.A.U.","Dirección del operador: Avda.Somosierra, 24 - 1ºB. 28703 San Sebastián de los Reyes, ESPAÑA","Cantidad Neta: 100 g"],"ingredients":[" Harina de trigo, azúcar, grasa vegetal, manteca de cacao, leche desnatada en polvo, pasta de cacao, suero lácteo dulce en polvo, mantequilla clarificada, yema de huevo en polvo, sal, leche entera en polvo, emulgente: lecitina (soja), levadura en polvo: bicarbonato sódico, lactosa, especias, aroma."],"conservation":" Almacenar en lugar fresco y seco","ean":"4017100219900"},{"full_name":"TRIAS neulas caja 125 g","name":"neulas caja 125 g","brand":"TRIAS ","img":"https://sgfm.elcorteingles.es/SGFM/00/06/7/0120614300067/0120614300067000g01011.jpg","price":"2,75 €","price_unit":"(22 € / Kilo)","categories":["Supermercado","Desayunos Dulces y pan","Desayunos, dulces y pan","Galletas","Galletas wafer y barquillos","TRIAS neulas caja 125 g"],"general_information":["Denominación del alimento: Galletas","País de origen: España","Nombre del operador: Trias Galetes Biscuits S.A.","Dirección del operador: Crta de Sils, 36 - 17430 Sta. Coloma de Farners","Cantidad Neta: 125 g"],"ingredients":[" Azúcar blanco, harina de trigo, huevo fresco, nata UTH, sal, aromas: aceite esencial de limón y esencia de canela (Ceilán)."],"conservation":" Conservar en lugar fresco y seco.","ean":"8411724080254"},{"full_name":"BIRBA neulas artesanas sin colorantes ni conservantes paquete 100 g","name":"neulas artesanas sin colorantes ni conservantes paquete 100 g","brand":"BIRBA ","img":"https://sgfm.elcorteingles.es/SGFM/dctm/MEDIA03/201711/10/00120629901750____11__600x600.jpg","price":"1,99 €","price_unit":"(19,90 € / Kilo)","categories":["Supermercado","Desayunos Dulces y pan","Desayunos, dulces y pan","Galletas","Galletas wafer y barquillos","BIRBA neulas artesanas sin colorantes ni conservantes paquete 100 g"],"general_information":[],"ingredients":[],"ean":"8412522000413"},{"full_name":"CASA ECEIZA tejas y cigarrillos de Tolosa estuche 300 g","name":"tejas y cigarrillos de Tolosa estuche 300 g","brand":"CASA ECEIZA ","img":"https://sgfm.elcorteingles.es/SGFM/dctm/MEDIA03/201709/14/00120660906072____6__600x600.jpg","price":"8,20 €","price_unit":"(27,33 € / Kilo)","categories":["Supermercado","Desayunos Dulces y pan","Desayunos, dulces y pan","Galletas","Galletas wafer y barquillos","CASA ECEIZA tejas y cigarrillos de Tolosa estuche 300 g"],"general_information":["Denominación del alimento: Tejas y Cigarrillos de Tolosa","Nombre del operador: Casa Eceiza S.L.","Dirección del operador: Polig. Irunzubi 2, N-130 Km. 58 - 20490 Lizartza (Guipúzcoa)","Cantidad Neta: 300 g"],"ingredients":[" Azúcar, almendra, harina de trigo, huevo pasteurizado, clara de huevo pasteurizado, mantequilla (leche), aroma de limón. Puede contener trazas de soja, frutos de cáscara, cacahuete y sésamo."],"conservation":" Conservar en sitio fresco y seco","ean":"8429360000314"},{"full_name":"CASA ECEIZA cigarrillos de chocolate bote 200 g","name":"cigarrillos de chocolate bote 200 g","brand":"CASA ECEIZA ","img":"https://sgfm.elcorteingles.es/SGFM/dctm/MEDIA03/201609/07/00120660906080____1__600x600.jpg","price":"4,95 €","price_unit":"(24,75 € / Kilo)","categories":["Supermercado","Desayunos Dulces y pan","Desayunos, dulces y pan","Galletas","Galletas wafer y barquillos","CASA ECEIZA cigarrillos de chocolate bote 200 g"],"general_information":["Denominación del alimento: Bote cigarrollos de chocolate","Nombre del operador: Casa Eceiza S.L.","Dirección del operador: Polig. Irunzubi 2, N-130 Km. 58 - 20490 Lizartza (Guipúzcoa)","Cantidad Neta: 200 g"],"ingredients":[" Cobertura de chocolate 42% (pasta de cacao, azúcar, manteca de cacao, emulsionante: lecitina de soja, aroma natural de vainilla), azúcar, clara de huevo pasteurizada, mantequilla (leche), harina de trigo."],"conservation":" Mantener en lugar fresco y seco","ean":"8429360000369"},{"full_name":"CASA ECEIZA cigarrillos de Tolosa bote 160 g","name":"cigarrillos de Tolosa bote 160 g","brand":"CASA ECEIZA ","img":"https://sgfm.elcorteingles.es/SGFM/dctm/MEDIA03/201609/07/00120660906064____1__600x600.jpg","price":"4,95 €","price_unit":"(30,94 € / Kilo)","categories":["Supermercado","Desayunos Dulces y pan","Desayunos, dulces y pan","Galletas","Galletas wafer y barquillos","CASA ECEIZA cigarrillos de Tolosa bote 160 g"],"general_information":["Denominación del alimento: Bote Cigarrillos de Tolosa","Nombre del operador: Casa Eceiza S.L.","Dirección del operador: Polig. Irunzubi 2, N-130 Km. 58 - 20490 Lizartza (Guipúzcoa)","Cantidad Neta: 160 g"],"ingredients":[" Azúcar, clara de huevo pasteurizada, mantequilla (leche), (18%), harina de trigo"],"conservation":" Mantener en lugar fresco y seco","ean":"8429360000345"},{"full_name":"CASA ECEIZA surtido de cigarrillos de Tolosa estuche 120 g","name":"surtido de cigarrillos de Tolosa estuche 120 g","brand":"CASA ECEIZA ","img":"https://sgfm.elcorteingles.es/SGFM/dctm/MEDIA03/201609/23/00120660906056____1__600x600.jpg","price":"2,89 €","price_unit":"(24,08 € / Kilo)","categories":["Supermercado","Desayunos Dulces y pan","Desayunos, dulces y pan","Galletas","Galletas wafer y barquillos","CASA ECEIZA surtido de cigarrillos de Tolosa estuche 120 g"],"general_information":[],"ingredients":[],"ean":"8429360000475"},{"full_name":"VICENS neulas mixtas artesanas 20 unidades estuche 200 g","name":"neulas mixtas artesanas 20 unidades estuche 200 g","brand":"VICENS ","img":"https://sgfm.elcorteingles.es/SGFM/dctm/MEDIA03/201612/12/00120629901933____1__600x600.jpg","price":"4,99 €","price_unit":"(24,95 € / Kilo)","categories":["Supermercado","Desayunos Dulces y pan","Desayunos, dulces y pan","Galletas","Galletas wafer y barquillos","VICENS neulas mixtas artesanas 20 unidades estuche 200 g"],"general_information":["Denominación del alimento: NEULAS ARTESANAS Y CON CHOCOLATE (MIXTAS) ESTUCHE","Nombre del operador: Torrons Vicens, S.L.","Dirección del operador: Ctra. de Tàrrega, 1 - 25310 Agramunt - Lleida - Spain - T. 973 39 06 07 www.vicens.com","Cantidad Neta: 200 g"],"ingredients":[" Harina de trigo, azúcar, mantequilla, leche desnatada en polvo, huevos, emulgente (lecitina de soja) y aroma.Neulas grandes al cacao: Cobertura de chocolate negro  [Pasta de cacao, azúcar, manteca de cacao, emulgente (lecitina de soja y aroma], harina de trigo, azúcar, mantequilla (5%), leche en polvo, huevos, emulgente (lecitina de soja) y aroma. Contiene gluten, leche, huevos, soja y/o sus derivados. Puede contener trazas de frutos de cáscara y productos lácteos."],"conservation":" Conservar en lugar fresco y seco.","ean":"8410495000409"},{"full_name":"RUME barquillos de Madrid estuche 120 g","name":"barquillos de Madrid estuche 120 g","brand":"RUME ","img":"https://sgfm.elcorteingles.es/SGFM/dctm/MEDIA02/CONTENIDOS/201407/21/00120629901149____1__600x600.jpg","price":"1,80 €","price_unit":"(15 € / Kilo)","categories":["Supermercado","Desayunos Dulces y pan","Desayunos, dulces y pan","Galletas","Galletas wafer y barquillos","RUME barquillos de Madrid estuche 120 g"],"general_information":["Denominación del alimento: Barquillos Artesanos Cilindricos","Nombre del operador: Productos Rume, S.L.","Dirección del operador: C/Laguna Del Marquesado,24-E 28021 Madrid","Cantidad Neta: 120,0 g","Número de raciones por envase: 4"],"ingredients":[" Harina de trigo, azúcar, grasa vegetal, emulsionante (lecitina de soja), vainillina y aroma."],"conservation":" Conservar en lugar fresco y seco.","ean":"8420288110208"},{"full_name":"RUME conos de barquillo 15 unidades estuche 75 g","name":"conos de barquillo 15 unidades estuche 75 g","brand":"RUME ","img":"https://sgfm.elcorteingles.es/SGFM/dctm/MEDIA03/201703/28/00120660000025____1__600x600.jpg","price":"2,19 €","price_unit":"(29,20 € / Kilo)","categories":["Supermercado","Desayunos Dulces y pan","Desayunos, dulces y pan","Galletas","Galletas wafer y barquillos","RUME conos de barquillo 15 unidades estuche 75 g"],"general_information":["Denominación del alimento: Conos De Barquillo Dulce","Nombre del operador: Productos Rume, S.L.","Dirección del operador: C/Laguna Del Marquesado,24-E 28021 Madrid","Cantidad Neta: 70,0 g","Número de raciones por envase: 15"],"ingredients":[" Harina de trigo, azúcar, grasa vegetal, emulsionante (lecitina de soja), gasificante (bicarbonato sodico, pirofosfato acido de sodio), sal, aroma, antioxidante natural (extracto de tocoferol)."],"conservation":" Conservar en lugar fresco y seco.","ean":"8420288110154"},{"full_name":"RUME conos de barquillo sin gluten 6 unidades estuche 80 g","name":"conos de barquillo sin gluten 6 unidades estuche 80 g","brand":"RUME ","img":"https://sgfm.elcorteingles.es/SGFM/dctm/MEDIA02/CONTENIDOS/201409/08/00118960000182____1__600x600.jpg","price":"3,75 €","price_unit":"(46,88 € / Kilo)","categories":["Supermercado","Desayunos Dulces y pan","Desayunos, dulces y pan","Galletas","Galletas wafer y barquillos","RUME conos de barquillo sin gluten 6 unidades estuche 80 g"],"general_information":["Denominación del alimento: Conos Dulces","Nombre del operador: Productos Rume, S.L.","Dirección del operador: C/Laguna Del Marquesado,24-E 28021 Madrid","Cantidad Neta: 80,0 g","Número de raciones por envase: 6"],"ingredients":[" Harina de arroz, azúcar, almidón de maiz, fécula de patata, harina de soja, grasas vegetales no hidrogenadas, emulsionante (lecitina de soja), sal, maltitol, espesante (goma guar), aroma natural, colorante(caramelo)."],"conservation":" Conservar en lugar fresco y seco.","ean":"8420288110284"},{"full_name":"RUME galletas de barquillo para helado estuche 85 g","name":"galletas de barquillo para helado estuche 85 g","brand":"RUME ","img":"https://sgfm.elcorteingles.es/SGFM/dctm/MEDIA02/CONTENIDOS/201408/28/00118960000190____1__600x600.jpg","price":"0,75 €","price_unit":"(8,82 € / Kilo)","categories":["Supermercado","Desayunos Dulces y pan","Desayunos, dulces y pan","Galletas","Galletas wafer y barquillos","RUME galletas de barquillo para helado estuche 85 g"],"general_information":["Denominación del alimento: Galletas Cuadradas De Oblea","Nombre del operador: Productos Rume, S.L.","Dirección del operador: C/Laguna Del Marquesado,24-E 28021 Madrid","Cantidad Neta: 85,0 g","Número de raciones por envase: 40"],"ingredients":[" Harina de trigo, azúcar, grasa vegetal, emulsionante (lecitina de soja), gasificante (bicarbonato sodico,pirofosfato acido de sodio), sal y antioxidante natural (extracto de tocoferol)."],"conservation":" Conservar en lugar fresco y seco.","ean":"8420288001407"},{"full_name":"RUME Chupichoc vasitos de barquillo bañados de chocolate 10 unidades estuche 55 g","name":"Chupichoc vasitos de barquillo bañados de chocolate 10 unidades estuche 55 g","brand":"RUME ","img":"https://sgfm.elcorteingles.es/SGFM/dctm/MEDIA02/CONTENIDOS/201407/21/00118960000034____1__600x600.jpg","price":"2,99 €","price_unit":"(54,36 € / Kilo)","categories":["Supermercado","Desayunos Dulces y pan","Desayunos, dulces y pan","Galletas","Galletas wafer y barquillos","RUME Chupichoc vasitos de barquillo bañados de chocolate 10 unidades estuche 55 g"],"general_information":["Denominación del alimento: Vasitos De Oblea Dulce Bañados De Chocolate","Nombre del operador: Productos Rume, S.L.","Dirección del operador: C/Laguna Del Marquesado,24-E 28021 Madrid","Cantidad Neta: 55,0 g","Número de raciones por envase: 10"],"ingredients":[" Cobertura vegetal de chocolate (azúcar, grasa vegetal, cacao en polvo, lecitina, vainillina), harina de trigo, azúcar, grasa vegetal, emulsionante (lecitina de soja), gasificante (bicarbonato sodico, pirofosfato acido de sodio), sal y aroma."],"conservation":" Conservar en lugar fresco y seco.","ean":"8420288110130"},{"full_name":"RUME cucuruchos artesanos para helado 6 unidades estuche 140 g","name":"cucuruchos artesanos para helado 6 unidades estuche 140 g","brand":"RUME ","img":"https://sgfm.elcorteingles.es/SGFM/00/07/5/0118960000075/0118960000075000g01011.jpg","price":"2,99 €","price_unit":"(21,36 € / Kilo)","categories":["Supermercado","Desayunos Dulces y pan","Desayunos, dulces y pan","Galletas","Galletas wafer y barquillos","RUME cucuruchos artesanos para helado 6 unidades estuche 140 g"],"general_information":["Denominación del alimento: Cucuruchos Artesanos De Barquillo","Nombre del operador: Productos Rume, S.L.","Dirección del operador: C/Laguna Del Marquesado,24-E 28021 Madrid","Cantidad Neta: 140,0 g","Número de raciones por envase: 6"],"ingredients":[" Harina de trigo, azúcar, grasa vegetal, emulsionante (lecitina de soja) y vainillina."],"conservation":" Conservar en lugar fresco y seco.","ean":"8420288110062"},{"full_name":"RUME cubanitos de barquillo estuche 100 g","name":"cubanitos de barquillo estuche 100 g","brand":"RUME ","img":"https://sgfm.elcorteingles.es/SGFM//00/17/4/0118960000174/0118960000174000g01011.jpg","price":"1,99 €","price_unit":"(19,90 € / Kilo)","categories":["Supermercado","Desayunos Dulces y pan","Desayunos, dulces y pan","Galletas","Galletas wafer y barquillos","RUME cubanitos de barquillo estuche 100 g"],"general_information":["Denominación del alimento: Cubanitos De Barquillo","Nombre del operador: Productos Rume, S.L.","Dirección del operador: C/Laguna Del Marquesado,24-E 28021 Madrid","Cantidad Neta: 100,0 g"],"ingredients":[" Harina de trigo, azúcar, grasa vegetal, emulsionante (lecitina de soja), leche en polvo, vainillina, sal y aroma."],"conservation":" Conservar en lugar fresco y seco.","ean":"8420288110239"},{"full_name":"GONZALO RIOS Abanicos de barquillo grandes para helados paquete 95 g","name":"Abanicos de barquillo grandes para helados paquete 95 g","brand":"GONZALO RIOS ","img":"https://sgfm.elcorteingles.es/SGFM/00/07/9/0201160000079/0201160000079000g01011.jpg","price":"1,09 €","price_unit":"(11,47 € / Kilo)","categories":["Supermercado","Desayunos Dulces y pan","Desayunos, dulces y pan","Galletas","Galletas wafer y barquillos","GONZALO RIOS Abanicos de barquillo grandes para helados paquete 95 g"],"general_information":[],"ingredients":[],"ean":"8420961000079"},{"full_name":"GONZALO RIOS galletas obleas para helados paquete 25 g","name":"galletas obleas para helados paquete 25 g","brand":"GONZALO RIOS ","img":"https://sgfm.elcorteingles.es/SGFM/00/08/7/0201160000087/0201160000087000g01011.jpg","price":"0,22 €","price_unit":"(8,80 € / Kilo)","categories":["Supermercado","Desayunos Dulces y pan","Desayunos, dulces y pan","Galletas","Galletas wafer y barquillos","GONZALO RIOS galletas obleas para helados paquete 25 g"],"general_information":[],"ingredients":[],"ean":"8420961000109"},{"full_name":"MARY LEE Wafers rellenos de caramelo bolsa 230 g","name":"Wafers rellenos de caramelo bolsa 230 g","brand":"MARY LEE ","img":"https://sgfm.elcorteingles.es/SGFM/dctm/MEDIA03/201710/25/00200228000709____2__600x600.jpg","price":"2,59 €","price_unit":"(11,26 € / Kilo)","categories":["Supermercado","Desayunos Dulces y pan","Desayunos, dulces y pan","Galletas","Galletas wafer y barquillos","MARY LEE Wafers rellenos de caramelo bolsa 230 g"],"general_information":["Denominación del alimento: Gofres de caramelo","País de origen: Países Bajos","Nombre del operador: Alimentación Varma, S.L.","Dirección del operador: C/ La granja, 15 - Pol. Industrial Alcobendas. 28108 Alcobendas (Madrid) - España","Cantidad Neta: 230 g"],"ingredients":[" 34% de caramelo (sirope de glucosa y fructosa, sirope de azúcar), harina de trigo, 14% mantequilla de nata, margarina vegetal (aceite y grasas vegetales, emulsionante (E471), acidulante (ácido cítrico)), azúcar, azúcar de caña, huevos, harina de soja, sal, emulsionante (lecitina de soja), levaduras (E450, E500), canela, vainilla natural Bourbon. contiene leche."],"conservation":" Conservar en lugar fresco y seco.","ean":"8425190188031"},{"full_name":"MARY LEE mini gofres de caramelo bolsa 200 g","name":"mini gofres de caramelo bolsa 200 g","brand":"MARY LEE ","img":"https://sgfm.elcorteingles.es/SGFM/dctm/MEDIA03/201711/22/00120629900828____1__600x600.jpg","price":"2,86 €","price_unit":"(14,30 € / Kilo)","categories":["Supermercado","Desayunos Dulces y pan","Desayunos, dulces y pan","Galletas","Galletas wafer y barquillos","MARY LEE mini gofres de caramelo bolsa 200 g"],"general_information":["Denominación del alimento: Minigofres de caramelo","País de origen: Países Bajos","Nombre del operador: Alimentación Varma, S.L.","Dirección del operador: C/ La granja, 15 - Pol. Industrial Alcobendas. 28108 Alcobendas (Madrid) - España","Cantidad Neta: 200 g"],"ingredients":[" 34% de caramelo (sirope de glucosa-fructosa, sirope de azúcar), harina de trigo, mantequilla, margarina vegetal (aceites y grasas vegetales, emulgente (E471), correctos de acidez (E331), sal, acidificante (E330), vitamina Ay D3, aroma de mantequilla), azúcar, huevos, azúcar de caña, harina de soja, sal, emulgente (lecitina de soja), estabilizante (E450, E500), canela, vainilla Bourbon natural. Contiene leche"],"conservation":" Conservar en lugar fresco y seco.","ean":"8425190188017"},{"full_name":"LA ALBERCA obleas de barquillo estuche 12 unidades","name":"obleas de barquillo estuche 12 unidades","brand":"LA ALBERCA ","img":"https://sgfm.elcorteingles.es/SGFM/00/55/5/0120671700555/0120671700555000g01011.jpg","price":"1,86 €","price_unit":"(155 € / Kilo)","categories":["Supermercado","Desayunos Dulces y pan","Desayunos, dulces y pan","Galletas","Galletas wafer y barquillos","LA ALBERCA obleas de barquillo estuche 12 unidades"],"general_information":["Denominación del alimento: Obleas","Nombre del operador: La Antigua León Artesanos, S.L.","Dirección del operador: C. Arquímedes 58. P.I. El Palomo, Fuenlabrada 28945 (Madrid)","Cantidad Neta: 240 g","Número de raciones por envase: 12"],"ingredients":[" Harina de trigo, huevo frescos y aceites. Contiene gluten (harina de trigo) y huevo."],"conservation":" En un lugar fresco y seco. Preservar de la luz solar y olores y sabores fuertes.","ean":"8424966001000"},{"full_name":"GALINDO barquillos cortos bote 375 g","name":"barquillos cortos bote 375 g","brand":"GALINDO ","img":"https://sgfm.elcorteingles.es/SGFM/00/36/5/0120671700365/0120671700365000g01011.jpg","price":"4,08 €","price_unit":"(10,88 € / Kilo)","categories":["Supermercado","Desayunos Dulces y pan","Desayunos, dulces y pan","Galletas","Galletas wafer y barquillos","GALINDO barquillos cortos bote 375 g"],"general_information":[],"ingredients":[],"ean":"8420046777049"},{"full_name":"GALINDO barquillos estuche 120 g","name":"barquillos estuche 120 g","brand":"GALINDO ","img":"https://sgfm.elcorteingles.es/SGFM/00/03/4/0120660900034/0120660900034000g01011.jpg","price":"2,06 €","price_unit":"(17,17 € / Kilo)","categories":["Supermercado","Desayunos Dulces y pan","Desayunos, dulces y pan","Galletas","Galletas wafer y barquillos","GALINDO barquillos estuche 120 g"],"general_information":[],"ingredients":[],"ean":"8420046777018"},{"full_name":"GALINDO barquillos sin azúcar estuche 120 g","name":"barquillos sin azúcar estuche 120 g","brand":"GALINDO ","img":"https://sgfm.elcorteingles.es/SGFM/01/38/8/0120629901388/0120629901388000g01011.jpg","price":"2,59 €","price_unit":"(21,58 € / Kilo)","categories":["Supermercado","Desayunos Dulces y pan","Desayunos, dulces y pan","Galletas","Galletas wafer y barquillos","GALINDO barquillos sin azúcar estuche 120 g"],"general_information":[],"ingredients":[],"ean":"8420046777605"},{"full_name":"SANTA CANDIA neulas 25 unidades estuche 400 g","name":"neulas 25 unidades estuche 400 g","brand":"SANTA CANDIA ","price":"5,49 €","price_unit":"(13,72 € / Kilo)","categories":["Supermercado","Desayunos Dulces y pan","Desayunos, dulces y pan","Galletas","Galletas wafer y barquillos","SANTA CANDIA neulas 25 unidades estuche 400 g"],"general_information":[],"ingredients":[],"ean":"8437003762000"},{"full_name":"LOACKER galletas de barquillo rellenas de crema de chocolate con leche formato familiar estuche 00175 g","name":"galletas de barquillo rellenas de crema de chocolate con leche formato familiar estuche 00175 g","brand":"LOACKER ","img":"https://sgfm.elcorteingles.es/SGFM/dctm/MEDIA03/201610/05/00120629901917____1__600x600.jpg","price":"2,08 €","price_unit":"(11,89 € / Kilo)","categories":["Supermercado","Desayunos Dulces y pan","Desayunos, dulces y pan","Galletas","Galletas wafer y barquillos","LOACKER galletas de barquillo rellenas de crema de chocolate con leche formato familiar estuche 00175 g"],"general_information":["Denominación del alimento: Galletas crujientes de cacao rellenas de crema de leche (75%)","País de origen: Austria","Nombre del operador: Alimentación Varma, S.L.","Dirección del operador: C/ La granja, 15 - Pol. Industrial Alcobendas. 28108 Alcobendas (Madrid) - España","Cantidad Neta: 175 g"],"ingredients":[" Aceite de coco, harina de trigo, jarabe de glucosa, suero de leche en polvo, dextrosa, leche desnatada en polvo (6%), azúcar, harina de soja, leche entera en polvo (4%), extracto de malta de cebada, cacao magro (2%), avellanas, gasificantes (carbonato ácido de sodio, difosfato disódico), sal, emulgente lecitinas de soja, bayas de vainilla bourbon, especias. puede contener trazas de almendras"],"conservation":" Conservar en lugar fresco y seco","ean":"8000380180721"},{"full_name":"LOACKER galletas de barquillo rellenas de crema de avellanas paquete 175 g","name":"galletas de barquillo rellenas de crema de avellanas paquete 175 g","brand":"LOACKER ","img":"https://sgfm.elcorteingles.es/SGFM/dctm/MEDIA03/201703/15/00120629900125____1__600x600.jpg","price":"2,29 €","price_unit":"(13,09 € / Kilo)","categories":["Supermercado","Desayunos Dulces y pan","Desayunos, dulces y pan","Galletas","Galletas wafer y barquillos","LOACKER galletas de barquillo rellenas de crema de avellanas paquete 175 g"],"general_information":["Denominación del alimento: Galletas crujientes rellenas de crema de Avellana","País de origen: Italia","Nombre del operador: Alimentación Varma, S.L.","Dirección del operador: C/ La granja, 15 - Pol. Industrial Alcobendas. 28108 Alcobendas (Madrid) - España","Cantidad Neta: 175 g"],"ingredients":[" Harina de trigo, aceite de coco, jarabe de glucosa, azúcar, avellanas  9% en la crema, polvo de suero de leche (leche), harina de soja, leche desnatada , leche en polvo, cacao magro, dextrosa, extracto de malta de cebada, sal, gasificantes (carbonato de hidrógeno de sodio,  difosfato disódico), lecitinas de  soja, emulsionante Vainas de vainilla Bourbon, especies. Puede contener  almendras y avena."],"conservation":" Conservar bien cerrado y en lugar seco.","ean":"8000380007219"},{"full_name":"LOACKER Tortina galletas de barquillo recubiertas de chocolate con leche paquete 125 g","name":"Tortina galletas de barquillo recubiertas de chocolate con leche paquete 125 g","brand":"LOACKER ","img":"https://sgfm.elcorteingles.es/SGFM/00/27/3/0120629900273/0120629900273000g01011.jpg","price":"3,92 €","price_unit":"(31,36 € / Kilo)","categories":["Supermercado","Desayunos Dulces y pan","Desayunos, dulces y pan","Galletas","Galletas wafer y barquillos","LOACKER Tortina galletas de barquillo recubiertas de chocolate con leche paquete 125 g"],"general_information":["Denominación del alimento: Delicias de chocolate con leche rellenas de crema de avellana (56%) y crujiente oblea","País de origen: Italia","Nombre del operador: Alimentación Varma, S.L.","Dirección del operador: C/ La granja, 15 - Pol. Industrial Alcobendas. 28108 Alcobendas (Madrid) - España","Cantidad Neta: 21 g"],"ingredients":[" Chocolate con leche 36% (sólidos de cacao 39%; extracto seco de leche 23%, azúcar, pasta de cacao, manteca de cacao, leche en polvo descremada, leche en polvo, suero en polvo, lecitina de soja de emulsionantes, extracto de vainilla), avellanas (30%) en la crema, el azúcar, aceite de coco, harina de trigo, polvo de suero de leche, leche desnatada, leche en polvo, extracto de malta de cebada, crema en polvo (leche), cacao magro, sal, gasificantes (ácido de sodio, carbonato, difosfato disódico), de soja emulsionante lecitinas, harina de soja, vainas de vainilla Bourbon. Puede contener trazas de almendra y avena."],"conservation":" Conservar bien cerrado y en lugar seco.","ean":"8000380106028"},{"full_name":"ANTIU XIXONA barquillo relleno de turrón bote 200 g","name":"barquillo relleno de turrón bote 200 g","brand":"ANTIU XIXONA ","img":"https://sgfm.elcorteingles.es/SGFM/00/64/6/0120629900646/0120629900646000g01011.jpg","price":"2,99 €","price_unit":"(14,95 € / Kilo)","categories":["Supermercado","Desayunos Dulces y pan","Desayunos, dulces y pan","Galletas","Galletas wafer y barquillos","ANTIU XIXONA barquillo relleno de turrón bote 200 g"],"general_information":["Denominación del alimento: Barquillos rellenos de turrón","País de origen: España","Nombre del operador: Sanchis Mira S.A.","Dirección del operador: Pol. Ind. Segorb s/n - 03100 Jijona (Alicante)","Lugar de procedencia del alimento: España","Cantidad Neta: 200,0 g","Otras menciones obligatorias en la etiqueta: ORIGINAL. PRODUCIDO EN CE."],"ingredients":[" barquillo: 40% (harina de trigo, azúcar, miel, leche desnatada en polvo, aceite vegetal de palma, yema de huevo en polvo, sal, suero lácteo, emulgente (lecitina de soja), colorantes (E-150d, E-160b), antioxidantes (E-304, E-306), aroma). Relleno de crema de turrón: 60% (azúcar, almendra tostada, aceite vegetal de palma, almidón de trigo, yema de huevo en polvo, antioxidantes (E-304, E-306)). Trazas de cacahuete y otros frutos de cáscara."],"conservation":" Temperatura ideal de conservación: 18°-20° C. Conservar en ambiente fresco y seco.","ean":"8410152006201"},{"full_name":"ANTIU XIXONA barquillo relleno de chocolate bote 200 g","name":"barquillo relleno de chocolate bote 200 g","brand":"ANTIU XIXONA ","img":"https://sgfm.elcorteingles.es/SGFM/00/69/1/0200229900691/0200229900691000g01011.jpg","price":"2,99 €","price_unit":"(14,95 € / Kilo)","categories":["Supermercado","Desayunos Dulces y pan","Desayunos, dulces y pan","Galletas","Galletas wafer y barquillos","ANTIU XIXONA barquillo relleno de chocolate bote 200 g"],"general_information":["Denominación del alimento: Barquillos rellenos de chocolate","País de origen: España","Nombre del operador: Sanchis Mira S.A.","Dirección del operador: Pol. Ind. Segorb s/n - 03100 Jijona (Alicante)","Lugar de procedencia del alimento: España","Cantidad Neta: 200 g","Otras menciones obligatorias en la etiqueta: ORIGINAL. PRODUCIDO EN CE."],"ingredients":[" Azúcar, harina de trigo, aceite vegetal de palma, cacao desgrasado en polvo, leche desnatada en polvo, suero lácteo en polvo, pasta de avellana, yema de huevo en polvo, emulgente (lecitina de soja), sal, colorante (E-150d), aromas, antioxidantes (E-304, E-306). Trazas de otros frutos de cáscara. Contiene 60% de relleno de chocolate."],"conservation":" Conservar en ambiente fresco y seco.","ean":"8410152006218"},{"full_name":"ANTIU XIXONA barquillo de turrón al chocolate bote 200 g","name":"barquillo de turrón al chocolate bote 200 g","brand":"ANTIU XIXONA ","img":"https://sgfm.elcorteingles.es/SGFM/00/65/3/0120629900653/0120629900653000g01011.jpg","price":"2,99 €","price_unit":"(14,95 € / Kilo)","categories":["Supermercado","Desayunos Dulces y pan","Desayunos, dulces y pan","Galletas","Galletas wafer y barquillos","ANTIU XIXONA barquillo de turrón al chocolate bote 200 g"],"general_information":["Denominación del alimento: Barquillos de turrón al chocolate","País de origen: España","Nombre del operador: Sanchis Mira S.A.","Dirección del operador: Pol. Ind. Segorb s/n - 03100 Jijona (Alicante)","Lugar de procedencia del alimento: España","Cantidad Neta: 200 g","Número de raciones por envase: 6","Otras menciones obligatorias en la etiqueta: ORIGINAL. PRODUCIDO EN CE."],"ingredients":[" Bañado de chocolate con leche (azúcar, manteca de cacao, leche entera en polvo, pasta de cacao, suero lácteo, emulgente: lecitina de soja, aroma). Barquillo relleno de crema de turrón (azúcar, harina de trigo, almendra tostada, aceite de vegetal de palma, almidón de trigo, miel, yema de huevo en polvo, leche desnatada en polvo, sal, suero lácteo en polvo, aromas, colorantes (E-I50, E-160-b), emulgente (lecitina de soja), antioxidantes (E-304, E-306)). aromas. Trazas de otros frutos de cáscara. Contiene 60% de relleno de crema de turrón (en el barquillo)."],"conservation":" Conservar en ambiente fresco, seco y alejado de olores. Temperatura ideal de conservación: 18ºC-20ºC","ean":"8410152006225"},{"full_name":"RIFACLI rollitos de barquillo neulas 50 unidades bote 200 g","name":"rollitos de barquillo neulas 50 unidades bote 200 g","brand":"RIFACLI ","img":"https://sgfm.elcorteingles.es/SGFM/dctm/MEDIA02/CONTENIDOS/201505/05/00120629901461____1__600x600.jpg","price":"2,49 €","price_unit":"(12,45 € / Kilo)","categories":["Supermercado","Desayunos Dulces y pan","Desayunos, dulces y pan","Galletas","Galletas wafer y barquillos","RIFACLI rollitos de barquillo neulas 50 unidades bote 200 g"],"general_information":["Denominación del alimento: Barquillo","Nombre del operador: Mediterranean Foods S.A.","Dirección del operador: C/ Fructuós Gelabert, 6-8 1º 08970 Sant Joan Despí (Barcelona) España.","Cantidad Neta: 200,0 g"],"ingredients":[" Harina de trigo, azúcar, grasa vegetal, huevo entero en polvo, colorante: Caramelo E-150(d), sal, emulgente (lecitina de soja), vainillina y aromas."],"conservation":" 15 meses en lugar fresco y seco.","ean":"8421439000324"},{"full_name":"RIFACLI rollitos de barquillo neulas 25 unidades estuche 100 g","name":"rollitos de barquillo neulas 25 unidades estuche 100 g","brand":"RIFACLI ","img":"https://sgfm.elcorteingles.es/SGFM/01/45/3/0120629901453/0120629901453000g01011.jpg","price":"0,95 €","price_unit":"(9,50 € / Kilo)","categories":["Supermercado","Desayunos Dulces y pan","Desayunos, dulces y pan","Galletas","Galletas wafer y barquillos","RIFACLI rollitos de barquillo neulas 25 unidades estuche 100 g"],"general_information":["Denominación del alimento: Barquillo","Nombre del operador: Mediterranean Foods S.A.","Dirección del operador: C/ Fructuós Gelabert, 6-8 1º 08970 Sant Joan Despí (Barcelona) España.","Cantidad Neta: 100,0 g"],"ingredients":[" Harina de trigo, azúcar, grasa vegetal, huevo entero en polvo, colorante: Caramelo E-150(d), sal, emulgente (lecitina de soja), vainillina y aromas."],"conservation":" 15 meses en lugar fresco y seco.","ean":"8421439000003"},{"full_name":"REGLERO Colombianos barquillos rellenos de crema de café estuche 260 g","name":"Colombianos barquillos rellenos de crema de café estuche 260 g","brand":"REGLERO ","img":"https://sgfm.elcorteingles.es/SGFM/01/42/0/0120629901420/0120629901420000g01011.jpg","price":"1,89 €","price_unit":"(7,27 € / Kilo)","categories":["Supermercado","Desayunos Dulces y pan","Desayunos, dulces y pan","Galletas","Galletas wafer y barquillos","REGLERO Colombianos barquillos rellenos de crema de café estuche 260 g"],"general_information":[],"ingredients":[],"ean":"8410156095003"},{"full_name":"KNOPPERS wafers con chocolate y avellanas 5 unidades paquete 125 g","name":"wafers con chocolate y avellanas 5 unidades paquete 125 g","brand":"KNOPPERS ","img":"https://sgfm.elcorteingles.es/SGFM/dctm/MEDIA02/CONTENIDOS/201511/05/00120629901487____2__600x600.jpg","price":"1,75 €","price_unit":"(14 € / Kilo)","categories":["Supermercado","Desayunos Dulces y pan","Desayunos, dulces y pan","Galletas","Galletas wafer y barquillos","KNOPPERS wafers con chocolate y avellanas 5 unidades paquete 125 g"],"general_information":["Denominación del alimento: Barquillos rellenos de crema con leche (30,4 %) y crema con praliné (29,4 %) con cubierta al cacao","Nombre del operador: Storck Iberica S.L.U.","Dirección del operador: Ctra. Real 340, n.° 122-A, 5.a Planta 08960 Sant Just Desvern (Barcelona)","Cantidad Neta: 125 g"],"ingredients":[" Azúcar, grasas vegetales (palma, karité, ilipé), harina de trigo (12,3 %), leche desnatada en polvo* (11,5 %), avellanas (9,1 %), harina integral de trigo (6,1 %), cacao, mantequilla concentrada* (2,6 %), suero lácteo en polvo, cacao desgrasado en polvo, almidón de trigo, emulgente: lecitina (soja), leche en polvo rica en materia grasa* (0,2 %), sal, aromas naturales, gasificante: bicarbonato sódico. *equivale a un 10 % de leche en polvo. Puede contener también trazas de almendras, cacahuetes, otros frutos de cáscara y huevo."],"conservation":" ¡Proteger del calor y de la humedad!","ean":"4014400918427"},{"full_name":"EL CORTE INGLES surtido de galletas estuche 400 g","name":"surtido de galletas estuche 400 g","brand":"EL CORTE INGLES ","img":"https://sgfm.elcorteingles.es/SGFM/dctm/MEDIA03/201609/22/00120609600778____1__600x600.jpg","price":"5,05 €            ","price_unit":"(12,38 € / Kilo)","categories":["Supermercado","Desayunos Dulces y pan","Desayunos, dulces y pan","Galletas","Galletas surtidas","EL CORTE INGLES surtido de galletas estuche 400 g"],"general_information":["Denominación del alimento: Surtido de galletas","Nombre del operador: Elaborado para \nEl Corte Inglés \npor Galetes Camprodon, S.A \nC-38 pk 8,3 Colònia Estabanell 17867 Camprodon (GIRONA) \nEspaña","Cantidad Neta: 400 g","Número de raciones por envase: ~ 13"],"ingredients":[" Ingredientes: Harina de trigo (41,4%), azúcar, chocolate (12,3%) (pasta de cacao, azúcar, manteca de cacao, emulgente: lecitina de soja), mantequilla, huevos frescos (3,6%), almendras, coco, chocolate blanco (azúcar, leche, manteca de cacao, mantequilla deshidratada, emulgente: lecitina de soja, almidón modificado, aroma), dextrosa, leche en polvo, gasificantes (bicarbonato sódico y amónico), avellanas, jarabe de glucosa, sal, aroma de vainillina y aceite esencial de limón."],"conservation":" Mantener en lugar fresco y seco protegido de la luz solar","ean":"8433329055468"},{"full_name":"CUETARA surtido de galletas estuche 420 g","name":"surtido de galletas estuche 420 g","brand":"CUETARA ","img":"https://sgfm.elcorteingles.es/SGFM/dctm/MEDIA03/201707/12/00120609600703____11__600x600.jpg","price":"3,50 €","price_unit":"(8,33 € / Kilo)","categories":["Supermercado","Desayunos Dulces y pan","Desayunos, dulces y pan","Galletas","Galletas surtidas","CUETARA surtido de galletas estuche 420 g"],"general_information":["Denominación del alimento: Surtido de galletas\tSortido de bolachas Assorted BiscuitsBiscuits assortis","País de origen: España","Nombre del operador: Cuétara S.L.U.","Dirección del operador: Avda. Hermanos Gómez Cuétara núm. 1","Cantidad Neta: 420 g"],"ingredients":[" Harina de trigo, azúcar, aceites vegetales (palma, girasol alto oleico), grasas vegetales hidrogenadas (palma), jarabe de glucosa y fructosa, cacao desgrasado 3,4%, suero lácteo en polvo, huevos, chocolate 1,0% (azúcar, pasta de cacao, manteca de cacao, emulgente: lecitina de soja), coco 1,0% (contiene sulfitos), gasificantes (carbonatos de amonio y de sodio, fosfato de calcio), dextrosa, extracto de malta de cebada, sal, maltodextrina, salvado de trigo, almidón modificado, emulgentes (lecitinas de girasoly soja), mantequilla, levadura, aromas (contiene leche, trigo y sulfitos), agente de tratamiento de la harina (metabisulfito sódico), vitaminas: A, Tiamina (B1), Riboflavina (B2), Niacina (B3), B6, D, sales minerales (hierro elemental y carbonato de calcio). Puede contener frutos de cáscara."],"conservation":" Almacenar en lugar fresco y seco. Preservar de los rayos solares Armazenar em lugar fresco e seco. Preservar dos raios solaresA conserver dans un lieu frais et sec. Protéger du soleil.Keep in a cool and dry place. Protect from direct sunlight.PRODUCED BY:","ean":"8434165488656"},{"full_name":"GULLON surtido de galletas estuche 565 g","name":"surtido de galletas estuche 565 g","brand":"GULLON ","img":"https://sgfm.elcorteingles.es/SGFM/dctm/MEDIA03/201702/01/00120609601099____4__600x600.jpg","price":"3,35 €            ","price_unit":"(5,75 € / Kilo)","categories":["Supermercado","Desayunos Dulces y pan","Desayunos, dulces y pan","Galletas","Galletas surtidas","GULLON surtido de galletas estuche 565 g"],"general_information":["Denominación del alimento: Surtido de galletas","Nombre del operador: GALLETAS GULLON, S.A","Dirección del operador: Ctra, Burgos km 1,5- 34800 Aguilar de Campoo (Palencia)","Cantidad Neta: 564 g"],"ingredients":[" Harina de trigo, azúcar, grasa vegetal (palma y palmiste), chocolate con leche (azúcar, manteca de cacao, pasta de cacao, leche en polvo, suero de leche en polvo, emulgente: lecitina de soja y aromas), chocolate blanco (azúcar, manteca de cacao, leche en polvo, emulgente: lecitina de soja y aromas), chocolate negro (azúcar, pasta de cacao, manteca de cacao, emulgente: lecitina de soja, aromas), gotas de chocolate negro (azúcar, pasta de cacao, dextrosa, manteca de cacao, emulgente: lecitina de soja, aromas), gotas de chocolate blanco (azúcar, lactosa, manteca de cacao, mantequilla, emulgente: lecitina de soja, almidón de maíz, aromas), cacao en polvo, crema (azúcar, aceite vegetal (girasol), leche entera en polvo, manteca de cacao, grasa vegetal (palma), mantequilla, emulgente: lecitina de soja, aromas),  jarabe de glucosa y fructosa, almidón de trigo, lactosa, derivado lácteo en polvo (proteínas de la leche y leche desnatada en polvo),  gasificantes (bicarbonato sódico, amónico  y carbonato cálcico), granillo almendra,  colorante: caramelo de sulfito amonico, sal, dextrosa, pasta de avellana, leche desnatada en polvo, emulgentes (lecitinas de soja y de girasol), aromas (vainilla, naranja y avellana), nata en polvo, colorante beta-caroteno."],"conservation":" Almacenar en lugar fresco y seco. Proteger de los rayos solares. Una vez abierto, mantener en las mismas condiciones y cerrar después de cada uso.","ean":"8410376015881"},{"full_name":"ARTIACH Selección galletas surtidas caja 500 g","name":"Selección galletas surtidas caja 500 g","brand":"ARTIACH ","img":"https://sgfm.elcorteingles.es/SGFM/dctm/MEDIA03/201609/22/00120609600331____1__600x600.jpg","price":"4,45 €","price_unit":"(8,90 € / Kilo)","categories":["Supermercado","Desayunos Dulces y pan","Desayunos, dulces y pan","Galletas","Galletas surtidas","ARTIACH Selección galletas surtidas caja 500 g"],"general_information":[],"ingredients":[],"ean":"8436048960808"},{"full_name":"ARTIACH Tentaciones galletas surtidas caja 500 g","name":"Tentaciones galletas surtidas caja 500 g","brand":"ARTIACH ","img":"https://sgfm.elcorteingles.es/SGFM/dctm/MEDIA03/201707/04/00120609600323____1__600x600.jpg","price":"5,00 €            ","price_unit":"(17,32 € / Kilo)","categories":["Supermercado","Desayunos Dulces y pan","Desayunos, dulces y pan","Galletas","Galletas surtidas","ARTIACH Tentaciones galletas surtidas caja 500 g"],"general_information":[],"ingredients":[],"ean":"8436048961386"},{"full_name":"LAMBERTZ Best Selection galletas surtidas lata 1 kg","name":"Best Selection galletas surtidas lata 1 kg","brand":"LAMBERTZ ","img":"https://sgfm.elcorteingles.es/SGFM/dctm/MEDIA03/201712/18/00120614302204____1__600x600.jpg","price":"13,75 €","price_unit":"(13,75 € / Kilo)","categories":["Supermercado","Desayunos Dulces y pan","Desayunos, dulces y pan","Galletas","Galletas surtidas","LAMBERTZ Best Selection galletas surtidas lata 1 kg"],"general_information":[],"ingredients":[],"ean":"4006894560404"},{"full_name":"LAMBERTZ Modern Art galletas surtidas estuche 500 g","name":"Modern Art galletas surtidas estuche 500 g","brand":"LAMBERTZ ","img":"https://sgfm.elcorteingles.es/SGFM/dctm/MEDIA02/CONTENIDOS/201510/05/00120609601362____1__600x600.jpg","price":"6,10 €            ","price_unit":"(11,98 € / Kilo)","categories":["Supermercado","Desayunos Dulces y pan","Desayunos, dulces y pan","Galletas","Galletas surtidas","LAMBERTZ Modern Art galletas surtidas estuche 500 g"],"general_information":[],"ingredients":[],"ean":"4006894559804"},{"full_name":"LAMBERTZ Cookies galletas surtidas con chocolate estuche 500 g","name":"Cookies galletas surtidas con chocolate estuche 500 g","brand":"LAMBERTZ ","img":"https://sgfm.elcorteingles.es/SGFM/dctm/MEDIA03/201704/20/00120609601610____1__600x600.jpg","price":"4,39 €","price_unit":"(8,78 € / Kilo)","categories":["Supermercado","Desayunos Dulces y pan","Desayunos, dulces y pan","Galletas","Galletas surtidas","LAMBERTZ Cookies galletas surtidas con chocolate estuche 500 g"],"general_information":[],"ingredients":[],"ean":"4006894563207"},{"full_name":"TRIAS Gaudí caja 500 g","name":"Gaudí caja 500 g","brand":"TRIAS ","img":"https://sgfm.elcorteingles.es/SGFM/dctm/MEDIA02/CONTENIDOS/201410/16/00120609600638____1__600x600.jpg","price":"11,99 €","price_unit":"(23,98 € / Kilo)","categories":["Supermercado","Desayunos Dulces y pan","Desayunos, dulces y pan","Galletas","Galletas surtidas","TRIAS Gaudí caja 500 g"],"general_information":["Denominación del alimento: Galletas","País de origen: España","Nombre del operador: Trias Galetes Biscuits S.A.","Dirección del operador: Crta de Sils, 36 - 17430 Sta. Coloma de Farners","Cantidad Neta: 500 g"],"ingredients":[" Azúcar blanco, harina de trigo, almendra (21%), coco rallado, huevo fresco, clara de huevo fresca, nata UHT, chocolate (70% cacao, 30% azúcar), chocolate (59% cacao, 41% azúcar), piel de naranja confitada, café y sal.\"Neulet de café\":Barquillo corto relleno de praliné de almendra y café.\"Neulet de almendra\": Barquillo corto relleno de praliné de almendra.\"Neulet de naranja\": Barquillo corto relleno de praliné de almendra y naranja.\"Neulet de coco\": Barquillo corto relleno de praliné de almendra y coco.\"Crocant\": Barrita de almendra y azúcar a punto de caramelo.\"Pralinet\": Barrita de almendra y azúcar recubierta de pasta de barquillo.\"Neulet de chocolate\": Barquillo corto relleno de praliné de almendra con chocolate.Teula: Galleta hecha a base de almendra, el clásico de Trias.Coco Choc: Teules de almendra y coco con gotas de chocolate.\"Almendrado\": Receta tradicional de almendra, azúcar y clara de huevo."],"conservation":" Conservar en lugar fresco y seco.","ean":"8411724100129"},{"full_name":"TRIAS surtido de galletas especial nº 8 teulas y barquillos caja 300 g","name":"surtido de galletas especial nº 8 teulas y barquillos caja 300 g","brand":"TRIAS ","img":"https://sgfm.elcorteingles.es/SGFM/dctm/MEDIA02/CONTENIDOS/201410/16/00120609600190____1__600x600.jpg","price":"6,85 €","price_unit":"(22,83 € / Kilo)","categories":["Supermercado","Desayunos Dulces y pan","Desayunos, dulces y pan","Galletas","Galletas surtidas","TRIAS surtido de galletas especial nº 8 teulas y barquillos caja 300 g"],"general_information":["Denominación del alimento: Galletas","País de origen: España","Nombre del operador: Trias Galetes Biscuits S.A.","Dirección del operador: Crta de Sils, 36 - 17430 Sta. Coloma de Farners","Cantidad Neta: 300 g"],"ingredients":[" Azúcar blanco, almendra,harina de trigo, chocolate (70% cacao, 30% azúcar), coco rallado, clara de huevo fresca, huevo fresco, nata UHT y sal.Teula: Galleta hecha a base de almendra, el clásico de Trias.\"Almendrado\": Receta tradicional de almendra, azúcar y clara de huevo.Teula de coco: Teules con almendra y coco.Coco Choc: Teules de almendra y coco con gotas de chocolate.\"Crocant\": Barrita de almendra y azúcar a punto de caramelo.\"Pralinet\": Barrita de almendra y azúcar recubierta de pasta de barquillo.\"Neulet de almendra\": Barquillo corto relleno de praliné de almendra.\"Neulet de chocolate\": Barquillo corto relleno de praliné de almendra con chocolate."],"conservation":" Conservar en lugar fresco y seco.","ean":"8411724040302"},{"full_name":"BIRBA galletas surtidas estuche 500 g","name":"galletas surtidas estuche 500 g","brand":"BIRBA ","img":"https://sgfm.elcorteingles.es/SGFM/dctm/MEDIA03/201607/15/00120609600620____1__600x600.jpg","price":"6,89 €            ","price_unit":"(13,20 € / Kilo)","categories":["Supermercado","Desayunos Dulces y pan","Desayunos, dulces y pan","Galletas","Galletas surtidas","BIRBA galletas surtidas estuche 500 g"],"general_information":["Denominación del alimento: Surtido de Galletas","País de origen: España","Nombre del operador: Galetes Camprodon S.A","Dirección del operador: C38 pk 8,3 sn 17867 Camprodon (Girona) España","Cantidad Neta: 500 g"],"ingredients":[" Harina de trigo, azúcar, mantequilla, chocolate (pasta de cacao, azúcar, manteca de cacao, emulgente: lecitina de soja), aceite de coco, huevos frescos, mantequilla fresca, almendras, dextrosa, coco, leche, avellanas, aceite de oliva, gasificantes (bicarbonato sódico y amónico),  jarabe de glucosa, sal y aroma vainillina, aceite esencial de limón."],"conservation":" Conservar en lugar fresco y seco protegido de la luz solar","ean":"8412522000031"},{"full_name":"BIRBA galletas surtidas en lata del F.C.B. lata 200 g","name":"galletas surtidas en lata del F.C.B. lata 200 g","brand":"BIRBA ","img":"https://sgfm.elcorteingles.es/SGFM/dctm/MEDIA03/201705/09/00120609601628____1__600x600.jpg","price":"11,75 €","price_unit":"(58,75 € / Kilo)","categories":["Supermercado","Desayunos Dulces y pan","Desayunos, dulces y pan","Galletas","Galletas surtidas","BIRBA galletas surtidas en lata del F.C.B. lata 200 g"],"general_information":[],"ingredients":[],"ean":"8412522010337"},{"full_name":"BIRBA galletas selectas surtidas de chocolate estuche 190 g","name":"galletas selectas surtidas de chocolate estuche 190 g","brand":"BIRBA ","img":"https://sgfm.elcorteingles.es/SGFM/dctm/MEDIA03/201611/14/00120609601545____10__600x600.jpg","price":"4,79 €            ","price_unit":"(22,37 € / Kilo)","categories":["Supermercado","Desayunos Dulces y pan","Desayunos, dulces y pan","Galletas","Galletas surtidas","BIRBA galletas selectas surtidas de chocolate estuche 190 g"],"general_information":[],"ingredients":[],"ean":"8412522010078"},{"full_name":"BIRBA galletas surtidas estuche 150 g","name":"galletas surtidas estuche 150 g","brand":"BIRBA ","img":"https://sgfm.elcorteingles.es/SGFM/dctm/MEDIA03/201609/22/00120609600208____1__600x600.jpg","price":"2,71 €","price_unit":"(18,07 € / Kilo)","categories":["Supermercado","Desayunos Dulces y pan","Desayunos, dulces y pan","Galletas","Galletas surtidas","BIRBA galletas surtidas estuche 150 g"],"general_information":["Denominación del alimento: Surtido de Galletas","País de origen: España","Nombre del operador: Galetes Camprodon S.A","Dirección del operador: C38 pk 8,3 sn 17867 Camprodon (Girona) España","Cantidad Neta: 150 g"],"ingredients":[" Harina de trigo, azúcar,mantequilla, chocolate (pasta de cacao, azúcar, manteca de cacao, emulgente:lecitina de soja), huevos frescos, almendras, avellanas, aceite de coco,coco rallado, leche en polvo, gasificantes (bicarbonato sódico y amónico), dextrosa, jarabe de  glucosa, sal y aroma vainillina"],"conservation":" Conservar en lugar fresco y seco protegido de la luz solar","ean":"8412522000239"},{"full_name":"DESOBRY galletas belgas surtidas estuche 500 g","name":"galletas belgas surtidas estuche 500 g","brand":"DESOBRY ","img":"https://sgfm.elcorteingles.es/SGFM/dctm/MEDIA03/201709/04/00120609601651____1__600x600.jpg","price":"8,99 €","price_unit":"(17,98 € / Kilo)","categories":["Supermercado","Desayunos Dulces y pan","Desayunos, dulces y pan","Galletas","Galletas surtidas","DESOBRY galletas belgas surtidas estuche 500 g"],"general_information":["Denominación del alimento: Surtido de galletas","Nombre del operador: Desobry, S.A.","Dirección del operador: Rue du Vieux Colombier, I, 7500 Toumai, Bélgica.","Cantidad Neta: 500 g"],"ingredients":[" Harina de trigo, chocolate con leche 16.6% (azúcar, manteca de cacao, leche entera en polvo, pasta de cacao, lactosa (leche), emulgente: lecitina de soja), chocolate negro 16% (azúcar, pasta de cacao, manteca de cacao, grasa de leche deshidratada, emulgente: lectina de soja, aroma natural de vainilla), azúcar, grasas vegetales (palma, coco, palmiste), chocolate blanco 8.4% (azúcar, manteca de cacao, leche entera en polvo, emulgente: lecitina de soja, aroma natural de vainilla), relleno blanco (grasas vegetales (palma, girasol, colza), azúcar, leche desnatada en polvo, lactosa (leche), emulgente: lecitina de soja), sirope de azúcar invertido, huevos de gallina camperas, relleno de leche (grasas vegetales (palma, girasol, colza), azúcar, leche desnatada en polvo, lactosa (leche), cacao en polvo bajo en grasa, emulgente: lecitina de soja) aceite de colza, mantequilla (leche), caramelo con sal de Guérande (jarabe de glucosa, azúcar, grasas vegetales (palma, palmiste), mantequilla (leche), agua, nata líquida (grasa: 31%) (leche), sal de Guérande (1.25%), emulgente: lecitina de soja), harina de soja, coco, cacao magro en polvo (emulgente: lecitina de soja), dextrosa, suero de leche, granos de tostados de cacao, chocolate negro Ghana (pasta de cacao de Ghana, azúcar, manteca de cacao, emulgente: lecitina de soja, aroma natural de vainilla), clara de huevo de gallinas camperas, chocolate en copos (azúcar, pasta de cacao, manteca de cacao, leche entera en polvo, grasa de leche deshidratada, aroma natural de vainilla), sal, leche entera en polvo, gasificantes (carbonatos de sodio, carbonatos de amonio, difosfatos), aromas naturales de café (emulgente: lecitina de soja), leche desnatada en polvo, almidón de trigo, aromas naturales, canela, extracto natural de vainilla. Chocolate negro: cacao 46% mínimo. Chocolate con leche: cacao 31% mínimo. Chocolate negro de Ghana: cacao 70% mínimo. Chocolate en copos: cacao 40.9% mínimo. Cacao magro en polvo: manteca de cacao 10%. Contiene gluten, huevos, soja y leche. Puede contener frutos de cáscara."],"conservation":" Conservar apartado del calor y la humedad","ean":"5410413500397"},{"full_name":"DESOBRY Perlas Colection galletas belgas surtidas 3 variedades estuche 170 g","name":"Perlas Colection galletas belgas surtidas 3 variedades estuche 170 g","brand":"DESOBRY ","img":"https://sgfm.elcorteingles.es/SGFM/dctm/MEDIA02/CONTENIDOS/201509/26/00120609601438____1__600x600.jpg","price":"5,45 €","price_unit":"(32,06 € / Kilo)","categories":["Supermercado","Desayunos Dulces y pan","Desayunos, dulces y pan","Galletas","Galletas surtidas","DESOBRY Perlas Colection galletas belgas surtidas 3 variedades estuche 170 g"],"general_information":["Denominación del alimento: Surtido de galletas","Nombre del operador: Desobry, S.A.","Dirección del operador: Rue du Vieux Colombier, I, 7500 Toumai, Bélgica.","Cantidad Neta: 170 g"],"ingredients":[" Azúcar, chocolate negro 18.8% (azúcar, pasta de cacao, manteca de cacao, grasa de leche deshidratada, emulgente: lecitina de soja, aroma natural de vainilla), grasas vegetales (palma, coco, palmiste), chocolate blanco 10.5% (azúcar, manteca de cacao, leche entera en polvo, emulgente: lecitina de soja, aroma natural de vainilla) chocolate con leche 10.4% (azúcar, manteca de cacao, leche entera en polvo, pasta de cacao, lactosa (leche), emulgente, lecitina de soja), harina de trigo, relleno de avellanas 2.5% (azúcar, pasta de avellnas, grasas vegetales (palmiste, palma), leche desnatada en polvo, cacao en polvo bajo en grasa, emulgente: lectina de soja, aroma natural de vainilla), suero de leche, cacao magro en polvo (emulgente: lecitina de soja), leche entera en polvo, granos tostados de cacao, coco, chocolate negro de Ghana 1.1% (pasta de cacao de Ghana, azúcar, manteca de cacao, emulgente: lecitina de soja, aroma natural de vainilla), avellanas, avellanas caramelizadas, aceite de colza, harina de arroz, huevos de gallinas camperas, chocolate en polvo (azúcar, pasta de cacao, cacao magro en polvo, aroma natural de vainilla), sirope de azúcar invertido, extracto natural de vainilla de Bourbon de Madagascar 0.1%, sal, gasificantes (carbonatos de sodio, difosfatos), semilla de vainilla agotada, aromas naturales. Chocolate negro: cacao 46% mínimo. Chocolate con leche: cacao 31% mínimo. Chocolate negro de Ghana: cacao 70%. Cacao magro en polvo: manteca de cacao 10%. Contiene gluten, huevos, soja, leche y frutos de cáscara (avellanas). Puede contener otros frutos de cáscara (almendras)"],"conservation":" Conservar apartado del calor y la humedad","ean":"5410413170019"},{"full_name":"DESOBRY Perlas Colection galletas belgas surtidas 3 variedades estuche 400 g","name":"Perlas Colection galletas belgas surtidas 3 variedades estuche 400 g","brand":"DESOBRY ","img":"https://sgfm.elcorteingles.es/SGFM/dctm/MEDIA02/CONTENIDOS/201509/26/00120609601446____1__600x600.jpg","price":"8,99 €","price_unit":"(22,48 € / Kilo)","categories":["Supermercado","Desayunos Dulces y pan","Desayunos, dulces y pan","Galletas","Galletas surtidas","DESOBRY Perlas Colection galletas belgas surtidas 3 variedades estuche 400 g"],"general_information":["Denominación del alimento: Surtido de galletas","Nombre del operador: Desobry, S.A.","Dirección del operador: Rue du Vieux Colombier, I, 7500 Toumai, Bélgica.","Cantidad Neta: 400 g"],"ingredients":[" Azúcar, grasas vegetales (palma,coco, palmiste), chocolate negro 14.2% (azúcar, pasta de cacao, manteca de cacao, grasa de leche deshidratada, emulgente: lecitina de soja, aroma natural de vainilla), chocolate blanco 12.7% (azúcar, manteca de cacao, leche entera en polvo, emulgente: lecitina de soja, aroma natural de vainilla), chocolate con leche 12.5%, (azúcar, manteca de cacao, leche entera en polvo, pasta de cacao, lactosa (leche), emulgente: lecitina de soja), harina de trigo, relleno avellanas 3% (azúcar, pasta de avellanas, grasas vegetales (palmiste, palma) leche desnatada en polvo, cacao en polvo bajo en grasa, emulgente: lecitina de soja, aroma natural de vainilla), suero de leche, cacao magro en polvo (emulgente: lecitina de soja), leche entera en polvo, coco, granos tostados de cacao 0.9%, chocolate negro de Ghana 0.8% (pasta de cacao de Ghana, azúcar, manteca de cacao, emulgente: lecitina de soja, aroma natural de vainilla), avellanas, avellanas caramelizadas, harina de arroz, aceite de colza, chocolate en polvo (azúcar, pasta de cacao, cacao magro en polvo, aroma natural de vainilla), huevos de gallinas camperas, extracto natural de vainilla Bourbon de Madagascar 0.1%, sal, sirope de azúcar invertido, gasificantes (carbonatos de soido, difosfatos), semilla de vainilla agotada, aromas naturales. Chocolate negro: cacao 46% mínimo. Chocolate con leche: cacao 31% mínimo. Chocolate negro de Ghana: cacao 70% mínimo. Cacao magro en polvo: manteca de cacao 10%. Contiene gluten, huevos, leche, soja, frutos de cáscara (avellanas). Puede contener otros frutos de cáscara (almendras)."],"conservation":" Conservar apartado del calor y la humedad","ean":"5410413400871"},{"full_name":"JULES DESTROOPER Winter Colection galletas surtidas estuche 150 g","name":"Winter Colection galletas surtidas estuche 150 g","brand":"JULES DESTROOPER ","img":"https://sgfm.elcorteingles.es/SGFM/dctm/MEDIA03/201709/21/00120609601677____1__600x600.jpg","price":"3,99 €","price_unit":"(26,60 € / Kilo)","categories":["Supermercado","Desayunos Dulces y pan","Desayunos, dulces y pan","Galletas","Galletas surtidas","JULES DESTROOPER Winter Colection galletas surtidas estuche 150 g"],"general_information":[],"ingredients":[],"ean":"5410471912101"},{"full_name":"BAHLSEN Selection galletas surtidas estuche 500 g","name":"Selection galletas surtidas estuche 500 g","brand":"BAHLSEN ","img":"https://sgfm.elcorteingles.es/SGFM/dctm/MEDIA03/201605/20/00120609601388____3__600x600.jpg","price":"8,95 €","price_unit":"(17,90 € / Kilo)","categories":["Supermercado","Desayunos Dulces y pan","Desayunos, dulces y pan","Galletas","Galletas surtidas","BAHLSEN Selection galletas surtidas estuche 500 g"],"general_information":["Denominación del alimento: Surtido de galletas y barquillos","País de origen: Alemania","Nombre del operador: BAHLSEN ESPAÑA, S.A.U.","Dirección del operador: Avda.Somosierra, 24 - 1ºB. 28703 San Sebastián de los Reyes, ESPAÑA","Cantidad Neta: 500 g"],"ingredients":[" Harina de trigo, azúcar, grasa vegetal (palma, coco), pasta de cacao, manteca de cacaco, avellanas 3,2%, leche desnatada en polvo, mantequilla, suéro lácteo elaborado, almendras trituradas, cacao en polvo semidesgrasado, grasa de mantequilla deshidratada, leche entera en polvo, jarabe de glucosa y fructosa, huevos de gallina, almidón (trigo), gasificantes: bicarbonato sódico, difosfato; emulsionante: lecitina; lactosa, yema de huevo de gallina en polvo, sal, jarabe de glucosa, aroma, extracto de manzana,  harina integral de cebada tostada, piel de naranja, jarabe de azúcar invertido, dextrosa, acidulante: ácido cítrico, extracto vegetal colorante (cúrcuma), especias, disgregante: sales magnésicas de ácidos grasos y alimenticios; huevos de gallina en polvo. En esta fábrica también se procesan soja y nueces."],"conservation":" Almacenar en lugar fresco y seco","ean":"4017100255908"},{"full_name":"CASA ECEIZA surtido de galletas de chocolate estuche 100 g","name":"surtido de galletas de chocolate estuche 100 g","brand":"CASA ECEIZA ","img":"https://sgfm.elcorteingles.es/SGFM/dctm/MEDIA03/201706/29/00120627504515____1__600x600.jpg","price":"2,95 €","price_unit":"(29,50 € / Kilo)","categories":["Supermercado","Desayunos Dulces y pan","Desayunos, dulces y pan","Galletas","Galletas surtidas","CASA ECEIZA surtido de galletas de chocolate estuche 100 g"],"general_information":[],"ingredients":[],"ean":"8429360003711"},{"full_name":"CASA ECEIZA Selección surtido de galletas artesanas estuche 200 g","name":"Selección surtido de galletas artesanas estuche 200 g","brand":"CASA ECEIZA ","img":"https://sgfm.elcorteingles.es/SGFM/01/07/3/0120609601073/0120609601073000g01011.jpg","price":"5,72 €","price_unit":"(28,60 € / Kilo)","categories":["Supermercado","Desayunos Dulces y pan","Desayunos, dulces y pan","Galletas","Galletas surtidas","CASA ECEIZA Selección surtido de galletas artesanas estuche 200 g"],"general_information":["Denominación del alimento: Surtido galletas artesanas","Nombre del operador: Casa Eceiza S.L.","Dirección del operador: Polig. Irunzubi 2, N-130 Km. 58 - 20490 Lizartza (Guipúzcoa)","Cantidad Neta: 200 g"],"ingredients":[" Azúcar, cobertura de chocolate negro (pasta de cacao, manteca de cacao, emulgente: lecitina de soja, aroma natural de vainilla),  harina de trigo, almendras, mantequilla (leche), clara de huevo pasteurizada, huevo pasteurizado, azúcar invertido, praliné de macadamia (nueces de macadamia), harina de almendra, cobertura chocolate blanca (leche entera en polvo), pasta naranja(piel de naranja, sacarosa, jarabe de glucosa, conservante:E202, E211, E223), crispy frambuesa ( maltodextrina de trigo, frambuesa, almidón modificado E1412, sodio alginato),  impulsor (bicarbonato de amonio, carbonato de amonio hidrógeno, recubrimiento de antiaglutinantes), aroma de frambuesa, aceite esencial de naranja, esencia de limón."],"conservation":" Mantener en lugar fresco y seco","ean":"8429360003650"},{"full_name":"CASA ECEIZA surtido de galletas artesanas estuche 100 g","name":"surtido de galletas artesanas estuche 100 g","brand":"CASA ECEIZA ","img":"https://sgfm.elcorteingles.es/SGFM/dctm/MEDIA03/201706/29/00120614302717____1__600x600.jpg","price":"2,95 €","price_unit":"(29,50 € / Kilo)","categories":["Supermercado","Desayunos Dulces y pan","Desayunos, dulces y pan","Galletas","Galletas surtidas","CASA ECEIZA surtido de galletas artesanas estuche 100 g"],"general_information":[],"ingredients":[],"ean":"8429360003728"},{"full_name":"MATILDE VICENZI Merry Christmas galletas surtidas lata 330 g","name":"Merry Christmas galletas surtidas lata 330 g","brand":"MATILDE VICENZI ","img":"https://sgfm.elcorteingles.es/SGFM/dctm/MEDIA03/201709/28/00120609601685____1__600x600.jpg","price":"13,99 €","price_unit":"(42,39 € / Kilo)","categories":["Supermercado","Desayunos Dulces y pan","Desayunos, dulces y pan","Galletas","Galletas surtidas","MATILDE VICENZI Merry Christmas galletas surtidas lata 330 g"],"general_information":[],"ingredients":[],"ean":"8000350005030"},{"full_name":"VIRGINIAS galletas surtidas Momentisimo Jubilée lata 400 g","name":"galletas surtidas Momentisimo Jubilée lata 400 g","brand":"VIRGINIAS ","img":"https://sgfm.elcorteingles.es/SGFM/dctm/MEDIA02/CONTENIDOS/201510/26/00200209601350____1__600x600.jpg","price":"9,95 €","price_unit":"(24,88 € / Kilo)","categories":["Supermercado","Desayunos Dulces y pan","Desayunos, dulces y pan","Galletas","Galletas surtidas","VIRGINIAS galletas surtidas Momentisimo Jubilée lata 400 g"],"general_information":["Denominación del alimento: Galletas surtidas","Nombre del operador: Industrias Rodríguez, S.A.","Dirección del operador: Paseo Sunyer, nº 8, 43202 Reus (Tarragona)","Cantidad Neta: 400 g"],"ingredients":[" Harina de trigo, chocolate con leche 17,9 % (azúcar, manteca de cacao, leche entera en polvo, pasta de cacao, lactosa, emulgente: lecitina de soja), chocolate negro 15,8 % (azúcar, pasta de cacao, manteca de cacao, grasa láctea deshidratada, emulgente: lecitina de soja, aroma natural de vainilla), azúcar, aceites y grasas vegetales (palma, nabina, coco), chocolate blanco 8,2 % (azúcar, manteca de cacao, leche entera en polvo, emulgente: lecitina de soja, aroma natural de vainilla), jarabe de azúcar invertido, huevos, harina de soja, mantequilla de leche, cacao magro en polvo, pepitas de chocolate (azúcar, pasta de cacao, manteca de cacao, leche entera en polvo, grasa láctea deshidratada, aroma natural de vainilla), dextrosa, sal, clara de huevo, gasificantes (carbonato ácido de sodio, carbonato ácido de amonio, difosfato disódico), coco, almidón de trigo, leche entera en polvo, aromas, aceite de cacahuete, harina de arroz, emulgente (lecitina de soja), canela, extracto natural de vainilla. Puede contener trazas de otros frutos de cáscara"],"conservation":" Mantener en lugar fresco y seco.","ean":"5410413400406"},{"full_name":"CALIDAD ARTESANA pastas de té surtidas bandeja 250 g","name":"pastas de té surtidas bandeja 250 g","brand":"CALIDAD ARTESANA ","img":"https://sgfm.elcorteingles.es/SGFM/dctm/MEDIA02/CONTENIDOS/201601/12/00202853700017____1__600x600.jpg","price":"6,25 €","price_unit":"(25 € / Kilo)","categories":["Supermercado","Desayunos Dulces y pan","Desayunos, dulces y pan","Galletas","Pastas","CALIDAD ARTESANA pastas de té surtidas bandeja 250 g"],"general_information":["Denominación del alimento: Producto de pastelería y repostería","País de origen: España","Nombre del operador: Grupo El Corte Inglés","Dirección del operador: Calle Hermosilla 112 - 28009 Madrid - España"],"ingredients":[" Espejos fresa: Azúcar, MANTEQUILLA, harina de TRIGO, HUEVO, relleno de fresa [jarabe de glucosa y de fructosa, azúcar, agua, pulpa de fresa, gelificante E-440, correctores de acidez (E-330, E-331, E-333), colorantes (E-160c, E-120), conservador E-202, aroma], yema de HUEVO, almidón, vainillina.\nEspejos choco: Azúcar, MANTEQUILLA, mazapán (ALMENDRA, azúcar, conservador E-200), harina de TRIGO, HUEVO, pastas de cacao [azúcar, grasa vegetal hidrogenada (palmiste, palma), cacao en polvo, aceite vegetal (girasol, palma), pasta de AVELLANAS, LECHE desnatada en polvo, emulgentes (lecitina de SOJA, E-476, E-492), aroma], NUECES, yema de HUEVO, almidón, vainillina.\nPasta duquesita: Azúcar, MANTEQUILLA, harina de TRIGO, pasta de cacao [azúcar, grasa vegetal hidrogenada (palmiste), cacao en polvo, suero de LECHE en polvo, emulgentes (E-322, E-476, E-492), aroma], clara de HUEVO, pulpa de albaricoque, almidón, vainillina.\nPasta exquisit cacao: MANTEQUILLA, harina de TRIGO, mazapán (ALMENDRA, azúcar, conservador E-200), pastas de cacao [azúcar, grasa vegetal hidrogenada (palmiste, palma), cacao en polvo, aceite vegetal (girasol, palma), pasta de AVELLANAS, LECHE desnatada en polvo, emulgentes (lecitina de SOJA, E-476, E-492), aroma], clara de HUEVO, cacao en polvo, vainillina."],"conservation":" CONSERVAR EN LUGAR FRESCO Y SECO","ean":"0000024124003"},{"full_name":"ALONSO pastas surtidas estuche 575 g","name":"pastas surtidas estuche 575 g","brand":"ALONSO ","img":"https://sgfm.elcorteingles.es/SGFM/dctm/MEDIA02/CONTENIDOS/201505/05/00120659100018____1__600x600.jpg","price":"2,99 €","price_unit":"(5,20 € / Kilo)","categories":["Supermercado","Desayunos Dulces y pan","Desayunos, dulces y pan","Galletas","Pastas","ALONSO pastas surtidas estuche 575 g"],"general_information":["Denominación del alimento: Pastas surtidas.","Nombre del operador: Hojaldres Alonso, S.L.","Dirección del operador: Ctra. Madrid - La Coruña, Km 331 Pradorrey (León) - España.","Cantidad Neta: 500,0 g"],"ingredients":[" Harina de trigo, grasas animales y vegetales, azúcares, huevos, cerezas confitadas, coco rallado, cobertura de chocolate, sal y gasificantes."],"conservation":" Conservar en sitio fresco, seco y alejado de olores.","ean":"8411977005028"},{"full_name":"REGLERO pastas artesanas lata 400 g con diseños surtidos","name":"pastas artesanas lata 400 g","brand":"REGLERO ","img":"https://sgfm.elcorteingles.es/SGFM/dctm/MEDIA03/201612/20/00120659100695____3__600x600.jpg","price":"5,99 €            ","price_unit":"(13,75 € / Kilo)","categories":["Supermercado","Desayunos Dulces y pan","Desayunos, dulces y pan","Galletas","Pastas","REGLERO pastas artesanas lata 400 g con diseños surtidos"],"general_information":[],"ingredients":[],"ean":"8412674104472"},{"full_name":"REGLERO pastas artesanas estuche 400 g","name":"pastas artesanas estuche 400 g","brand":"REGLERO ","img":"https://sgfm.elcorteingles.es/SGFM/00/47/1/0120659100471/0120659100471000g01011.jpg","price":"2,99 €","price_unit":"(7,48 € / Kilo)","categories":["Supermercado","Desayunos Dulces y pan","Desayunos, dulces y pan","Galletas","Pastas","REGLERO pastas artesanas estuche 400 g"],"general_information":[],"ingredients":[],"ean":"8410156072868"},{"full_name":"REGLERO nevaditos estuche 500 g","name":"nevaditos estuche 500 g","brand":"REGLERO ","img":"https://sgfm.elcorteingles.es/SGFM/00/09/1/0120659100091/0120659100091000g01011.jpg","price":"2,99 €","price_unit":"(5,98 € / Kilo)","categories":["Supermercado","Desayunos Dulces y pan","Desayunos, dulces y pan","Galletas","Pastas","REGLERO nevaditos estuche 500 g"],"general_information":[],"ingredients":[],"ean":"8421033000027"},{"full_name":"REGLERO nevaditos de chocolate estuche 220 g","name":"nevaditos de chocolate estuche 220 g","brand":"REGLERO ","img":"https://sgfm.elcorteingles.es/SGFM/dctm/MEDIA02/CONTENIDOS/201408/29/00120659100703____1__600x600.jpg","price":"2,33 €            ","price_unit":"(10,23 € / Kilo)","categories":["Supermercado","Desayunos Dulces y pan","Desayunos, dulces y pan","Galletas","Pastas","REGLERO nevaditos de chocolate estuche 220 g"],"general_information":[],"ingredients":[],"ean":"8412674103147"},{"full_name":"DULCIPAVA pastas de almendra estuche 225 g","name":"pastas de almendra estuche 225 g","brand":"DULCIPAVA ","img":"https://sgfm.elcorteingles.es/SGFM/00/50/5/0120659100505/0120659100505000g01011.jpg","price":"2,67 €","price_unit":"(11,87 € / Kilo)","categories":["Supermercado","Desayunos Dulces y pan","Desayunos, dulces y pan","Galletas","Pastas","DULCIPAVA pastas de almendra estuche 225 g"],"general_information":["Denominación del alimento: Pastas de almendras.","Nombre del operador: Dulcivapa S.L.","Dirección del operador: C/ De los Plateros, 8-B 34004 Palencia","Cantidad Neta: 225 g"],"ingredients":[" Harina de trigo, manteca de cerdo ibérico, azúcar, almendra (8%), aceite de girasol, huevo pasteurizado y aromas de canela y de almendra."],"conservation":" Conservar en lugar fresco y seco.","ean":"8413733000124"},{"full_name":"DULCIPAVA pastas surtidas estuche 450 g","name":"pastas surtidas estuche 450 g","brand":"DULCIPAVA ","img":"https://sgfm.elcorteingles.es/SGFM/00/52/1/0120659100521/0120659100521000g01011.jpg","price":"2,88 €","price_unit":"(6,40 € / Kilo)","categories":["Supermercado","Desayunos Dulces y pan","Desayunos, dulces y pan","Galletas","Pastas","DULCIPAVA pastas surtidas estuche 450 g"],"general_information":["Denominación del alimento: Surtido de pastas.","Nombre del operador: Dulcivapa S.L.","Dirección del operador: C/ De los Plateros, 8-B 34004 Palencia","Cantidad Neta: 450 g"],"ingredients":[" Harina de trigo, manteca de cerdo ibérico, azúcar en grano, aceite de girasol, huevo pasteurizado, chocolate negro sin hidrogenar (azúcar, grasa vegetal, cacao semidesgrasado en polvo, emulgente (E-322), y aromas (vainilla)), mermelada de fresa (fresa, azúcar, jarabe de glucosa y fructosa, espesante: pectina y alginato, acidulante: ácido cítrico, conservador: sorbato potásico, colorante (E-124)), vino blanco (sulfitos), baño, coco, azúcar invertido, aromas: canela y almendra, y sal. Puede contener leche y frutos de cáscara."],"conservation":" Conservar en lugar fresco y seco.","ean":"8413733000025"},{"full_name":"LO*A Constelación Café pastas de té caja 500 g","name":"Constelación Café pastas de té caja 500 g","brand":"LO*A ","img":"https://sgfm.elcorteingles.es/SGFM/dctm/MEDIA03/201612/02/00120659100745____1__600x600.jpg","price":"9,99 €","price_unit":"(19,98 € / Kilo)","categories":["Supermercado","Desayunos Dulces y pan","Desayunos, dulces y pan","Galletas","Pastas","LO*A Constelación Café pastas de té caja 500 g"],"general_information":[],"ingredients":[],"ean":"8437007588996"},{"full_name":"BENEDICTINAS pastas caseras estuche 350 g","name":"pastas caseras estuche 350 g","brand":"BENEDICTINAS ","img":"https://sgfm.elcorteingles.es/SGFM/00/16/6/0120659100166/0120659100166000g01011.jpg","price":"4,58 €","price_unit":"(13,09 € / Kilo)","categories":["Supermercado","Desayunos Dulces y pan","Desayunos, dulces y pan","Galletas","Pastas","BENEDICTINAS pastas caseras estuche 350 g"],"general_information":["Denominación del alimento: Pastas de Nata","Nombre del operador: Convento Transfiguracion Del Señor Benedictinas","Dirección del operador: Estrada San Vicente de Trasmañó, Nº 26","Lugar de procedencia del alimento: Pontevedra","Cantidad Neta: 350 g"],"ingredients":[" Harina de trigo, azúcar, nata (15%), margarina vegetal (grasas vegetales de palma, coco, palmiste y palma totalmente hidrogenada, agua, aceite de girasol, sal), gasificantes (E 450i y E 500ii), aroma de limón."],"conservation":" Consérvese en lugar fresco y seco.","ean":"8437004884008"},{"full_name":"JOSELIN pastas pasiegas estuche 250 g","name":"pastas pasiegas estuche 250 g","brand":"JOSELIN ","img":"https://sgfm.elcorteingles.es/SGFM/dctm/MEDIA03/201703/28/00120660906866____1__600x600.jpg","price":"3,85 €","price_unit":"(15,40 € / Kilo)","categories":["Supermercado","Desayunos Dulces y pan","Desayunos, dulces y pan","Galletas","Pastas","JOSELIN pastas pasiegas estuche 250 g"],"general_information":["Denominación del alimento: Pastas pasiegas","Nombre del operador: Joselín Sobaos y Quesadas, S.L.","Dirección del operador: C/ Llera nº2 - Selaya 39696 - Cantabria - España","Cantidad Neta: 250 g","Número de raciones por envase: 1","Otras menciones obligatorias en la etiqueta: Presentación: En caja de cartón. Empaquetado en film transparente."],"ingredients":[" Harina de trigo, mantequilla, azúcar, huevos, aguardiente y anís. Contiene gluten, huevos, leche (incluida la lactosa)."],"conservation":" Vida útil de 60 días desde su fabricación. No es necesario mantenerlo refrigerado. Manenerlo en sitio fresco y no exponerlo a altas temperaturas sol y luz. Una vez abierto, consumir preferentemente antes de 15 días.","ean":"8437001042166"},{"full_name":"LA LUARQUESA surtido de pastas artesanas estuche 450 g","name":"surtido de pastas artesanas estuche 450 g","brand":"LA LUARQUESA ","img":"https://sgfm.elcorteingles.es/SGFM/00/03/4/0120659100034/0120659100034000g01011.jpg","price":"5,39 €","price_unit":"(11,98 € / Kilo)","categories":["Supermercado","Desayunos Dulces y pan","Desayunos, dulces y pan","Galletas","Pastas","LA LUARQUESA surtido de pastas artesanas estuche 450 g"],"general_information":["Denominación del alimento: Surtido pastas artesanales","Nombre del operador: Productos La Luarquesa S.L.","Dirección del operador: Pol. Ind. De Almuña II, Nave 12, Luarca (Asturias)","Cantidad Neta: 450 g","Número de raciones por envase: 17"],"ingredients":[" Mantecadas de Luarca: Harina de trigo, mantequilla, azúcar, huevos, sal e impulsores (E450, E500). Puede contener trazas de frutos secos y harina de soja. Rosquillas de almendra bañadas: Harina de trigo, margarina, azúcar, huevos, almendras, suero de leche en polvo, cobertura de chocolate (grasa vegetal hidrogenada, cacao desgrasado en polvo, emulgente: lecitina de soja y vainilla) y sal. Puede contener trazas de frutos secos y harina de soja.  Rosquillas de almendra: Harina de trigo, margarina, azúcar, huevos, almendra, suero de leche en polvo y sal. Puede contener trazas de frutos secos y harina de soja.  Bollinos de mantequilla: Harina de trigo, mantequilla, azúcar, huevos y sal. Puede contener trazas de frutos secos y harina de soja. Suspiros de Luarca: Harina de trigo, margarina, azúcar, huevos y sal. Puede contener trazas de frutos secos, harina de soja y leche.  Galletina de avellana y mantequilla bañada: Harina de trigo, mantequilla, azúcar, avellana, huevos, cobertura de chocolate (grasa vegetal hidrogenada, cacao desgrasado en polvo, emulgente: lecitina de soja y vainilla) y sal. Puede contener trazas de frutos secos y harina de soja.  Galletina de avellana y mantequilla: Harina de trigo, mantequilla, azúcar, avellana, huevos y sal. Puede contener trazas de frutos secos y harina de soja."],"conservation":" Conservar en lugar fresco y seco.","ean":"8414226324512"},{"full_name":"LA MODERNA pastas de té rellenas surtido selecto paquete 275 g","name":"pastas de té rellenas surtido selecto paquete 275 g","brand":"LA MODERNA ","img":"https://sgfm.elcorteingles.es/SGFM/dctm/MEDIA02/CONTENIDOS/201510/29/00120659100711____1__600x600.jpg","price":"1,95 €","price_unit":"(7,09 € / Kilo)","categories":["Supermercado","Desayunos Dulces y pan","Desayunos, dulces y pan","Galletas","Pastas","LA MODERNA pastas de té rellenas surtido selecto paquete 275 g"],"general_information":["Denominación del alimento: Pastas de Té","Nombre del operador: Natural Biscuit, S.L.","Dirección del operador: Ctra. De Masa s/n Pol. Ind. Villadiego Parc. 1-2 Villadiego (Burgos)","Cantidad Neta: 275 g"],"ingredients":[" Harina de trigo, grasa de palma y aceite de girasol (antioxidantes: extractos de origen natural ricos en tocoferol y palmitato de ascorbilo), azúcar, jarabe de glucosa y fructuosa, grasa de palmiste, cacao desgrasado en polvo, pulpa de fresa, pulpa de fruta y ralladura de naranja, fibra dietética, lactosuero, leche en polvo, avellanas, almendra, emulgentes: (lecitina de girasol, mono y diglicéridos de los ácidos grasos, triestearato de sorbitano), espesantes: (alginato sódico, pectina y goma de semillas de algarrobo), acidulante; ácido cítrico, aromas, sal, conservador: sorbato potásico, extracto de alfalfa, colorantes: (ácido carmínico, betacaroteno, cúrcuma y extracto de pimentón), extracto de espinacas. Contiene gluten, leche y frutos de cáscara. Puede contener trazas de huevo, cacahuete, sésamo y soja."],"conservation":" Conservar en lugar seco y fresco.","ean":"8427656001250"},{"full_name":"LA ANTIGUA DE LEON pastas artesanas hechas a mano estuche 250 g","name":"pastas artesanas hechas a mano estuche 250 g","brand":"LA ANTIGUA DE LEON ","img":"https://sgfm.elcorteingles.es/SGFM/04/78/8/0120660904788/0120660904788000g01011.jpg","price":"6,86 €","price_unit":"(27,44 € / Kilo)","categories":["Supermercado","Desayunos Dulces y pan","Desayunos, dulces y pan","Galletas","Pastas","LA ANTIGUA DE LEON pastas artesanas hechas a mano estuche 250 g"],"general_information":["Denominación del alimento: Pastas de té","Nombre del operador: La Antigua León Artesanos, S.L.","Dirección del operador: C. Arquímedes 58. P.I. El Palomo, Fuenlabrada 28945 (Madrid)","Cantidad Neta: 250 g"],"ingredients":[" Harina de trigo, mantequilla, azúcar, huevo, pulpa de albaricoque, margarina, naranja confitada, frambuesa, coco, leche, vainillina, cacao, almendra, piñón, nuez, fideo de chocolate, aroma fresa, espesantes (E-407, E-410, E-1442), acidulantes (E-330), colorante (E-160 a(ii), E-120). Conservantes (E-202, E-211, E-223), emulgente (E-322). Contiene gluten (harina de trigo), proteínas lácteas (mantequilla), huevo, frutos secos y  sulfitos."],"conservation":" En un lugar fresco y seco. Preservar de la luz solar y olores y sabores fuertes.","ean":"8437003981487"},{"full_name":"CASA ECEIZA tejas galletas artesanas con almendras estuche 70 g","name":"tejas galletas artesanas con almendras estuche 70 g","brand":"CASA ECEIZA ","img":"https://sgfm.elcorteingles.es/SGFM/dctm/MEDIA02/CONTENIDOS/201511/03/00120660905181____2__600x600.jpg","price":"1,99 €","price_unit":"(28,43 € / Kilo)","categories":["Supermercado","Desayunos Dulces y pan","Desayunos, dulces y pan","Galletas","Pastas","CASA ECEIZA tejas galletas artesanas con almendras estuche 70 g"],"general_information":[],"ingredients":[],"ean":"8429360000598"},{"full_name":"MONTSERRAT Ametllas pastas de almendras caja 300 g","name":"Ametllas pastas de almendras caja 300 g","brand":"MONTSERRAT ","img":"https://sgfm.elcorteingles.es/SGFM/dctm/MEDIA03/201604/26/00120614302485____1__600x600.jpg","price":"7,89 €","price_unit":"(26,30 € / Kilo)","categories":["Supermercado","Desayunos Dulces y pan","Desayunos, dulces y pan","Galletas","Pastas","MONTSERRAT Ametllas pastas de almendras caja 300 g"],"general_information":[],"ingredients":[],"ean":"8412830127987"},{"full_name":"MONTSERRAT Carquinyolis de avellanas caja 300 g","name":"Carquinyolis de avellanas caja 300 g","brand":"MONTSERRAT ","img":"https://sgfm.elcorteingles.es/SGFM/dctm/MEDIA03/201604/26/00120614302477____1__600x600.jpg","price":"6,49 €","price_unit":"(21,63 € / Kilo)","categories":["Supermercado","Desayunos Dulces y pan","Desayunos, dulces y pan","Galletas","Pastas","MONTSERRAT Carquinyolis de avellanas caja 300 g"],"general_information":[],"ingredients":[],"ean":"8412830127994"},{"full_name":"MONTSERRAT Galetes Maria caja 350 g","name":"Galetes Maria caja 350 g","brand":"MONTSERRAT ","img":"https://sgfm.elcorteingles.es/SGFM/dctm/MEDIA03/201604/26/00120608201784____1__600x600.jpg","price":"6,29 €","price_unit":"(17,97 € / Kilo)","categories":["Supermercado","Desayunos Dulces y pan","Desayunos, dulces y pan","Galletas","Pastas","MONTSERRAT Galetes Maria caja 350 g"],"general_information":[],"ingredients":[],"ean":"8412830128007"},{"full_name":"MONASTERIO SAGRADO CORAZON Hnas Clarisas Nevaditos estuche 400 g","name":"Hnas Clarisas Nevaditos estuche 400 g","brand":"MONASTERIO SAGRADO CORAZON ","img":"https://sgfm.elcorteingles.es/SGFM/dctm/MEDIA02/CONTENIDOS/201512/21/00120659100679____1__600x600.jpg","price":"6,09 €","price_unit":"(15,22 € / Kilo)","categories":["Supermercado","Desayunos Dulces y pan","Desayunos, dulces y pan","Galletas","Pastas","MONASTERIO SAGRADO CORAZON Hnas Clarisas Nevaditos estuche 400 g"],"general_information":[],"ingredients":[],"ean":"8437005764132"}]