[{"full_name":"WESTENDERS ginebra botella 70 cl","name":"ginebra botella 70 cl","brand":"WESTENDERS ","img":"https://sgfm.elcorteingles.es/SGFM/00/64/6/0118723400646/0118723400646000g01011.jpg","price":"4,40 €","price_unit":"(6,29 € / Litro)","categories":["Supermercado","Bebidas","Licores y Alcoholes","Ginebra","Ginebra","WESTENDERS ginebra botella 70 cl"],"general_information":["Denominación del alimento: GIN","Nombre del operador: Embotellado para \nel Grupo El Corte Inglés\nHermosilla 112 - Madrid\npor R.E.1128-B\nEspaña"],"ingredients":[],"ean":"8433329029513"},{"full_name":"WESTENDERS ginebra london dry gin botella 70 cl","name":"ginebra london dry gin botella 70 cl","brand":"WESTENDERS ","img":"https://sgfm.elcorteingles.es/SGFM/00/65/3/0118723400653/0118723400653000g01011.jpg","price":"7,09 €","price_unit":"(10,13 € / Litro)","categories":["Supermercado","Bebidas","Licores y Alcoholes","Ginebra","Ginebra","WESTENDERS ginebra london dry gin botella 70 cl"],"general_information":["Denominación del alimento: LONDON DRY GIN","Nombre del operador: Embotellado para \nel Grupo El Corte Inglés\nHermosilla 112 - Madrid\npor R.E.1128-B\nEspaña"],"ingredients":[],"ean":"8433329029520"},{"full_name":"WESTENDERS Essence ginebra premium botella 70 cl","name":"Essence ginebra premium botella 70 cl","brand":"WESTENDERS ","img":"https://sgfm.elcorteingles.es/SGFM/00/85/5/0118720800855/0118720800855000g01011.jpg","price":"13,82 €","price_unit":"(19,74 € / Litro)","categories":["Supermercado","Bebidas","Licores y Alcoholes","Ginebra","Ginebra","WESTENDERS Essence ginebra premium botella 70 cl"],"general_information":["Denominación del alimento: GIN","Nombre del operador: Embotellado para \nel Grupo El Corte Inglés\nHermosilla 112 - Madrid\npor R.E.1128-B\nEspaña"],"ingredients":[],"ean":"8433329040624"},{"full_name":"N GIN VLC ginebra premium de Valencia botella 70 cl","name":"ginebra premium de Valencia botella 70 cl","brand":"N GIN VLC ","img":"https://sgfm.elcorteingles.es/SGFM/dctm/MEDIA03/201704/04/00118720801333____1__600x600.jpg","price":"27,75 €","categories":["Supermercado","Bebidas","Licores y Alcoholes","Ginebra","Ginebra","N GIN VLC ginebra premium de Valencia botella 70 cl"],"general_information":["Cantidad Neta: 70 cl"],"ingredients":[],"ean":"8437007174182"},{"full_name":"GIN CITY ginebra botella 70 cl","name":"ginebra botella 70 cl","brand":"GIN CITY ","img":"https://sgfm.elcorteingles.es/SGFM/dctm/MEDIA03/201708/11/00118720801374____1__600x600.jpg","price":"25,00 €","categories":["Supermercado","Bebidas","Licores y Alcoholes","Ginebra","Ginebra","GIN CITY ginebra botella 70 cl"],"general_information":["Cantidad Neta: 70 cl"],"ingredients":[],"ean":"8430680001769"},{"full_name":"BEEFEATER ginebra inglesa botella 1,5 l","name":"ginebra inglesa botella 1,5 l","brand":"BEEFEATER ","img":"https://sgfm.elcorteingles.es/SGFM/dctm/MEDIA03/201609/21/00118723400836____2__600x600.jpg","price":"26,29 €            ","price_unit":"(14,63 € / Litro)","categories":["Supermercado","Bebidas","Licores y Alcoholes","Ginebra","Ginebra","BEEFEATER ginebra inglesa botella 1,5 l"],"general_information":["Cantidad Neta: 1,5 l"],"ingredients":[],"ean":"5000329002384"},{"full_name":"BEEFEATER ginebra inglesa botella 70 cl","name":"ginebra inglesa botella 70 cl","brand":"BEEFEATER ","img":"https://sgfm.elcorteingles.es/SGFM/dctm/MEDIA03/201712/11/00118723400018____6__600x600.jpg","price":"13,19 €            ","price_unit":"(18,27 € / Litro)","categories":["Supermercado","Bebidas","Licores y Alcoholes","Ginebra","Ginebra","BEEFEATER ginebra inglesa botella 70 cl"],"general_information":["Cantidad Neta: 70 cl","Notas de cata Es una ginebra excepcionalmente fresca, pura y crespa, con un sutil toque cítrico y afrutado. La complejidad de la receta de Beeeater produce una ginebra multidimen­sional en carácter y al mismo tiempo, equilibrada y completa."],"ingredients":[],"ean":"8410045104564"},{"full_name":"BEEFEATER 24 ginebra inglesa botella 70 cl","name":"24 ginebra inglesa botella 70 cl","brand":"BEEFEATER ","img":"https://sgfm.elcorteingles.es/SGFM/dctm/MEDIA03/201707/17/00118720800517____1__600x600.jpg","price":"21,23 €            ","price_unit":"(28,93 € / Litro)","categories":["Supermercado","Bebidas","Licores y Alcoholes","Ginebra","Ginebra","BEEFEATER 24 ginebra inglesa botella 70 cl"],"general_information":["Cantidad Neta: 70 cl"],"ingredients":[],"ean":"8410045104588"},{"full_name":"STAR Gin Premium ginebra Strawberry con fresas naturales botella 75 cl","name":"Gin Premium ginebra Strawberry con fresas naturales botella 75 cl","brand":"STAR ","img":"https://sgfm.elcorteingles.es/SGFM/dctm/MEDIA03/201604/12/00118723401024____1__600x600.jpg","price":"14,09 €","categories":["Supermercado","Bebidas","Licores y Alcoholes","Ginebra","Ginebra","STAR Gin Premium ginebra Strawberry con fresas naturales botella 75 cl"],"general_information":["Cantidad Neta: 75 cl"],"ingredients":[],"ean":"8425808024614"},{"full_name":"EMMA ginebra naranja botella 70 cl","name":"ginebra naranja botella 70 cl","brand":"EMMA ","img":"https://sgfm.elcorteingles.es/SGFM/dctm/MEDIA03/201611/23/00200623401114____1__600x600.jpg","price":"8,00 €","price_unit":"(11,43 € / Litro)","categories":["Supermercado","Bebidas","Licores y Alcoholes","Ginebra","Ginebra","EMMA ginebra naranja botella 70 cl"],"general_information":["Cantidad Neta: 70 cl"],"ingredients":[],"ean":"8410512012293"},{"full_name":"EMMA ginebra lima botella 70 cl","name":"ginebra lima botella 70 cl","brand":"EMMA ","img":"https://sgfm.elcorteingles.es/SGFM/dctm/MEDIA03/201701/03/00118723401180____1__600x600.jpg","price":"8,00 €","price_unit":"(11,43 € / Litro)","categories":["Supermercado","Bebidas","Licores y Alcoholes","Ginebra","Ginebra","EMMA ginebra lima botella 70 cl"],"general_information":["Cantidad Neta: 70 cl"],"ingredients":[],"ean":"8410512012286"},{"full_name":"AMPERSAND London Dry ginebra botella 70 cl","name":"London Dry ginebra botella 70 cl","brand":"AMPERSAND ","img":"https://sgfm.elcorteingles.es/SGFM/dctm/MEDIA02/CONTENIDOS/201508/13/00118723400901____1__600x600.jpg","price":"14,79 €","price_unit":"(21,13 € / Litro)","categories":["Supermercado","Bebidas","Licores y Alcoholes","Ginebra","Ginebra","AMPERSAND London Dry ginebra botella 70 cl"],"general_information":["Denominación del alimento: Ginebra London Dry","País de origen: España","Nombre del operador: Osborne Distribuidora, S.A.","Dirección del operador: C/Fernan Caballero, 7 - 11500 El Puerto de Santa María (Cádiz)","Lugar de procedencia del alimento: Ginebra London Dry","Cantidad Neta: 70 Centilitros","Porcentaje de alcohol: 40%","Otras menciones obligatorias en la etiqueta: www.disfruta-de-un-consumo-responsable.com"],"ingredients":[],"ean":"8410337038089"},{"full_name":"AMPERSAND ginebra inglesa con cítricos botella 70 cl","name":"ginebra inglesa con cítricos botella 70 cl","brand":"AMPERSAND ","img":"https://sgfm.elcorteingles.es/SGFM/dctm/MEDIA03/201706/29/00118723401255____1__600x600.jpg","price":"16,00 €","categories":["Supermercado","Bebidas","Licores y Alcoholes","Ginebra","Ginebra","AMPERSAND ginebra inglesa con cítricos botella 70 cl"],"general_information":["Denominación del alimento: Ginebra","País de origen: España","Nombre del operador: Osborne Distribuidora, S.A.","Dirección del operador: C/Fernan Caballero, 7 - 11500 El Puerto de Santa María (Cádiz)","Cantidad Neta: 70 Centilitros","Porcentaje de alcohol: 37.5%","Otras menciones obligatorias en la etiqueta: www.disfruta-de-un-consumo-responsable.com"],"ingredients":[],"ean":"8410337045087"},{"full_name":"CITADELLE ginebra artesana francesa botella 70 cl","name":"ginebra artesana francesa botella 70 cl","brand":"CITADELLE ","img":"https://sgfm.elcorteingles.es/SGFM/00/52/5/0118720800525/0118720800525000g01011.jpg","price":"27,01 €            ","price_unit":"(37,07 € / Litro)","categories":["Supermercado","Bebidas","Licores y Alcoholes","Ginebra","Ginebra","CITADELLE ginebra artesana francesa botella 70 cl"],"general_information":["Cantidad Neta: 70 cl"],"ingredients":[],"ean":"3460410507877"},{"full_name":"GIN MARE ginebra Mediterranean botella 70 cl","name":"ginebra Mediterranean botella 70 cl","brand":"GIN MARE ","img":"https://sgfm.elcorteingles.es/SGFM/00/68/1/0118720800681/0118720800681000g01011.jpg","price":"33,87 €            ","price_unit":"(47,43 € / Litro)","categories":["Supermercado","Bebidas","Licores y Alcoholes","Ginebra","Ginebra","GIN MARE ginebra Mediterranean botella 70 cl"],"general_information":["Cantidad Neta: 70 cl"],"ingredients":[],"ean":"8437009805299"},{"full_name":"JODHPUR London Dry Gin ginebra inglesa botella 70 cl","name":"London Dry Gin ginebra inglesa botella 70 cl","brand":"JODHPUR ","img":"https://sgfm.elcorteingles.es/SGFM/00/65/7/0118720800657/0118720800657000g01011.jpg","price":"20,74 €            ","price_unit":"(25,64 € / Litro)","categories":["Supermercado","Bebidas","Licores y Alcoholes","Ginebra","Ginebra","JODHPUR London Dry Gin ginebra inglesa botella 70 cl"],"general_information":["Denominación del alimento: London Gin","Nombre del operador: Comercial Masoliver S.A.U.","Dirección del operador: Calle Puntia. 18 - 17857 Begudà (Girona) España","Lugar de procedencia del alimento: ES - Español","Cantidad Neta: 700 Mililitros","Porcentaje de alcohol: 43%"],"ingredients":[],"ean":"8414771863719"},{"full_name":"THE LONDON nº 1 ginebra original Blue Gin botella 70 cl","name":"nº 1 ginebra original Blue Gin botella 70 cl","brand":"THE LONDON ","img":"https://sgfm.elcorteingles.es/SGFM/dctm/MEDIA03/201701/23/00118720800699____1__600x600.jpg","price":"32,17 €            ","price_unit":"(42,79 € / Litro)","categories":["Supermercado","Bebidas","Licores y Alcoholes","Ginebra","Ginebra","THE LONDON nº 1 ginebra original Blue Gin botella 70 cl"],"general_information":["Cantidad Neta: 70 cl"],"ingredients":[],"ean":"8410023030939"},{"full_name":"1947 ginebra premium naranja botella 70 cl","name":"ginebra premium naranja botella 70 cl","brand":"1947 ","img":"https://sgfm.elcorteingles.es/SGFM/dctm/MEDIA03/201604/14/00118723401032____1__600x600.jpg","price":"15,95 €","categories":["Supermercado","Bebidas","Licores y Alcoholes","Ginebra","Ginebra","1947 ginebra premium naranja botella 70 cl"],"general_information":["Cantidad Neta: 70 cl"],"ingredients":[],"ean":"8414606515769"},{"full_name":"HAYMAN'S 1820 ginebra premiun botella 70 cl","name":"1820 ginebra premiun botella 70 cl","brand":"HAYMAN'S ","img":"https://sgfm.elcorteingles.es/SGFM//00/97/0/0118720800970/0118720800970000g01011.jpg","price":"13,00 €","price_unit":"(18,57 € / Litro)","categories":["Supermercado","Bebidas","Licores y Alcoholes","Ginebra","Ginebra","HAYMAN'S 1820 ginebra premiun botella 70 cl"],"general_information":["Denominación del alimento: Gin Liqueur","Nombre del operador: Central Hisumer, S.L.","Dirección del operador: Crtra. de Hurchillo, 10, 03300 Orihuela, Alicante.","Cantidad Neta: 70 Centilitros","Porcentaje de alcohol: 40%"],"ingredients":[],"ean":"5021692650002"},{"full_name":"1947 ginebra premium mora y frambuesa botella 70 cl","name":"ginebra premium mora y frambuesa botella 70 cl","brand":"1947 ","img":"https://sgfm.elcorteingles.es/SGFM/dctm/MEDIA03/201604/14/00118723401040____1__600x600.jpg","price":"15,95 €","categories":["Supermercado","Bebidas","Licores y Alcoholes","Ginebra","Ginebra","1947 ginebra premium mora y frambuesa botella 70 cl"],"general_information":["Cantidad Neta: 70 cl"],"ingredients":[],"ean":"8414606545773"},{"full_name":"FIFTY POUNDS ginebra inglesa botella 70 cl","name":"ginebra inglesa botella 70 cl","brand":"FIFTY POUNDS ","img":"https://sgfm.elcorteingles.es/SGFM/dctm/MEDIA03/201611/17/00118720800541____2__600x600.jpg","price":"28,09 €            ","price_unit":"(28,50 € / Litro)","categories":["Supermercado","Bebidas","Licores y Alcoholes","Ginebra","Ginebra","FIFTY POUNDS ginebra inglesa botella 70 cl"],"general_information":["Denominación del alimento: Ginebra","Nombre del operador: Sánchez Romate Hnos, S.A.","Dirección del operador: C/ Leales, 26 -11404 Jerez (Cádiz)","Cantidad Neta: 637.4 g","Porcentaje de alcohol: 43.5%"],"ingredients":[],"conservation":" Conservar en lugar fresco y seco.","ean":"8410161202588"},{"full_name":"MAGELLAN ginebra Francia botella 70 cl","name":"ginebra Francia botella 70 cl","brand":"MAGELLAN ","img":"https://sgfm.elcorteingles.es/SGFM/00/78/0/0118720800780/0118720800780000g01011.jpg","price":"29,78 €","price_unit":"(42,54 € / Litro)","categories":["Supermercado","Bebidas","Licores y Alcoholes","Ginebra","Ginebra","MAGELLAN ginebra Francia botella 70 cl"],"general_information":["Cantidad Neta: 70 cl"],"ingredients":[],"ean":"3460410528964"},{"full_name":"MASCARO 9 ginebra botella 70 cl","name":"9 ginebra botella 70 cl","brand":"MASCARO ","img":"https://sgfm.elcorteingles.es/SGFM/00/71/0/0200623400710/0200623400710000g01011.jpg","price":"20,05 €","price_unit":"(28,64 € / Litro)","categories":["Supermercado","Bebidas","Licores y Alcoholes","Ginebra","Ginebra","MASCARO 9 ginebra botella 70 cl"],"general_information":["Cantidad Neta: 70 cl"],"ingredients":[],"ean":"8423426000904"},{"full_name":"RIVES ginebra botella 70 cl","name":"ginebra botella 70 cl","brand":"RIVES ","img":"https://sgfm.elcorteingles.es/SGFM//00/76/0/0118723400760/0118723400760000g01011.jpg","price":"8,22 €","price_unit":"(11,74 € / Litro)","categories":["Supermercado","Bebidas","Licores y Alcoholes","Ginebra","Ginebra","RIVES ginebra botella 70 cl"],"general_information":["Cantidad Neta: 70 cl"],"ingredients":[],"ean":"8410337427081"},{"full_name":"RIVES ginebra botella 1 l","name":"ginebra botella 1 l","brand":"RIVES ","img":"https://sgfm.elcorteingles.es/SGFM/dctm/MEDIA03/201708/01/00118723400075____6__600x600.jpg","price":"10,59 €            ","price_unit":"(9,99 € / Litro)","categories":["Supermercado","Bebidas","Licores y Alcoholes","Ginebra","Ginebra","RIVES ginebra botella 1 l"],"general_information":["Cantidad Neta: 1 l"],"ingredients":[],"ean":"8410337427029"},{"full_name":"RIVES ginebra especial botella 70 cl","name":"ginebra especial botella 70 cl","brand":"RIVES ","img":"https://sgfm.elcorteingles.es/SGFM/00/62/4/0118720800624/0118720800624000g01011.jpg","price":"22,94 €","price_unit":"(32,77 € / Litro)","categories":["Supermercado","Bebidas","Licores y Alcoholes","Ginebra","Ginebra","RIVES ginebra especial botella 70 cl"],"general_information":["Cantidad Neta: 70 cl"],"ingredients":[],"ean":"8431270126084"},{"full_name":"RIVES Pink Premium ginebra botella 70 cl","name":"Pink Premium ginebra botella 70 cl","brand":"RIVES ","img":"https://sgfm.elcorteingles.es/SGFM/dctm/MEDIA02/CONTENIDOS/201507/20/00118723400885____1__600x600.jpg","price":"14,52 €            ","price_unit":"(17,36 € / Litro)","categories":["Supermercado","Bebidas","Licores y Alcoholes","Ginebra","Ginebra","RIVES Pink Premium ginebra botella 70 cl"],"general_information":["Cantidad Neta: 70 cl"],"ingredients":[],"ean":"8431270101609"},{"full_name":"TANQUERAY ginebra inglesa botella 1 l","name":"ginebra inglesa botella 1 l","brand":"TANQUERAY ","img":"https://sgfm.elcorteingles.es/SGFM/dctm/MEDIA03/201708/04/00118723401156____6__600x600.jpg","price":"19,79 €","price_unit":"(19,79 € / Litro)","categories":["Supermercado","Bebidas","Licores y Alcoholes","Ginebra","Ginebra","TANQUERAY ginebra inglesa botella 1 l"],"general_information":["Denominación del alimento: Ginebra","Nombre del operador: Diageo España S.A.","Dirección del operador: Av de la Victoria 32 - 28023 Madrid","Cantidad Neta: 100 Centilitros","Porcentaje de alcohol: 43.1%","Notas de cata Equilibrio perfecto entre enebro, cilantro, angélica y regaliz que ofrece una base clásica para cócteles. Sus sabores particulares se disfrutan mejor con tónica, mucho hielo y una rodaja de lima. Permite crear el gin-tonic definitivo, perfecto para degustar con amigos y familiares."],"ingredients":[],"ean":"5000291021857"},{"full_name":"TANQUERAY ginebra inglesa botella 70 cl","name":"ginebra inglesa botella 70 cl","brand":"TANQUERAY ","img":"https://sgfm.elcorteingles.es/SGFM/dctm/MEDIA03/201611/29/00118723400026____4__600x600.jpg","price":"14,45 €            ","price_unit":"(18,79 € / Litro)","categories":["Supermercado","Bebidas","Licores y Alcoholes","Ginebra","Ginebra","TANQUERAY ginebra inglesa botella 70 cl"],"general_information":["Cantidad Neta: 70 cl","Notas de cata Equilibrio perfecto entre enebro, cilantro, angélica y regaliz que ofrece una base clásica para cócteles. Sus sabores particulares se disfrutan mejor con tónica, mucho hielo y una rodaja de lima. Permite crear el gin-tonic definitivo, perfecto para degustar con amigos y familiares."],"ingredients":[],"ean":"5000281050157"},{"full_name":"TANQUERAY Nº Ten ginebra inglesa botella 70 cl","name":"Nº Ten ginebra inglesa botella 70 cl","brand":"TANQUERAY ","img":"https://sgfm.elcorteingles.es/SGFM/dctm/MEDIA03/201610/28/00118720800574____7__600x600.jpg","price":"30,26 €            ","price_unit":"(39,86 € / Litro)","categories":["Supermercado","Bebidas","Licores y Alcoholes","Ginebra","Ginebra","TANQUERAY Nº Ten ginebra inglesa botella 70 cl"],"general_information":["Cantidad Neta: 70 cl","Notas de cata Cítricos y flores de manzanilla con un acabado ligero de sorbete y enebro. Sus sabores sutiles se disfrutan mejor en un martini, o con tónica y una rodaja de pomelo.\nGinebra super-premium ideal para degustar el martini definitivo u otros cócteles clásicos."],"ingredients":[],"ean":"8410695026032"},{"full_name":"TANQUERAY Rangpur ginebra inglesa botella 70 cl","name":"Rangpur ginebra inglesa botella 70 cl","brand":"TANQUERAY ","img":"https://sgfm.elcorteingles.es/SGFM/dctm/MEDIA03/201708/04/00118720800483____4__600x600.jpg","price":"19,99 €","price_unit":"(28,56 € / Litro)","categories":["Supermercado","Bebidas","Licores y Alcoholes","Ginebra","Ginebra","TANQUERAY Rangpur ginebra inglesa botella 70 cl"],"general_information":["Denominación del alimento: Ginebra","Nombre del operador: Diageo España S.A.","Dirección del operador: Av de la Victoria 32 - 28023 Madrid","Cantidad Neta: 70 Centilitros","Porcentaje de alcohol: 41.3%","Notas de cata Una ginebra Tanqueray peculiar destilada con cuatro plantas, fruta rangpur cítrica, jengibre y hojas de laurel.    \nGinebra Tanqueray con rangpur, un cítrico exótico de la India, jengibre y hojas de laurel.\nCombinación de rangpur, jengibre y laurel con la base de cuatro plantas de Tanqueray. \nServir con tónica premium, cubitos de hielo de calidad y una rodaja de lima. \nUn regalo especial y delicioso para los amantes de la London Dry Gin de Tanqueray."],"ingredients":[],"ean":"5000291021628"},{"full_name":"PLYMOUTH ginebra original botella 70 cl","name":"ginebra original botella 70 cl","brand":"PLYMOUTH ","img":"https://sgfm.elcorteingles.es/SGFM/00/76/4/0118720800764/0118720800764000g01011.jpg","price":"30,42 €            ","price_unit":"(42,84 € / Litro)","categories":["Supermercado","Bebidas","Licores y Alcoholes","Ginebra","Ginebra","PLYMOUTH ginebra original botella 70 cl"],"general_information":["Cantidad Neta: 70 cl","Notas de cata Ginebra de sabor suave y muy equilibrado le otorga una gran versatilidad para la coctelería. Sus 7 botánicos cuidadosamente seleccionados y el suave agua del parque nacional de Dartmoor hacen de Plymouth Gin una ginebra clásica de gran calidad."],"ingredients":[],"ean":"8410045104656"},{"full_name":"PINK 47 ginebra inglesa botella 70 cl","name":"47 ginebra inglesa botella 70 cl","brand":"PINK ","img":"https://sgfm.elcorteingles.es/SGFM/00/58/2/0118720800582/0118720800582000g01011.jpg","price":"26,14 €            ","price_unit":"(36,20 € / Litro)","categories":["Supermercado","Bebidas","Licores y Alcoholes","Ginebra","Ginebra","PINK 47 ginebra inglesa botella 70 cl"],"general_information":["Denominación del alimento: Ginebra","País de origen: Reino Unido","Nombre del operador: CENTRAL HISÚMER S.L.","Dirección del operador: Crta. Hurchillo 10 - 03300 Orihuela (Alicante)","Lugar de procedencia del alimento: Londres, Reino Unido","Cantidad Neta: 70,0 Centilitros","Porcentaje de alcohol: 47,0%","Otras menciones obligatorias en la etiqueta: La ginebra Pink 47, destilada y embotellada en Londres, su fórmula secreta mezcla el más fino alcohol, destilado en alambique de cobre con 12 plantas botánicas distintas, creando un complejo sabor y un final muy redondo. Pink 47 se destila 4 veces y se rectifica hasta alcanzar los 47 grados de alcohol, cifra que se considera idónea dentro del mundo de las ginebras. Recomendada principalmente para mezclar con tónica o en un ?fashion cocktail?, es tremendamente suave, parece que tuviera infinitamente menos graduación. La mezcla de 12 plantas botánicas distintas en pequeños barriles da como resultado una ginebra de 47° ideal para cócteles y con un sabor y aromas muy complejos. Consuma de forma responsable. Los servicios sanitarios ingleses recomiendan que el consumo regular no exceda: para hombres 3-4 unidades diarias, para mujeres 2-3 unidades diarias. Reto de bebidas espirituosas 2012 oro. Competición mundias de bebidas espirituosas platino."],"ingredients":[],"ean":"5011995000802"},{"full_name":"PINK Royal ginebra inglesa botella 70 cl","name":"Royal ginebra inglesa botella 70 cl","brand":"PINK ","img":"https://sgfm.elcorteingles.es/SGFM/dctm/MEDIA03/201604/11/00118720801192____1__600x600.jpg","price":"28,57 €            ","price_unit":"(27,49 € / Litro)","categories":["Supermercado","Bebidas","Licores y Alcoholes","Ginebra","Ginebra","PINK Royal ginebra inglesa botella 70 cl"],"general_information":["Denominación del alimento: Dry Gin with Raspberry, Blackberry & Cranberry","Nombre del operador: Central Hisumer, S.L.","Dirección del operador: Crtra. de Hurchillo, 10, 03300 Orihuela, Alicante.","Cantidad Neta: 70 Centilitros","Porcentaje de alcohol: 40%"],"ingredients":[],"ean":"5011995002752"},{"full_name":"GIN ORO Andalusian ginebra premium botella 70 cl","name":"Andalusian ginebra premium botella 70 cl","brand":"GIN ORO ","img":"https://sgfm.elcorteingles.es/SGFM/dctm/MEDIA03/201705/08/00118720801341____1__600x600.jpg","price":"29,95 €","categories":["Supermercado","Bebidas","Licores y Alcoholes","Ginebra","Ginebra","GIN ORO Andalusian ginebra premium botella 70 cl"],"general_information":["Cantidad Neta: 70 cl"],"ingredients":[],"ean":"8414606568062"},{"full_name":"BROCKMAN'S ginebra Londón dry botella 70 cl","name":"ginebra Londón dry botella 70 cl","brand":"BROCKMAN'S ","img":"https://sgfm.elcorteingles.es/SGFM/00/86/3/0118720800863/0118720800863000g01011.jpg","price":"33,71 €            ","price_unit":"(47,86 € / Litro)","categories":["Supermercado","Bebidas","Licores y Alcoholes","Ginebra","Ginebra","BROCKMAN'S ginebra Londón dry botella 70 cl"],"general_information":["Denominación del alimento: Ginebra","País de origen: Reino Unido","Nombre del operador: Osborne Distribuidora, S.A.","Dirección del operador: C/Fernan Caballero, 7 - 11500 El Puerto de Santa María (Cádiz)","Cantidad Neta: 70 Centilitros","Porcentaje de alcohol: 40%"],"ingredients":[],"ean":"5010296169164"},{"full_name":"GORDON'S ginebra Premium Pink botella 75 cl","name":"ginebra Premium Pink botella 75 cl","brand":"GORDON'S ","img":"https://sgfm.elcorteingles.es/SGFM/dctm/MEDIA03/201709/08/00200623401197____6__600x600.jpg","price":"13,64 €            ","categories":["Supermercado","Bebidas","Licores y Alcoholes","Ginebra","Ginebra","GORDON'S ginebra Premium Pink botella 75 cl"],"general_information":["Cantidad Neta: 75 cl"],"ingredients":[],"ean":"8410695025967"},{"full_name":"GORDON'S Crisp Cucumber ginebra botella 70 cl","name":"Crisp Cucumber ginebra botella 70 cl","brand":"GORDON'S ","img":"https://sgfm.elcorteingles.es/SGFM/dctm/MEDIA03/201708/01/00118723400745____1__600x600.jpg","price":"8,15 €","price_unit":"(11,64 € / Litro)","categories":["Supermercado","Bebidas","Licores y Alcoholes","Ginebra","Ginebra","GORDON'S Crisp Cucumber ginebra botella 70 cl"],"general_information":["Denominación del alimento: Ginebra","Nombre del operador: Diageo España S.A.","Dirección del operador: Av de la Victoria 32 - 28023 Madrid","Cantidad Neta: 70 Centilitros","Porcentaje de alcohol: 37.5%"],"ingredients":[],"ean":"5000289926638"},{"full_name":"GORDON'S London ginebra inglesa botella 70 cl","name":"London ginebra inglesa botella 70 cl","brand":"GORDON'S ","img":"https://sgfm.elcorteingles.es/SGFM/dctm/MEDIA03/201704/27/00118723400166____3__600x600.jpg","price":"8,15 €","price_unit":"(11,64 € / Litro)","categories":["Supermercado","Bebidas","Licores y Alcoholes","Ginebra","Ginebra","GORDON'S London ginebra inglesa botella 70 cl"],"general_information":["Denominación del alimento: Ginebra","Nombre del operador: Diageo España S.A.","Dirección del operador: Av de la Victoria 32 - 28023 Madrid","Cantidad Neta: 70 Centilitros","Porcentaje de alcohol: 37.5%","Notas de cata Su aroma a cítricos y enebro la han aupado como referente de las ginebras.                                                                      Fundada en 1769, cuenta con 247 años de historia y 4 Licencias Reales, la primera en 1925. Su característico y refrescante sabor procede de ingredientes como el enebro, el cilantro o la angélica.\nLa ginebra de enebro es ideal para mezclar con tónica y una rodaja de lima."],"ingredients":[],"ean":"5000289925440"},{"full_name":"GORDON'S London ginebra inglesa botella 1 l","name":"London ginebra inglesa botella 1 l","brand":"GORDON'S ","img":"https://sgfm.elcorteingles.es/SGFM/dctm/MEDIA03/201704/27/00118723401065____2__600x600.jpg","price":"11,17 €            ","categories":["Supermercado","Bebidas","Licores y Alcoholes","Ginebra","Ginebra","GORDON'S London ginebra inglesa botella 1 l"],"general_information":["Denominación del alimento: Ginebra","Nombre del operador: Diageo España S.A.","Dirección del operador: Av de la Victoria 32 - 28023 Madrid","Cantidad Neta: 100 Centilitros","Porcentaje de alcohol: 37.5%","Notas de cata Su aroma a cítricos y enebro la han aupado como referente de las ginebras.                                                                      Fundada en 1769, cuenta con 247 años de historia y 4 Licencias Reales, la primera en 1925. Su característico y refrescante sabor procede de ingredientes como el enebro, el cilantro o la angélica.\nLa ginebra de enebro es ideal para mezclar con tónica y una rodaja de lima."],"ingredients":[],"ean":"5000289925433"},{"full_name":"GORDON'S ginebra inglesa envase de plástico botella 1 l","name":"ginebra inglesa envase de plástico botella 1 l","brand":"GORDON'S ","img":"https://sgfm.elcorteingles.es/SGFM/dctm/MEDIA03/201708/01/00118723400869____2__600x600.jpg","price":"11,27 €","price_unit":"(11,27 € / Litro)","categories":["Supermercado","Bebidas","Licores y Alcoholes","Ginebra","Ginebra","GORDON'S ginebra inglesa envase de plástico botella 1 l"],"general_information":["Denominación del alimento: Ginebra","Nombre del operador: Diageo España S.A.","Dirección del operador: Av de la Victoria 32 - 28023 Madrid","Cantidad Neta: 100 Centilitros","Porcentaje de alcohol: 47.3%"],"ingredients":[],"ean":"5000289921459"},{"full_name":"SEAGRAM'S ginebra extra dry Indiana USA botella 70 cl","name":"ginebra extra dry Indiana USA botella 70 cl","brand":"SEAGRAM'S ","img":"https://sgfm.elcorteingles.es/SGFM/dctm/MEDIA03/201712/07/00118720800558____6__600x600.jpg","price":"16,12 €            ","price_unit":"(22,36 € / Litro)","categories":["Supermercado","Bebidas","Licores y Alcoholes","Ginebra","Ginebra","SEAGRAM'S ginebra extra dry Indiana USA botella 70 cl"],"general_information":["Cantidad Neta: 70 cl","Notas de cata Los botánicos que dan forma y carácter a Seagram?s son el enebro de Italia, el cilantro proveniente de la República Checa, la raíz de angélica, nuez moscada, canela, cacao, la piel de naranjas españolas dulces y amargas, el cardamomo de Sri Lanka y varios aceites esenciales cuyo nombre jamás desvelan los maestros destiladores de la marca."],"ingredients":[],"ean":"8410045104557"},{"full_name":"MASTER'S Selection ginebra inglesa botella 70 cl","name":"Selection ginebra inglesa botella 70 cl","brand":"MASTER'S ","img":"https://sgfm.elcorteingles.es/SGFM/dctm/MEDIA02/CONTENIDOS/201411/19/00118723400356____1__600x600.jpg","price":"13,99 €            ","price_unit":"(19,50 € / Litro)","categories":["Supermercado","Bebidas","Licores y Alcoholes","Ginebra","Ginebra","MASTER'S Selection ginebra inglesa botella 70 cl"],"general_information":["Cantidad Neta: 70 cl"],"ingredients":[],"ean":"8414322301059"},{"full_name":"MARTIN MILLER'S ginebra inglesa botella 70 cl","name":"ginebra inglesa botella 70 cl","brand":"MARTIN MILLER'S ","img":"https://sgfm.elcorteingles.es/SGFM/00/67/3/0118720800673/0118720800673000g01011.jpg","price":"28,97 €            ","price_unit":"(39,27 € / Litro)","categories":["Supermercado","Bebidas","Licores y Alcoholes","Ginebra","Ginebra","MARTIN MILLER'S ginebra inglesa botella 70 cl"],"general_information":["Cantidad Neta: 70 cl"],"ingredients":[],"ean":"8410221801652"},{"full_name":"BOMBAY Sapphire ginebra inglesa botella 70 cl","name":"Sapphire ginebra inglesa botella 70 cl","brand":"BOMBAY ","img":"https://sgfm.elcorteingles.es/SGFM/dctm/MEDIA03/201611/17/00118720800491____3__600x600.jpg","price":"20,55 €            ","price_unit":"(27,07 € / Litro)","categories":["Supermercado","Bebidas","Licores y Alcoholes","Ginebra","Ginebra","BOMBAY Sapphire ginebra inglesa botella 70 cl"],"general_information":["Denominación del alimento: GIN","País de origen: Reino Unido","Nombre del operador: BACARDI ESPAÑA, S.A.","Dirección del operador: CALLE DE VELÁZQUEZ, 51, 28001 MADRID","Cantidad Neta: 70 Centilitros","Porcentaje de alcohol: 43%","Otras menciones obligatorias en la etiqueta: NO CONTIENE GLUTEN"],"ingredients":[],"ean":"7640175740504"},{"full_name":"BOMBAY ginebra inglesa original botella 70 cl","name":"ginebra inglesa original botella 70 cl","brand":"BOMBAY ","img":"https://sgfm.elcorteingles.es/SGFM/00/12/4/0200623400124/0200623400124000g01011.jpg","price":"12,98 €","price_unit":"(18,54 € / Litro)","categories":["Supermercado","Bebidas","Licores y Alcoholes","Ginebra","Ginebra","BOMBAY ginebra inglesa original botella 70 cl"],"general_information":["Denominación del alimento: GIN","País de origen: Reino Unido","Nombre del operador: BACARDI ESPAÑA, S.A.","Dirección del operador: CALLE DE VELÁZQUEZ, 51, 28001 MADRID","Cantidad Neta: 70 Centilitros","Porcentaje de alcohol: 40%","Otras menciones obligatorias en la etiqueta: NO CONTIENE GLUTEN"],"ingredients":[],"ean":"5010677710442"},{"full_name":"BOMBAY Sapphire East ginebra premium botella 70 cl","name":"Sapphire East ginebra premium botella 70 cl","brand":"BOMBAY ","img":"https://sgfm.elcorteingles.es/SGFM/dctm/MEDIA02/CONTENIDOS/201408/22/00118720800996____1__600x600.jpg","price":"23,41 €","price_unit":"(33,44 € / Litro)","categories":["Supermercado","Bebidas","Licores y Alcoholes","Ginebra","Ginebra","BOMBAY Sapphire East ginebra premium botella 70 cl"],"general_information":["Denominación del alimento: GIN","País de origen: Reino Unido","Nombre del operador: BACARDI ESPAÑA, S.A.","Dirección del operador: CALLE DE VELÁZQUEZ, 51, 28001 MADRID","Cantidad Neta: 70 Centilitros","Porcentaje de alcohol: 42%","Otras menciones obligatorias en la etiqueta: NO CONTIENE GLUTEN"],"ingredients":[],"ean":"5010677180016"},{"full_name":"BOMBAY Star Of ginebra botella 70 cl","name":"Star Of ginebra botella 70 cl","brand":"BOMBAY ","img":"https://sgfm.elcorteingles.es/SGFM/dctm/MEDIA02/CONTENIDOS/201505/21/00118720801093____1__600x600.jpg","price":"33,92 €","price_unit":"(48,46 € / Litro)","categories":["Supermercado","Bebidas","Licores y Alcoholes","Ginebra","Ginebra","BOMBAY Star Of ginebra botella 70 cl"],"general_information":["Denominación del alimento: GIN","País de origen: Reino Unido","Nombre del operador: BACARDI ESPAÑA, S.A.","Dirección del operador: CALLE DE VELÁZQUEZ, 51, 28001 MADRID","Cantidad Neta: 70 Centilitros","Porcentaje de alcohol: 47.5%","Otras menciones obligatorias en la etiqueta: NO CONTIENE GLUTEN"],"ingredients":[],"ean":"5010677360074"},{"full_name":"BULLDOG ginebra inglesa botella 70 cl","name":"ginebra inglesa botella 70 cl","brand":"BULLDOG ","img":"https://sgfm.elcorteingles.es/SGFM/00/83/0/0118720800830/0118720800830000g01011.jpg","price":"22,95 €","price_unit":"(32,79 € / Litro)","categories":["Supermercado","Bebidas","Licores y Alcoholes","Ginebra","Ginebra","BULLDOG ginebra inglesa botella 70 cl"],"general_information":["Denominación del alimento: Ginebra","Nombre del operador: Campari España S.L","Dirección del operador: c/ Marina 16-18, CP 08005 Barcelona","Cantidad Neta: 70 Centilitros","Porcentaje de alcohol: 40%"],"ingredients":[],"ean":"0897076002010"},{"full_name":"BULLDOG ginebra botella 1,75 l","name":"ginebra botella 1,75 l","brand":"BULLDOG ","img":"https://sgfm.elcorteingles.es/SGFM/dctm/MEDIA03/201709/21/00118720801390____1__600x600.jpg","price":"59,00 €            ","categories":["Supermercado","Bebidas","Licores y Alcoholes","Ginebra","Ginebra","BULLDOG ginebra botella 1,75 l"],"general_information":["Cantidad Neta: 1,75 l"],"ingredients":[],"ean":"0897076002065"},{"full_name":"GREENALL'S ginebra inglesa botella 70 cl","name":"ginebra inglesa botella 70 cl","brand":"GREENALL'S ","img":"https://sgfm.elcorteingles.es/SGFM/00/66/5/0118720800665/0118720800665000g01011.jpg","price":"13,75 €            ","price_unit":"(16,43 € / Litro)","categories":["Supermercado","Bebidas","Licores y Alcoholes","Ginebra","Ginebra","GREENALL'S ginebra inglesa botella 70 cl"],"general_information":["Denominación del alimento: GINEBRA","Nombre del operador: G & J  DISTILLERS","Dirección del operador: MELBURNE PARK ,CLAYTON ROAD WARRINGTON ,CHESHIRE WA3 6PH, ENGLAND","Cantidad Neta: 70 Centilitros","Porcentaje de alcohol: 40%"],"ingredients":[],"ean":"5010296160321"},{"full_name":"GREENALL'S ginebra sabor a frutos rojos 70 cl","name":"ginebra sabor a frutos rojos  70 cl","brand":"GREENALL'S ","img":"https://sgfm.elcorteingles.es/SGFM/dctm/MEDIA03/201611/25/00118723401198____1__600x600.jpg","price":"13,14 €","categories":["Supermercado","Bebidas","Licores y Alcoholes","Ginebra","Ginebra","GREENALL'S ginebra sabor a frutos rojos 70 cl"],"general_information":["Cantidad Neta: 70 cl"],"ingredients":[],"ean":"5010296001532"},{"full_name":"XORIGUER ginebra de Mahón botella 70 cl","name":"ginebra de Mahón botella 70 cl","brand":"XORIGUER ","img":"https://sgfm.elcorteingles.es/SGFM//00/79/4/0118723400794/0118723400794000g01011.jpg","price":"12,15 €","price_unit":"(17,36 € / Litro)","categories":["Supermercado","Bebidas","Licores y Alcoholes","Ginebra","Ginebra","XORIGUER ginebra de Mahón botella 70 cl"],"general_information":["Denominación del alimento: Ginebra","País de origen: España","Nombre del operador: Bodegas Tunel S.A.","Dirección del operador: Av. Príncipes de España, 3 (0741 Marratxi, Mallorca).","Lugar de procedencia del alimento: Menorca - España","Cantidad Neta: 70 Centilitros","Porcentaje de alcohol: 38%"],"ingredients":[],"ean":"8411038010015"},{"full_name":"SIPSMITH ginebra botella 70 cl","name":"ginebra botella 70 cl","brand":"SIPSMITH ","img":"https://sgfm.elcorteingles.es/SGFM/dctm/MEDIA03/201709/21/00118720801382____1__600x600.jpg","price":"32,95 €","categories":["Supermercado","Bebidas","Licores y Alcoholes","Ginebra","Ginebra","SIPSMITH ginebra botella 70 cl"],"general_information":["Cantidad Neta: 70 cl"],"ingredients":[],"ean":"5060204340000"},{"full_name":"NORDES ginebra gallega botella 70 cl","name":"ginebra gallega botella 70 cl","brand":"NORDES ","img":"https://sgfm.elcorteingles.es/SGFM/dctm/MEDIA03/201609/07/00118723400687____1__600x600.jpg","price":"25,91 €            ","price_unit":"(34,79 € / Litro)","categories":["Supermercado","Bebidas","Licores y Alcoholes","Ginebra","Ginebra","NORDES ginebra gallega botella 70 cl"],"general_information":["Denominación del alimento: Ginebra","País de origen: España","Nombre del operador: Atlantic Galician Spirits, S.L.U.","Dirección del operador: C/Aguardientes de Galicia, S.A. - 15885 San Pedro de Sarandon - VEDRA- A Coruña","Cantidad Neta: 70 Centilitros","Porcentaje de alcohol: 40%","Otras menciones obligatorias en la etiqueta: www.disfruta-de-un-consumo-responsable.com"],"ingredients":[" Fever Tree 2x20clAgua mineral natural, azúcar de caña, anhídrido carbónico, acidulante ácido cítrico, aromas naturales incluyendo aroma a quinina."],"conservation":" Fever Tree# Producto presurizado. No agitar antes de abrir. Proteger de la luz solar. Contiene Quinina","ean":"8435449501085"},{"full_name":"BOTANIC Premium ginebra botella 70 cl","name":"Premium ginebra botella 70 cl","brand":"BOTANIC ","img":"https://sgfm.elcorteingles.es/SGFM/00/02/9/0200620800029/0200620800029000g01011.jpg","price":"22,55 €            ","price_unit":"(28,50 € / Litro)","categories":["Supermercado","Bebidas","Licores y Alcoholes","Ginebra","Ginebra","BOTANIC Premium ginebra botella 70 cl"],"general_information":["Cantidad Neta: 70 cl"],"ingredients":[],"ean":"8410028900770"},{"full_name":"THE BOTANICAL'S Premium ginebra botella 70 cl","name":"Premium ginebra botella 70 cl","brand":"THE BOTANICAL'S ","img":"https://sgfm.elcorteingles.es/SGFM/dctm/MEDIA03/201611/17/00118720800806____2__600x600.jpg","price":"28,95 €","price_unit":"(41,36 € / Litro)","categories":["Supermercado","Bebidas","Licores y Alcoholes","Ginebra","Ginebra","THE BOTANICAL'S Premium ginebra botella 70 cl"],"general_information":["Denominación del alimento: Ginebra","País de origen: Reino Unido","Nombre del operador: CENTRAL HISÚMER S.L.","Dirección del operador: Crta. Hurchillo 10 - 03300 Orihuela (Alicante)","Lugar de procedencia del alimento: Londres, Reino Unido","Cantidad Neta: 70 Centilitros","Porcentaje de alcohol: 42.5%","Otras menciones obligatorias en la etiqueta: The Botanical´s Premium London Dry Gin es un ginebra suave y elegante. La denominación ?London Dry Gin? nos dice que el carácter a enebro está presente, combinado con matices cítricos y florales. Sin duda The Botanical´s Gin marcará un antes y un después en el mundo de la ginebra. La fusión de estos aromas botánicos junto a un alcohol (cinco veces destilado) procedente del trigo de la más alta calidad, crean una ginebra única, de edición limitada y destilada de forma artesanal en pequeños alambiques de cobre John Dore (estimado como el Rolls Royce de los alambiques). Las plantas botánicas utilizadas proceden de diversos rincones del mundo. Todas ellas han sido seleccionadas aplicando un estricto control de calidad para luego ser recolectadas a mano. Los servicios sanitarios ingleses recomiendan que el consumo adulto no exceda regularmente: para hombres 3-4 unidades diarias, para mujeres: 2-3 unidades diarias. No apto para embarazadas."],"ingredients":[],"ean":"5060160110013"},{"full_name":"BOTANIC Ultrapremium ginebra botella 70 cl","name":"Ultrapremium ginebra botella 70 cl","brand":"BOTANIC ","img":"https://sgfm.elcorteingles.es/SGFM/00/02/0/0118720800020/0118720800020000g01011.jpg","price":"35,29 €","price_unit":"(50,41 € / Litro)","categories":["Supermercado","Bebidas","Licores y Alcoholes","Ginebra","Ginebra","BOTANIC Ultrapremium ginebra botella 70 cl"],"general_information":["Cantidad Neta: 70 cl"],"ingredients":[],"ean":"8410028900794"},{"full_name":"BOTANIC Kiss ginebra rosada botella 70 cl","name":"Kiss ginebra rosada botella 70 cl","brand":"BOTANIC ","img":"https://sgfm.elcorteingles.es/SGFM/dctm/MEDIA03/201607/04/00118720801259____1__600x600.jpg","price":"22,53 €","categories":["Supermercado","Bebidas","Licores y Alcoholes","Ginebra","Ginebra","BOTANIC Kiss ginebra rosada botella 70 cl"],"general_information":["Cantidad Neta: 70 cl"],"ingredients":[],"ean":"8410028901586"},{"full_name":"LARIOS ginebra premium mediterranea 150 aniversario botella 70 cl","name":"ginebra premium mediterranea 150 aniversario botella 70 cl","brand":"LARIOS ","img":"https://sgfm.elcorteingles.es/SGFM/dctm/MEDIA03/201611/02/00118720801291____1__600x600.jpg","price":"22,49 €","price_unit":"(32,13 € / Litro)","categories":["Supermercado","Bebidas","Licores y Alcoholes","Ginebra","Ginebra","LARIOS ginebra premium mediterranea 150 aniversario botella 70 cl"],"general_information":["Cantidad Neta: 70 cl"],"ingredients":[],"ean":"8411144100549"},{"full_name":"LARIOS ginebra botella 1,5 l","name":"ginebra botella 1,5 l","brand":"LARIOS ","img":"https://sgfm.elcorteingles.es/SGFM/dctm/MEDIA02/CONTENIDOS/201511/18/00118723400893____1__600x600.jpg","price":"15,16 €","price_unit":"(10,11 € / Litro)","categories":["Supermercado","Bebidas","Licores y Alcoholes","Ginebra","Ginebra","LARIOS ginebra botella 1,5 l"],"general_information":["Denominación del alimento: Ginebra","Nombre del operador: Maxxium España, S.L","Dirección del operador: C/ Mahonia, 2 - 28043 Madrid","Cantidad Neta: 150 Centilitros","Porcentaje de alcohol: 37.5%"],"ingredients":[],"ean":"8411144100273"},{"full_name":"LARIOS ginebra botella 1 l","name":"ginebra botella 1 l","brand":"LARIOS ","img":"https://sgfm.elcorteingles.es/SGFM/dctm/MEDIA02/CONTENIDOS/201511/18/00118723400109____1__600x600.jpg","price":"10,95 €            ","price_unit":"(10,45 € / Litro)","categories":["Supermercado","Bebidas","Licores y Alcoholes","Ginebra","Ginebra","LARIOS ginebra botella 1 l"],"general_information":["Denominación del alimento: Ginebra","Nombre del operador: Maxxium España, S.L","Dirección del operador: C/ Mahonia, 2 - 28043 Madrid","Cantidad Neta: 100 Centilitros","Porcentaje de alcohol: 37.5%"],"ingredients":[],"ean":"8411144100082"},{"full_name":"LARIOS ginebra botella 70 cl","name":"ginebra botella 70 cl","brand":"LARIOS ","img":"https://sgfm.elcorteingles.es/SGFM/dctm/MEDIA02/CONTENIDOS/201511/18/00118723400786____1__600x600.jpg","price":"8,15 €            ","price_unit":"(11,07 € / Litro)","categories":["Supermercado","Bebidas","Licores y Alcoholes","Ginebra","Ginebra","LARIOS ginebra botella 70 cl"],"general_information":["Denominación del alimento: Ginebra","Nombre del operador: Maxxium España, S.L","Dirección del operador: C/ Mahonia, 2 - 28043 Madrid","Cantidad Neta: 70 Centilitros","Porcentaje de alcohol: 37.5%"],"ingredients":[],"ean":"8411144100068"},{"full_name":"LARIOS 12 ginebra premium botella 70 cl","name":"12 ginebra premium botella 70 cl","brand":"LARIOS ","img":"https://sgfm.elcorteingles.es/SGFM/dctm/MEDIA03/201611/02/00118720800608____1__600x600.jpg","price":"13,19 €            ","price_unit":"(18,21 € / Litro)","categories":["Supermercado","Bebidas","Licores y Alcoholes","Ginebra","Ginebra","LARIOS 12 ginebra premium botella 70 cl"],"general_information":["Cantidad Neta: 70 cl"],"ingredients":[],"ean":"8410854602619"},{"full_name":"LARIOS ginebra embase pet botella 1 l","name":"ginebra embase pet botella 1 l","brand":"LARIOS ","img":"https://sgfm.elcorteingles.es/SGFM/dctm/MEDIA02/CONTENIDOS/201411/05/00118723400844____1__600x600.jpg","price":"12,19 €","price_unit":"(12,19 € / Litro)","categories":["Supermercado","Bebidas","Licores y Alcoholes","Ginebra","Ginebra","LARIOS ginebra embase pet botella 1 l"],"general_information":["Denominación del alimento: Ginebra","Nombre del operador: Maxxium España, S.L","Dirección del operador: C/ Mahonia, 2 - 28043 Madrid","Cantidad Neta: 100 Centilitros","Porcentaje de alcohol: 37.5%"],"ingredients":[],"ean":"8411144100266"},{"full_name":"LARIOS ginebra rosé botella 70 cl","name":"ginebra rosé botella 70 cl","brand":"LARIOS ","img":"https://sgfm.elcorteingles.es/SGFM/dctm/MEDIA03/201711/29/00118723400919____7__600x600.jpg","price":"13,77 €            ","price_unit":"(18,21 € / Litro)","categories":["Supermercado","Bebidas","Licores y Alcoholes","Ginebra","Ginebra","LARIOS ginebra rosé botella 70 cl"],"general_information":["Denominación del alimento: Ginebra","Nombre del operador: Maxxium España, S.L","Dirección del operador: C/ Mahonia, 2 - 28043 Madrid","Cantidad Neta: 70 Centilitros","Porcentaje de alcohol: 37.5%"],"ingredients":[],"ean":"8411144100402"},{"full_name":"HENDRICK'S ginebra escocesa botella 70 cl","name":"ginebra escocesa botella 70 cl","brand":"HENDRICK'S ","img":"https://sgfm.elcorteingles.es/SGFM/00/50/9/0118720800509/0118720800509000g01011.jpg","price":"33,97 €            ","price_unit":"(47,13 € / Litro)","categories":["Supermercado","Bebidas","Licores y Alcoholes","Ginebra","Ginebra","HENDRICK'S ginebra escocesa botella 70 cl"],"general_information":["Cantidad Neta: 70 cl","Porcentaje de alcohol: 44%","Notas de cata Hendrick's es una ginebra escocesa Premium, fabricada por Williams Grant & Sons y conocida mundialmente como \"la ginebra pepino\". \nLas especias utilizadas son enebro, naranja, cáscara de limón, cilantro, angélica y comino. Se diferencia de otras por la adición de extracto de pétalos de rosas búlgaras y de pepino.\nSe presenta en una botella de 70 cl, de estilo victoriano oscura, imitando las antiguas botellas de las boticas."],"ingredients":[],"ean":"8414322154013"},{"full_name":"G' VINE Floraison ginebra de Francia botella 70 cl","name":"Floraison ginebra de Francia botella 70 cl","brand":"G' VINE ","img":"https://sgfm.elcorteingles.es/SGFM/00/56/6/0118720800566/0118720800566000g01011.jpg","price":"37,62 €            ","price_unit":"(52,07 € / Litro)","categories":["Supermercado","Bebidas","Licores y Alcoholes","Ginebra","Ginebra","G' VINE Floraison ginebra de Francia botella 70 cl"],"general_information":["Cantidad Neta: 70 cl"],"ingredients":[],"ean":"3700209691500"},{"full_name":"Nº3 ginebra inglesa botella 70 cl","name":"ginebra inglesa botella 70 cl","brand":"Nº3 ","img":"https://sgfm.elcorteingles.es/SGFM//00/96/2/0118720800962/0118720800962000g01011.jpg","price":"35,72 €            ","price_unit":"(49,29 € / Litro)","categories":["Supermercado","Bebidas","Licores y Alcoholes","Ginebra","Ginebra","Nº3 ginebra inglesa botella 70 cl"],"general_information":["Denominación del alimento: Ginebra","Nombre del operador: Maxxium España, S.L","Dirección del operador: C/ Mahonia, 2 - 28043 Madrid","Cantidad Neta: 70 Centilitros","Porcentaje de alcohol: 46.0%"],"ingredients":[],"ean":"5010493025775"},{"full_name":"OLD LADY'S ginebra premium botella 70 cl","name":"ginebra premium botella 70 cl","brand":"OLD LADY'S ","img":"https://sgfm.elcorteingles.es/SGFM/00/45/9/0118720800459/0118720800459000g01011.jpg","price":"19,95 €","price_unit":"(28,50 € / Litro)","categories":["Supermercado","Bebidas","Licores y Alcoholes","Ginebra","Ginebra","OLD LADY'S ginebra premium botella 70 cl"],"general_information":["Denominación del alimento: London Dry Gin","Nombre del operador: Marie Brizard Wine & Spirits España, S.A.","Dirección del operador: C/ Capitán Haya, 56 ? Bajo. 28020  Madrid","Lugar de procedencia del alimento: London Dry Gin","Cantidad Neta: 70 Centilitros","Porcentaje de alcohol: 40%","Notas de cata Aspecto: Líquido, cristalino y limpio.\nAroma: Característico del enebro.\nSabor: Poderoso, floral y con notas frescas y afrutadas propias de las bayas de enebro."],"ingredients":[" Proceso de doble destilación de los siguientes ingredientes: bayas de enebro, cilantro, angélica y raíces de iris, corteza de casia, piel de naranja y limón"],"conservation":" Conservar en un lugar fresco y seco. Evitar la exposición directa del sol.","ean":"3041311027741"},{"full_name":"MOMBASA Club ginebra inglesa botella 70 cl","name":"Club ginebra inglesa botella 70 cl","brand":"MOMBASA ","img":"https://sgfm.elcorteingles.es/SGFM/00/59/0/0118720800590/0118720800590000g01011.jpg","price":"21,95 €            ","price_unit":"(29,64 € / Litro)","categories":["Supermercado","Bebidas","Licores y Alcoholes","Ginebra","Ginebra","MOMBASA Club ginebra inglesa botella 70 cl"],"general_information":["Denominación del alimento: Ginebra","País de origen: Reino Unido","Nombre del operador: Unesdi Distribuciones S.A.","Dirección del operador: Aurora 11, 2º - 9. Puerto de Sta. María. 11500 Cádiz.","Lugar de procedencia del alimento: Reino Unido","Cantidad Neta: 70 Centilitros","Porcentaje de alcohol: 41.5%","Otras menciones obligatorias en la etiqueta: Mombasa Club Gin se elabora hoy día mediante la utilización de las más selectas hierbas y plantas aromáticas reproduciendo fielmente aquella exclusiva receta que nos remite a su auténtico sabor original."],"ingredients":[],"ean":"8437011284006"},{"full_name":"MOMBASA ginebra strawberry botella 70 cl","name":"ginebra strawberry botella 70 cl","brand":"MOMBASA ","img":"https://sgfm.elcorteingles.es/SGFM/dctm/MEDIA03/201609/16/00118723401149____1__600x600.jpg","price":"15,25 €","price_unit":"(21,79 € / Litro)","categories":["Supermercado","Bebidas","Licores y Alcoholes","Ginebra","Ginebra","MOMBASA ginebra strawberry botella 70 cl"],"general_information":["Denominación del alimento: Ginebra","Nombre del operador: Unesdi Distribuciones S.A.","Dirección del operador: Aurora 11, 2º - 9. Puerto de Sta. María. 11500 Cádiz.","Cantidad Neta: 70 Centilitros","Otras menciones obligatorias en la etiqueta: Un nuevo estilo de ginebra afrutada, que mantiene la personalidad de una clásica London Dry, infusionada con una cuidada selección de fresas y frutos rojos."],"ingredients":[],"conservation":"Modo de empleo: 37.5","ean":"8437011284082"},{"full_name":"LOLA Y VERA ginebra de autor de Madrid botella 70 cl","name":"ginebra de autor de Madrid botella 70 cl","brand":"LOLA Y VERA ","img":"https://sgfm.elcorteingles.es/SGFM/dctm/MEDIA03/201602/24/00200620801142____1__600x600.jpg","price":"28,64 €","categories":["Supermercado","Bebidas","Licores y Alcoholes","Ginebra","Ginebra","LOLA Y VERA ginebra de autor de Madrid botella 70 cl"],"general_information":["Cantidad Neta: 70 cl"],"ingredients":[],"ean":"8437014321074"},{"full_name":"COOL GIN ginebra premium mora y frambuesa botella 70 cl","name":"ginebra premium mora y frambuesa botella 70 cl","brand":"COOL GIN ","img":"https://sgfm.elcorteingles.es/SGFM//00/94/7/0118720800947/0118720800947000g01011.jpg","price":"28,61 €            ","price_unit":"(31,36 € / Litro)","categories":["Supermercado","Bebidas","Licores y Alcoholes","Ginebra","Ginebra","COOL GIN ginebra premium mora y frambuesa botella 70 cl"],"general_information":["Cantidad Neta: 70 cl"],"ingredients":[],"ean":"8437003085338"},{"full_name":"BROKERS ginebra premium London botella 70 cl","name":"ginebra premium London botella 70 cl","brand":"BROKERS ","img":"https://sgfm.elcorteingles.es/SGFM/dctm/MEDIA02/CONTENIDOS/201409/02/00118723400828____1__600x600.jpg","price":"14,74 €","price_unit":"(21,06 € / Litro)","categories":["Supermercado","Bebidas","Licores y Alcoholes","Ginebra","Ginebra","BROKERS ginebra premium London botella 70 cl"],"general_information":["Cantidad Neta: 70 cl"],"ingredients":[],"ean":"5060017740011"},{"full_name":"GIRO ginebra premiun especial cocktails botella 1 l","name":"ginebra premiun especial cocktails botella 1 l","brand":"GIRO ","img":"https://sgfm.elcorteingles.es/SGFM/00/05/9/0118723400059/0118723400059000g01011.jpg","price":"14,50 €            ","price_unit":"(10,49 € / Litro)","categories":["Supermercado","Bebidas","Licores y Alcoholes","Ginebra","Ginebra","GIRO ginebra premiun especial cocktails botella 1 l"],"general_information":["Denominación del alimento: Gin","Nombre del operador: BARDINET,S.A.","Dirección del operador: Cami Can Valls s/n 08790 Gelida","Cantidad Neta: 100 Centilitros","Porcentaje de alcohol: 37,5%"],"ingredients":[],"ean":"8410490265322"},{"full_name":"GET BACK Pink ginebra edición limitada botella 70 cl","name":"Pink ginebra edición limitada botella 70 cl","brand":"GET BACK ","img":"https://sgfm.elcorteingles.es/SGFM/dctm/MEDIA03/201608/04/00118723401107____1__600x600.jpg","price":"12,55 €","price_unit":"(17,93 € / Litro)","categories":["Supermercado","Bebidas","Licores y Alcoholes","Ginebra","Ginebra","GET BACK Pink ginebra edición limitada botella 70 cl"],"general_information":["Cantidad Neta: 70 cl"],"ingredients":[],"ean":"8410512006148"},{"full_name":"1211 ginebra Premium botella 70 cl","name":"ginebra Premium botella 70 cl","brand":"1211 ","img":"https://sgfm.elcorteingles.es/SGFM//00/93/9/0118720800939/0118720800939000g01011.jpg","price":"20,24 €            ","price_unit":"(23,79 € / Litro)","categories":["Supermercado","Bebidas","Licores y Alcoholes","Ginebra","Ginebra","1211 ginebra Premium botella 70 cl"],"general_information":["Cantidad Neta: 70 cl"],"ingredients":[],"ean":"8437003085321"},{"full_name":"1211 Aurum ginebra premium envejecida en barrica y con láminas de oro botella 70 cl","name":"Aurum ginebra premium envejecida en barrica y con láminas de oro botella 70 cl","brand":"1211 ","img":"https://sgfm.elcorteingles.es/SGFM//00/95/4/0118720800954/0118720800954000g01011.jpg","price":"54,41 €            ","price_unit":"(58,50 € / Litro)","categories":["Supermercado","Bebidas","Licores y Alcoholes","Ginebra","Ginebra","1211 Aurum ginebra premium envejecida en barrica y con láminas de oro botella 70 cl"],"general_information":["Cantidad Neta: 70 cl"],"ingredients":[],"ean":"8437003085383"},{"full_name":"PUERTO DE INDIAS ginebra Pure Black Editión botella 70 cl","name":"ginebra Pure Black Editión botella 70 cl","brand":"PUERTO DE INDIAS ","img":"https://sgfm.elcorteingles.es/SGFM/dctm/MEDIA02/CONTENIDOS/201601/20/00200623400934____1__600x600.jpg","price":"15,53 €            ","categories":["Supermercado","Bebidas","Licores y Alcoholes","Ginebra","Ginebra","PUERTO DE INDIAS ginebra Pure Black Editión botella 70 cl"],"general_information":["Denominación del alimento: Sevillian Gin Premium Pure Black Edition Dry","Nombre del operador: Los Alcores de Carmona, S.L.","Dirección del operador: Finca de Brenes, Ctra. Carmona - El Viso s/n, 41410 Carmona, Sevilla.","Cantidad Neta: 70 Centilitros","Porcentaje de alcohol: 40%"],"ingredients":[],"ean":"8437004142351"},{"full_name":"PUERTO DE INDIAS ginebra premium seca botella 70 cl","name":"ginebra premium seca botella 70 cl","brand":"PUERTO DE INDIAS ","img":"https://sgfm.elcorteingles.es/SGFM/dctm/MEDIA03/201602/29/00118723400802____2__600x600.jpg","price":"13,78 €            ","price_unit":"(19,07 € / Litro)","categories":["Supermercado","Bebidas","Licores y Alcoholes","Ginebra","Ginebra","PUERTO DE INDIAS ginebra premium seca botella 70 cl"],"general_information":["Denominación del alimento: Sevillian Gin Premium Classic","Nombre del operador: Los Alcores de Carmona, S.L.","Dirección del operador: Finca de Brenes, Ctra. Carmona - El Viso s/n, 41410 Carmona, Sevilla.","Cantidad Neta: 70 Centilitros","Porcentaje de alcohol: 40%"],"ingredients":[],"ean":"8437004142122"},{"full_name":"PUERTO DE INDIAS ginebra premium de fresas botella 70 cl","name":"ginebra premium de fresas botella 70 cl","brand":"PUERTO DE INDIAS ","img":"https://sgfm.elcorteingles.es/SGFM/dctm/MEDIA02/CONTENIDOS/201512/09/00118723400810____2__600x600.jpg","price":"16,06 €            ","price_unit":"(20,43 € / Litro)","categories":["Supermercado","Bebidas","Licores y Alcoholes","Ginebra","Ginebra","PUERTO DE INDIAS ginebra premium de fresas botella 70 cl"],"general_information":["Denominación del alimento: Sevillian Gin Premium Strawberry","Nombre del operador: Los Alcores de Carmona, S.L.","Dirección del operador: Finca de Brenes, Ctra. Carmona - El Viso s/n, 41410 Carmona, Sevilla.","Cantidad Neta: 70 Centilitros","Porcentaje de alcohol: 37.5%"],"ingredients":[],"ean":"8437004142115"},{"full_name":"WINT & LILA ginebra premiun London dry con flor de azahar de Sevilla botella 70 cl","name":"ginebra premiun London dry con flor de azahar de Sevilla botella 70 cl","brand":"WINT & LILA ","img":"https://sgfm.elcorteingles.es/SGFM/dctm/MEDIA02/CONTENIDOS/201410/01/00118720801002____1__600x600.jpg","price":"18,36 €","price_unit":"(26,23 € / Litro)","categories":["Supermercado","Bebidas","Licores y Alcoholes","Ginebra","Ginebra","WINT & LILA ginebra premiun London dry con flor de azahar de Sevilla botella 70 cl"],"general_information":["Denominación del alimento: Ginebra seca","Nombre del operador: Casalbor, S.L.U.","Dirección del operador: Torneo Parque Empresaria, nº 2, C/ Arquitectura, Torre 11, Planta 6ª, Módulo 11 - 41015 Sevilla, España","Cantidad Neta: 70 Centilitros","Porcentaje de alcohol: 40.0%"],"ingredients":[],"ean":"8437009934418"},{"full_name":"M.G. ginebra española 70 cl","name":"ginebra española  70 cl","brand":"M.G. ","img":"https://sgfm.elcorteingles.es/SGFM/dctm/MEDIA03/201711/24/00118723401297____1__600x600.jpg","price":"11,45 €","categories":["Supermercado","Bebidas","Licores y Alcoholes","Ginebra","Ginebra","M.G. ginebra española 70 cl"],"general_information":["Cantidad Neta: 70 cl"],"ingredients":[],"ean":"8411640010427"},{"full_name":"M.G. ginebra fresa botella 70 cl","name":"ginebra fresa botella 70 cl","brand":"M.G. ","img":"https://sgfm.elcorteingles.es/SGFM/dctm/MEDIA03/201712/14/00118723401305____1__600x600.jpg","price":"13,50 €","categories":["Supermercado","Bebidas","Licores y Alcoholes","Ginebra","Ginebra","M.G. ginebra fresa botella 70 cl"],"general_information":["Cantidad Neta: 70 cl"],"ingredients":[],"ean":"8411640010434"},{"full_name":"MOM Royal Smoothnes ginebra botella 70 cl","name":"Royal Smoothnes ginebra botella 70 cl","brand":"MOM ","img":"https://sgfm.elcorteingles.es/SGFM/dctm/MEDIA02/CONTENIDOS/201501/09/00118720801069____1__600x600.jpg","price":"21,36 €            ","price_unit":"(29,93 € / Litro)","categories":["Supermercado","Bebidas","Licores y Alcoholes","Ginebra","Ginebra","MOM Royal Smoothnes ginebra botella 70 cl"],"general_information":["Denominación del alimento: Ginebra","País de origen: Reino Unido","Nombre del operador: Gonzalez Byass S.A.","Dirección del operador: Manuel Mª González 12, 11403 JEREZ DE LA FRONTERA","Lugar de procedencia del alimento: Jerez de la Frontera","Cantidad Neta: 70,0 Centilitros","Porcentaje de alcohol: 39,5%"],"ingredients":[],"ean":"8410023032230"},{"full_name":"NEW BERRY ginebra botella 70 cl","name":"ginebra botella 70 cl","brand":"NEW BERRY ","img":"https://sgfm.elcorteingles.es/SGFM/dctm/MEDIA02/CONTENIDOS/201511/19/00118723400976____1__600x600.jpg","price":"16,76 €            ","categories":["Supermercado","Bebidas","Licores y Alcoholes","Ginebra","Ginebra","NEW BERRY ginebra botella 70 cl"],"general_information":["Cantidad Neta: 70 cl"],"ingredients":[],"ean":"8437003085420"},{"full_name":"BRUNI Collin's ginebra original botella 70 cl","name":"Collin's ginebra original botella 70 cl","brand":"BRUNI ","img":"https://sgfm.elcorteingles.es/SGFM/dctm/MEDIA02/CONTENIDOS/201504/17/00118720801077____1__600x600.jpg","price":"28,08 €","price_unit":"(40,11 € / Litro)","categories":["Supermercado","Bebidas","Licores y Alcoholes","Ginebra","Ginebra","BRUNI Collin's ginebra original botella 70 cl"],"general_information":["Cantidad Neta: 70 cl"],"ingredients":[],"ean":"8423183777774"},{"full_name":"PORTOMAGNO ginebra strawberry botella 70 cl","name":"ginebra strawberry botella 70 cl","brand":"PORTOMAGNO ","img":"https://sgfm.elcorteingles.es/SGFM/dctm/MEDIA02/CONTENIDOS/201602/01/00200623400959____1__600x600.jpg","price":"9,62 €","categories":["Supermercado","Bebidas","Licores y Alcoholes","Ginebra","Ginebra","PORTOMAGNO ginebra strawberry botella 70 cl"],"general_information":["Cantidad Neta: 70 cl"],"ingredients":[],"ean":"8437014810028"},{"full_name":"O'VENTOSELA ginebra de Galicia botella 70 cl","name":"ginebra de Galicia botella 70 cl","brand":"O'VENTOSELA ","img":"https://sgfm.elcorteingles.es/SGFM/dctm/MEDIA02/CONTENIDOS/201509/10/00118723400927____1__600x600.jpg","price":"17,56 €","price_unit":"(25,09 € / Litro)","categories":["Supermercado","Bebidas","Licores y Alcoholes","Ginebra","Ginebra","O'VENTOSELA ginebra de Galicia botella 70 cl"],"general_information":["Denominación del alimento: Ginegra","Nombre del operador: Bodegas O'Ventosela S.L.","Dirección del operador: C/ Asturias Nº4 Bajo","Cantidad Neta: 0.70 Centilitros","Porcentaje de alcohol: 40%"],"ingredients":[],"ean":"8414736002009"},{"full_name":"BARBER ginebra inglesa botella 70 cl","name":"ginebra inglesa botella 70 cl","brand":"BARBER ","img":"https://sgfm.elcorteingles.es/SGFM/dctm/MEDIA03/201609/02/00118723401115____1__600x600.jpg","price":"10,63 €","price_unit":"(15,19 € / Litro)","categories":["Supermercado","Bebidas","Licores y Alcoholes","Ginebra","Ginebra","BARBER ginebra inglesa botella 70 cl"],"general_information":["Cantidad Neta: 70 cl"],"ingredients":[],"ean":"8410161203080"},{"full_name":"CITY OF LONDON ginebra botella 70 cl","name":"ginebra botella 70 cl","brand":"CITY OF LONDON ","img":"https://sgfm.elcorteingles.es/SGFM/dctm/MEDIA02/CONTENIDOS/201510/29/00118723400950____1__600x600.jpg","price":"10,79 €            ","price_unit":"(14,21 € / Litro)","categories":["Supermercado","Bebidas","Licores y Alcoholes","Ginebra","Ginebra","CITY OF LONDON ginebra botella 70 cl"],"general_information":["Denominación del alimento: Ginebra","País de origen: Reino Unido","Nombre del operador: CENTRAL HISÚMER S.L.","Dirección del operador: Crta. Hurchillo 10 - 03300 Orihuela (Alicante)","Lugar de procedencia del alimento: Reino Unido","Cantidad Neta: 700 Mililitros","Porcentaje de alcohol: 40.0%","Otras menciones obligatorias en la etiqueta: Ginebra producida por lotes según la exigencias London Dry Gin. Producida en Londres, Reino Unido. No apto para embarazadas."],"ingredients":[],"ean":"5021692650071"},{"full_name":"GINIAL ginebra botella 70 cl","name":"ginebra botella 70 cl","brand":"GINIAL ","img":"https://sgfm.elcorteingles.es/SGFM/dctm/MEDIA03/201603/08/00118723401008____1__600x600.jpg","price":"14,83 €","categories":["Supermercado","Bebidas","Licores y Alcoholes","Ginebra","Ginebra","GINIAL ginebra botella 70 cl"],"general_information":["Denominación del alimento: Bebida espirituosa hecha a base de Ginebra","País de origen: España","Nombre del operador: Pernod Ricard España","Dirección del operador: Avda. José Ortega y Gasset, 201 ? 5ª Planta   29006 MALAGA","Cantidad Neta: 70 Centilitros","Porcentaje de alcohol: 25%","Otras menciones obligatorias en la etiqueta: No contiene ninguna de las sustancias o productos que causan alergias o intolerancias recogidos en el anexo II del Reglamento 1169/2011. Nuestros productos están etiquetados de acuerdo a las reglas legales y de mercado sobre etiquetado de bebidas espirituosas","Notas de cata Bebida espirituosa, ligera a base de enebrocon la delicadeza de las flores de hibisco y flores de saúco."],"ingredients":[],"conservation":" Conservar alejada de luces intensas y en lugares con temperatura fresca y constante, en posición vertical.","ean":"8410045101341"},{"full_name":"GINIAL ginebra rose botella 70 cl","name":"ginebra rose botella 70 cl","brand":"GINIAL ","img":"https://sgfm.elcorteingles.es/SGFM/dctm/MEDIA03/201612/21/00118723401206____1__600x600.jpg","price":"15,95 €","price_unit":"(22,79 € / Litro)","categories":["Supermercado","Bebidas","Licores y Alcoholes","Ginebra","Ginebra","GINIAL ginebra rose botella 70 cl"],"general_information":["Denominación del alimento: Bebida espirituosa hecha a base de Ginebra","País de origen: España","Nombre del operador: Pernod Ricard España","Dirección del operador: Avda. José Ortega y Gasset, 201 ? 5ª Planta   29006 MALAGA","Cantidad Neta: 70 Centilitros","Porcentaje de alcohol: 25%","Otras menciones obligatorias en la etiqueta: No contiene ninguna de las sustancias o productos que causan alergias o intolerancias recogidos en el anexo II del Reglamento 1169/2011. Nuestros productos están etiquetados de acuerdo a las reglas legales y de mercado sobre etiquetado de bebidas espirituosas"],"ingredients":[],"conservation":" Conservar alejada de luces intensas y en lugares con temperatura fresca y constante, en posición vertical.","ean":"8410045103352"},{"full_name":"1836 ginebra ecológica botella 70 cl","name":"ginebra ecológica botella 70 cl","brand":"1836 ","img":"https://sgfm.elcorteingles.es/SGFM/dctm/MEDIA03/201703/15/00118720801325____1__600x600.jpg","price":"29,95 €","categories":["Supermercado","Bebidas","Licores y Alcoholes","Ginebra","Ginebra","1836 ginebra ecológica botella 70 cl"],"general_information":["Cantidad Neta: 70 cl","Notas de cata 1836 Gin Organic contiene 11 elementos botánicos BIO, entre los que se encuentran frutas, raíces y varias plantas; bayas de enebro, bergamota, cascara de limón y naranja, coriandro, angélica, cardamomo, lavanda, flor de sauco, canela y pino."],"ingredients":[],"ean":"5411772000313"},{"full_name":"MY KIT GIN & TONIC naranja deshidratada especial coctelería bote 50 g","name":"naranja deshidratada especial coctelería bote 50 g","brand":"MY KIT GIN & TONIC ","img":"https://sgfm.elcorteingles.es/SGFM/dctm/MEDIA02/CONTENIDOS/201511/19/00118728901291____1__600x600.jpg","price":"6,64 €","categories":["Supermercado","Bebidas","Licores y Alcoholes","Ginebra","Ginebra","MY KIT GIN & TONIC naranja deshidratada especial coctelería bote 50 g"],"general_information":["Cantidad Neta: 50 g"],"ingredients":[],"ean":"8438001224682"},{"full_name":"MY KIT GIN&TONIC Set para preparar gin&tonic Edicción enebro estuche 1 unidad","name":"Set para preparar gin&tonic Edicción enebro estuche 1 unidad","brand":"MY KIT GIN&TONIC ","img":"https://sgfm.elcorteingles.es/SGFM/dctm/MEDIA02/CONTENIDOS/201509/22/00200628900458____1__600x600.jpg","price":"24,95 €","price_unit":"(24,95 € / Unidad)","categories":["Supermercado","Bebidas","Licores y Alcoholes","Ginebra","Ginebra","MY KIT GIN&TONIC Set para preparar gin&tonic Edicción enebro estuche 1 unidad"],"general_information":["Cantidad Neta: 1 unidad"],"ingredients":[],"ean":"8438001224637"},{"full_name":"MY KIT GIN & TONIC limón deshidratada especial coctelería bote 50 g","name":"limón deshidratada especial coctelería bote 50 g","brand":"MY KIT GIN & TONIC ","img":"https://sgfm.elcorteingles.es/SGFM/dctm/MEDIA02/CONTENIDOS/201511/19/00118728901309____1__600x600.jpg","price":"7,76 €","categories":["Supermercado","Bebidas","Licores y Alcoholes","Ginebra","Ginebra","MY KIT GIN & TONIC limón deshidratada especial coctelería bote 50 g"],"general_information":["Cantidad Neta: 50 g"],"ingredients":[],"ean":"8438001224699"},{"full_name":"MY KIT GIN & TONIC fresa deshidratada para coctelería bote 50 g","name":"fresa deshidratada para coctelería bote 50 g","brand":"MY KIT GIN & TONIC ","img":"https://sgfm.elcorteingles.es/SGFM/dctm/MEDIA03/201607/13/00118728901366____1__600x600.jpg","price":"6,87 €","categories":["Supermercado","Bebidas","Licores y Alcoholes","Ginebra","Ginebra","MY KIT GIN & TONIC fresa deshidratada para coctelería bote 50 g"],"general_information":["Cantidad Neta: 50 g"],"ingredients":[],"ean":"8438001224644"},{"full_name":"COCKTELEA multipack de especias para cocktelería estuche 48 g","name":"multipack de especias para cocktelería estuche 48 g","brand":"COCKTELEA ","img":"https://sgfm.elcorteingles.es/SGFM/dctm/MEDIA03/201710/27/00118728901440____1__600x600.jpg","price":"3,41 €","categories":["Supermercado","Bebidas","Licores y Alcoholes","Ginebra","Ginebra","COCKTELEA multipack de especias para cocktelería estuche 48 g"],"general_information":["Cantidad Neta: 48 g"],"ingredients":[],"ean":"8437013078818"},{"full_name":"COCKTELEA multipack de frutas para cocktelería estuche 12 g","name":"multipack de frutas para cocktelería estuche 12 g","brand":"COCKTELEA ","img":"https://sgfm.elcorteingles.es/SGFM/dctm/MEDIA03/201710/27/00118728901457____1__600x600.jpg","price":"3,52 €","categories":["Supermercado","Bebidas","Licores y Alcoholes","Ginebra","Ginebra","COCKTELEA multipack de frutas para cocktelería estuche 12 g"],"general_information":["Cantidad Neta: 12 g"],"ingredients":[],"ean":"8437013078832"},{"full_name":"COCKTELEA multipack de frutos rojos para cocktelería estuche 19 g","name":"multipack de frutos rojos para cocktelería estuche 19 g","brand":"COCKTELEA ","img":"https://sgfm.elcorteingles.es/SGFM/dctm/MEDIA03/201710/27/00118728901465____1__600x600.jpg","price":"3,36 €","categories":["Supermercado","Bebidas","Licores y Alcoholes","Ginebra","Ginebra","COCKTELEA multipack de frutos rojos para cocktelería estuche 19 g"],"general_information":["Cantidad Neta: 19 g"],"ingredients":[],"ean":"8437013078825"},{"full_name":"COCKTELEA puros de canela en rama 100% natural aderezo para cocktelería tarro 15 g","name":"puros de canela en rama 100% natural aderezo para cocktelería tarro 15 g","brand":"COCKTELEA ","img":"https://sgfm.elcorteingles.es/SGFM/dctm/MEDIA02/CONTENIDOS/201411/06/00118728901267____1__600x600.jpg","price":"4,64 €","categories":["Supermercado","Bebidas","Licores y Alcoholes","Ginebra","Ginebra","COCKTELEA puros de canela en rama 100% natural aderezo para cocktelería tarro 15 g"],"general_information":["Denominación del alimento: Canela en Rama","Nombre del operador: Alimentos Inteligentes S.L","Dirección del operador: Segundo Mata nº1 - 28224 Pozuelo de Alarcón, Madrid","Cantidad Neta: 60 g"],"ingredients":[],"conservation":" Mantener en lugar fresco y seco. Evitar luz solar directa.","ean":"8437013078122"},{"full_name":"COCKTELEA té de frutos rojos liofilizado 100% natural aderezo para cocktelería tarro 15 g","name":"té de frutos rojos liofilizado 100% natural aderezo para cocktelería tarro 15 g","brand":"COCKTELEA ","img":"https://sgfm.elcorteingles.es/SGFM/dctm/MEDIA02/CONTENIDOS/201411/06/00118728901275____1__600x600.jpg","price":"4,56 €","categories":["Supermercado","Bebidas","Licores y Alcoholes","Ginebra","Ginebra","COCKTELEA té de frutos rojos liofilizado 100% natural aderezo para cocktelería tarro 15 g"],"general_information":["Denominación del alimento: Te Frutos del Bosque","Nombre del operador: Alimentos Inteligentes S.L","Dirección del operador: Segundo Mata nº1 - 28224 Pozuelo de Alarcón, Madrid","Cantidad Neta: 25 g"],"ingredients":[" Hibisco, pasas, sauco, grosella, mora, fresa, frambuesa, cereza, arandano y aromas naturales."],"conservation":" Mantener en lugar fresco y seco. Evitar luz solar directa.","ean":"8437013078184"},{"full_name":"COCKTELEA frambuesas enteras liofilizadas 100% natural aderezo para cocktelería tarro 15 g","name":"frambuesas enteras liofilizadas 100% natural aderezo para cocktelería tarro 15 g","brand":"COCKTELEA ","img":"https://sgfm.elcorteingles.es/SGFM/dctm/MEDIA02/CONTENIDOS/201411/06/00118728901176____1__600x600.jpg","price":"4,68 €","categories":["Supermercado","Bebidas","Licores y Alcoholes","Ginebra","Ginebra","COCKTELEA frambuesas enteras liofilizadas 100% natural aderezo para cocktelería tarro 15 g"],"general_information":["Denominación del alimento: Frambuesa","Nombre del operador: Alimentos Inteligentes S.L","Dirección del operador: Segundo Mata nº1 - 28224 Pozuelo de Alarcón, Madrid","Cantidad Neta: 10 g"],"ingredients":[],"conservation":" Mantener en lugar fresco y seco. Evitar luz solar directa.","ean":"8437013078016"},{"full_name":"COCKTELEA bayas de enebro 100% natural aderezo para cocktelería tarro 15 g","name":"bayas de enebro 100% natural aderezo para cocktelería tarro 15 g","brand":"COCKTELEA ","img":"https://sgfm.elcorteingles.es/SGFM/dctm/MEDIA02/CONTENIDOS/201411/18/00118728901234____1__600x600.jpg","price":"4,53 €","categories":["Supermercado","Bebidas","Licores y Alcoholes","Ginebra","Ginebra","COCKTELEA bayas de enebro 100% natural aderezo para cocktelería tarro 15 g"],"general_information":["Denominación del alimento: Bayas de Enebro","Nombre del operador: Alimentos Inteligentes S.L","Dirección del operador: Segundo Mata nº1 - 28224 Pozuelo de Alarcón, Madrid","Cantidad Neta: 45 g"],"ingredients":[],"conservation":" Mantener en lugar fresco y seco. Evitar luz solar directa.","ean":"8437013078108"},{"full_name":"COCKTELEA cardomomo deshidratado 100% natural aderezo para cocktelería tarro 15 g","name":"cardomomo deshidratado 100% natural aderezo para cocktelería tarro 15 g","brand":"COCKTELEA ","img":"https://sgfm.elcorteingles.es/SGFM/dctm/MEDIA02/CONTENIDOS/201411/06/00118728901259____1__600x600.jpg","price":"4,61 €","categories":["Supermercado","Bebidas","Licores y Alcoholes","Ginebra","Ginebra","COCKTELEA cardomomo deshidratado 100% natural aderezo para cocktelería tarro 15 g"],"general_information":["Denominación del alimento: Cardamomo","Nombre del operador: Alimentos Inteligentes S.L","Dirección del operador: Segundo Mata nº1 - 28224 Pozuelo de Alarcón, Madrid","Cantidad Neta: 45 g"],"ingredients":[],"conservation":" Mantener en lugar fresco y seco. Evitar luz solar directa.","ean":"8437013078146"},{"full_name":"CINCO COLINAS ginebra premium melón botella 70 cl","name":"ginebra premium melón botella 70 cl","brand":"CINCO COLINAS ","img":"https://sgfm.elcorteingles.es/SGFM/dctm/MEDIA03/201607/20/00118723401099____1__600x600.jpg","price":"16,81 €","categories":["Supermercado","Bebidas","Licores y Alcoholes","Ginebra","Ginebra","CINCO COLINAS ginebra premium melón botella 70 cl"],"general_information":["Cantidad Neta: 70 cl"],"ingredients":[],"ean":"8428622000697"},{"full_name":"BERRYPICKERS ginebra de fresas botella 70 cl","name":"ginebra de fresas botella 70 cl","brand":"BERRYPICKERS ","img":"https://sgfm.elcorteingles.es/SGFM/dctm/MEDIA03/201610/11/00118720801275____1__600x600.jpg","price":"16,00 €            ","price_unit":"(22,14 € / Litro)","categories":["Supermercado","Bebidas","Licores y Alcoholes","Ginebra","Ginebra","BERRYPICKERS ginebra de fresas botella 70 cl"],"general_information":["Cantidad Neta: 70 cl"],"ingredients":[],"ean":"8437008960418"},{"full_name":"SIDERIT ginebra premium botella 70 cl","name":"ginebra premium botella 70 cl","brand":"SIDERIT ","img":"https://sgfm.elcorteingles.es/SGFM/dctm/MEDIA03/201611/18/00118720801309____5__600x600.jpg","price":"29,35 €            ","price_unit":"(35,64 € / Litro)","categories":["Supermercado","Bebidas","Licores y Alcoholes","Ginebra","Ginebra","SIDERIT ginebra premium botella 70 cl"],"general_information":["Cantidad Neta: 70 cl"],"ingredients":[],"ean":"8415001099007"}]