[{"full_name":"GALLO cous cous paquete 500 g","name":"cous cous paquete 500 g","brand":"GALLO ","img":"https://sgfm.elcorteingles.es/SGFM/dctm/MEDIA03/201701/04/00118011900489____1__600x600.jpg","price":"1,29 €","price_unit":"(2,58 € / Kilo)","categories":["Supermercado","Alimentación General","Harinas y levaduras","Couscous","GALLO cous cous paquete 500 g"],"general_information":["Denominación del alimento: CUSCÚS-PASTA ALIMENTICIA DE GRANO MEDIO","País de origen: Francia","Nombre del operador: COMERCIAL GALLO, S.A.U.","Dirección del operador: Avda Diagonal 468, 4-C. Barcelona. España","Cantidad Neta: 500 g"],"ingredients":[" Sémola de trigo duro. Puede contener trazas de huevo"],"conservation":" Mantener en lugar fresco y seco","ean":"8410069000019"},{"full_name":"FERRERO couscous paquete 500 g","name":"couscous paquete 500 g","brand":"FERRERO ","img":"https://sgfm.elcorteingles.es/SGFM/00/01/8/0118011900018/0118011900018000g01011.jpg","price":"2,97 €","price_unit":"(5,94 € / Kilo)","categories":["Supermercado","Alimentación General","Harinas y levaduras","Couscous","FERRERO couscous paquete 500 g"],"general_information":[],"ingredients":[],"ean":"3223922880124"},{"full_name":"FERRERO couscous cocción rápida paquete 500 g","name":"couscous cocción rápida paquete 500 g","brand":"FERRERO ","img":"https://sgfm.elcorteingles.es/SGFM/00/02/6/0118011900026/0118011900026000g01011.jpg","price":"6,03 €","price_unit":"(12,06 € / Kilo)","categories":["Supermercado","Alimentación General","Harinas y levaduras","Couscous","FERRERO couscous cocción rápida paquete 500 g"],"general_information":[],"ingredients":[],"ean":"3223922860126"},{"full_name":"TIPIAK couscous paquete 1 kg","name":"couscous paquete 1 kg","brand":"TIPIAK ","img":"https://sgfm.elcorteingles.es/SGFM/dctm/MEDIA02/CONTENIDOS/201502/23/00118011900463____1__600x600.jpg","price":"3,63 €            ","price_unit":"(3,43 € / Kilo)","categories":["Supermercado","Alimentación General","Harinas y levaduras","Couscous","TIPIAK couscous paquete 1 kg"],"general_information":["Denominación del alimento: Couscous","País de origen: Francia","Nombre del operador: Ofistrade S.A.","Dirección del operador: C/Buenos Aires 38-40, entlo. C - 08036 Barcelona","Lugar de procedencia del alimento: Francia","Cantidad Neta: 1000 g"],"ingredients":[" Sémola de trigo duro precocido."],"conservation":" Consérvese en lugar fresco y seco.","ean":"3165440002902"},{"full_name":"TIPIAK couscous con especias paquete 250 g","name":"couscous con especias paquete 250 g","brand":"TIPIAK ","img":"https://sgfm.elcorteingles.es/SGFM/00/41/4/0118011900414/0118011900414000g01011.jpg","price":"4,74 €","price_unit":"(18,96 € / Kilo)","categories":["Supermercado","Alimentación General","Harinas y levaduras","Couscous","TIPIAK couscous con especias paquete 250 g"],"general_information":["Denominación del alimento: Couscous especias del mundo","País de origen: Francia","Nombre del operador: Ofistrade S.A.","Dirección del operador: C/Buenos Aires 38-40, entlo. C - 08036 Barcelona","Lugar de procedencia del alimento: Francia","Cantidad Neta: 250 g"],"ingredients":[" Sémola de trigo duro precocida (gluten) (92%), especias (apio) (1.8%), sal, aceite de girasol, aromas, pimentón, jarabe de glucosa, semillas de comino y dextrosa."],"conservation":" Consérvese en lugar fresco y seco.","ean":"3600900005500"},{"full_name":"GAROFALO couscous envase 1 kg","name":"couscous envase 1 kg","brand":"GAROFALO ","img":"https://sgfm.elcorteingles.es/SGFM/dctm/MEDIA03/201704/17/00118011900380____2__600x600.jpg","price":"4,16 €","price_unit":"(4,16 € / Kilo)","categories":["Supermercado","Alimentación General","Harinas y levaduras","Couscous","GAROFALO couscous envase 1 kg"],"general_information":["Denominación del alimento: Cous Cous 100% grano duro","Nombre del operador: Herba Ricemills. S.L.U.","Dirección del operador: C/ Real. 43 - 41920 San Juan de Aznalfarache (Sevilla)","Cantidad Neta: 1 Kilogramos"],"ingredients":[" Sémola de trigo duro Contiene gluten"],"conservation":" Almacenar en lugar fresco y seco. Preservar de la luz solar.","ean":"8000139911040"},{"full_name":"TREVIJANO cous cous marroquí envase 300 g","name":"cous cous marroquí envase 300 g","brand":"TREVIJANO ","img":"https://sgfm.elcorteingles.es/SGFM/dctm/MEDIA02/CONTENIDOS/201601/26/00118166700924____2__600x600.jpg","price":"2,99 €","price_unit":"(9,97 € / Kilo)","categories":["Supermercado","Alimentación General","Harinas y levaduras","Couscous","TREVIJANO cous cous marroquí envase 300 g"],"general_information":["Denominación del alimento: Cous cous marroquí con vegetales deshidratados.","Nombre del operador: Productos Trevijano, S.L.","Dirección del operador: Pol. La Nevera Parc, 12, 31587 Mendavia, Navarra.","Cantidad Neta: 300 g","Número de raciones por envase: 4","Otras menciones obligatorias en la etiqueta: Envasado en atmósfera protectora. Preparado con ingredientes naturales. Sin conservantes, sin colorantes, sin aditivos y sin sal añadida."],"ingredients":[" Sémola de trigo (gluten) duro precocida (89.72%), tomate, pipas de girasol, ajo, pimiento rojo, cebolla, comino, menta, chile jalapeño y cilantro. Puede contener sésamo y apio."],"conservation":" Conservar en lugar fresco y seco. No necesita frío.","ean":"8410770600133"},{"full_name":"TREVIJANO cous cous marroquí envase 300 g","name":"cous cous marroquí envase 300 g","brand":"TREVIJANO ","img":"https://sgfm.elcorteingles.es/SGFM/dctm/MEDIA02/CONTENIDOS/201504/14/00118166700684____2__600x600.jpg","price":"2,99 €","price_unit":"(9,97 € / Kilo)","categories":["Supermercado","Alimentación General","Harinas y levaduras","Couscous","TREVIJANO cous cous marroquí envase 300 g"],"general_information":["Denominación del alimento: Cous cous marroquí con vegetales deshidratados.","Nombre del operador: Productos Trevijano, S.L.","Dirección del operador: Pol. La Nevera Parc, 12, 31587 Mendavia, Navarra.","Cantidad Neta: 300 g","Número de raciones por envase: 4","Otras menciones obligatorias en la etiqueta: Envasado en atmósfera protectora. Preparado con ingredientes naturales. Sin conservantes, sin colorantes, sin aditivos y sin sal añadida."],"ingredients":[" Sémola de trigo (gluten) duro precocida (89.72%), tomate, pipas de girasol, ajo, pimiento rojo, cebolla, comino, menta, chile jalapeño y cilantro. Puede contener sésamo y apio."],"conservation":" Conservar en lugar fresco y seco. No necesita frío.","ean":"8410770800014"},{"full_name":"TREVIJANO cous cous mediterráneo estuche 300 g","name":"cous cous mediterráneo estuche 300 g","brand":"TREVIJANO ","img":"https://sgfm.elcorteingles.es/SGFM/dctm/MEDIA02/CONTENIDOS/201601/26/00118166700908____1__600x600.jpg","price":"2,99 €","price_unit":"(9,97 € / Kilo)","categories":["Supermercado","Alimentación General","Harinas y levaduras","Couscous","TREVIJANO cous cous mediterráneo estuche 300 g"],"general_information":["Denominación del alimento: Cous Cous mediterráneo con vegetales deshidratados.","Nombre del operador: Productos Trevijano, S.L.","Dirección del operador: Pol. La Nevera Parc, 12, 31587 Mendavia, Navarra.","Cantidad Neta: 300 g","Número de raciones por envase: 4","Otras menciones obligatorias en la etiqueta: Envasado en atmósfera protectora. Preparado con ingredientes naturales. Sin conservantes, sin colorantes, sin aditivos y sin sal añadida."],"ingredients":[" Sémola de trigo (gluten) duro precocida (88.30%), tomate, aceituna negra, ajo, calabacín, sésamo, pimienta negra, orégano y cebollino. Puede contener apio."],"conservation":" Conservar en lugar fresco y seco. No necesita frío.","ean":"8410770600140"},{"full_name":"TREVIJANO cous cous oriental estuche 300 g","name":"cous cous oriental estuche 300 g","brand":"TREVIJANO ","img":"https://sgfm.elcorteingles.es/SGFM/dctm/MEDIA02/CONTENIDOS/201601/26/00118166700916____1__600x600.jpg","price":"2,99 €","price_unit":"(9,97 € / Kilo)","categories":["Supermercado","Alimentación General","Harinas y levaduras","Couscous","TREVIJANO cous cous oriental estuche 300 g"],"general_information":["Denominación del alimento: Cous Cous oriental con vegetales deshidratados.","Nombre del operador: Productos Trevijano, S.L.","Dirección del operador: Pol. La Nevera Parc, 12, 31587 Mendavia, Navarra.","Cantidad Neta: 300 g","Número de raciones por envase: 4","Otras menciones obligatorias en la etiqueta: Envasado en atmósfera protectora. Preparado con ingredientes naturales. Sin conservantes, sin colorantes, sin aditivos y sin sal añadida."],"ingredients":[" Sémola de trigo (gluten) duro precocida (89.92%), cebola, pimiento verde, pimiento rojo y curry 2.12% (comino, cúrcuma, mostaza y otras especias en proporción variable). Puede contener apio."],"conservation":" Conservar en lugar fresco y seco. No necesita frío.","ean":"8410770600126"},{"full_name":"HARICAMAN couscous envase 1 kg","name":"couscous envase 1 kg","brand":"HARICAMAN ","img":"https://sgfm.elcorteingles.es/SGFM/00/39/5/0200111900395/0200111900395000g01011.jpg","price":"2,89 €","price_unit":"(2,89 € / Kilo)","categories":["Supermercado","Alimentación General","Harinas y levaduras","Couscous","HARICAMAN couscous envase 1 kg"],"general_information":["Denominación del alimento: Haricaman Couscous 1kg","País de origen: España","Nombre del operador: Haricaman s.l","Dirección del operador: cm 4001, km 28/ 45250 Añover de Tajo, Toledo","Cantidad Neta: 1 Kilogramos"],"ingredients":[" Semola de trigo duro."],"conservation":" Conservese en sitio secoy aislado del suelo","ean":"8437000623205"},{"full_name":"BRILLANTE couscous pack 2 envase 125 g","name":"couscous pack 2 envase 125 g","brand":"BRILLANTE ","img":"https://sgfm.elcorteingles.es/SGFM/dctm/MEDIA03/201605/04/00200136001526____1__600x600.jpg","price":"1,53 €","price_unit":"(6,12 € / Kilo)","categories":["Supermercado","Alimentación General","Harinas y levaduras","Couscous","BRILLANTE couscous pack 2 envase 125 g"],"general_information":["Denominación del alimento: Cous cous","Nombre del operador: Herba Ricemills, S.L.U.","Dirección del operador: C/ Real, 43 - 41920 San Juan de Aznalfarache (Sevilla)","Cantidad Neta: 250 g"],"ingredients":[" Agua. cous cous (sémola de trigo duro). aceite de oliva virgen. sal. emulgentes. E-471. E-472. estabilizante: goma guar. zumo de limón. especias. Alérgenos. Gluten"],"conservation":" Conservar a temperatura ambiente en lugar fresco y seco.","ean":"8410184029445"},{"full_name":"ALIADA harina de maíz fina paquete 500 g","name":"harina de maíz fina paquete 500 g","brand":"ALIADA ","img":"https://sgfm.elcorteingles.es/SGFM/dctm/MEDIA03/201708/09/00118037901636____1__600x600.jpg","price":"0,90 €","price_unit":"(1,80 € / Kilo)","categories":["Supermercado","Alimentación General","Harinas y levaduras","Harina de maíz","ALIADA harina de maíz fina paquete 500 g"],"general_information":["Denominación del alimento: HARINA DE MAÍZ","Nombre del operador: Elaborado para el Grupo El Corte Inglés - Hermosilla 112, 28009 Madrid - España, por NIF: B80125222","Cantidad Neta: 500 g","Número de raciones por envase: 10"],"ingredients":[" Ingredientes: Harina de maíz Puede contener trazas de leche y huevos. Puede contener gluten."],"conservation":" Mantener en sitio fresco, seco y aislado del suelo.\nCierre bien el paquete después de cada uso.","ean":"8433329080248"},{"full_name":"MAIZENA harina de maíz fina paquete 700 g","name":"harina de maíz fina paquete 700 g","brand":"MAIZENA ","img":"https://sgfm.elcorteingles.es/SGFM/00/28/1/0118037900281/0118037900281000g01011.jpg","price":"2,28 €","price_unit":"(3,26 € / Kilo)","categories":["Supermercado","Alimentación General","Harinas y levaduras","Harina de maíz","MAIZENA harina de maíz fina paquete 700 g"],"general_information":["Denominación del alimento: Harina fina de maíz","País de origen: Francia","Nombre del operador: Unilever","Dirección del operador: Unilever España, S.A. C/ Tecnología 19,08840 Viladecans (Barcelona) SERVICIO DE ATENCIÓN AL CONSUMIDOR MAIZENA Tel. 900 812 511","Cantidad Neta: 700 g"],"ingredients":[" Almidón de maíz"],"conservation":"Modo de empleo: Preparación Bizcocho de Chocolate Ingredientes:- 125 g de margarina Tulipán- 125 g de azúcar- 4 huevos- 200 g de chocolate negro- 60 g de harina de trigo- 60 g de Maizena- 1/2 sobre de levadura PotaxPrecalentar el horno a 170º. Poner el chocolate en un cazo junto con la margarina y derretirlo al baño María. En un bol, batir los huevos con el azúcar, hasta que el azúcar se haya disuelto. Añadir la levadura Potax, la harina y la harina fina de maíz Maizena. Incorporar a continuación la mezcla de margarina y chocolate fundido. Verter en un molde previamente untado con margarina, y hornear durante 20 minutos.Salsa Bechamel Ingredientes:- 40 g de Maizena- 50 cl de leche- 20 g de Margarina Tulipán Diluir la harina fina de maíz Maizena en la leche fría. Verter la mezcla en una cazuela y llevar a ebullición, removiendo constantemente. Incorporar a continuación la margarina Tulipán sin dejar de remover. Cuando la mezcla sea homogénea, sazonar al gusto con sal, pimienta y nuez moscada.","ean":"8410127010257"},{"full_name":"MAIZENA Harina de maíz fina paquete 400 g","name":"Harina de maíz fina paquete 400 g","brand":"MAIZENA ","img":"https://sgfm.elcorteingles.es/SGFM/dctm/MEDIA02/CONTENIDOS/201411/19/00118037901313____1__600x600.jpg","price":"1,37 €","price_unit":"(3,42 € / Kilo)","categories":["Supermercado","Alimentación General","Harinas y levaduras","Harina de maíz","MAIZENA Harina de maíz fina paquete 400 g"],"general_information":["Denominación del alimento: Harina fina de maíz","Nombre del operador: Unilever España S.A.","Dirección del operador: C/Tecnología 19, 08840 Viladecans (Barcelona)","Cantidad Neta: 400 g"],"ingredients":[" Almidón de maíz."],"conservation":" Conservar en un lugar fresco y seco.","ean":"8711100080060"},{"full_name":"MAIZENA Express harina de maíz especial espesante para salsas y cremas paquete 250 g","name":"Express harina de maíz especial espesante para salsas y cremas paquete 250 g","brand":"MAIZENA ","img":"https://sgfm.elcorteingles.es/SGFM/00/25/7/0118037900257/0118037900257000g01011.jpg","price":"2,54 €","price_unit":"(10,16 € / Kilo)","categories":["Supermercado","Alimentación General","Harinas y levaduras","Harina de maíz","MAIZENA Express harina de maíz especial espesante para salsas y cremas paquete 250 g"],"general_information":["Denominación del alimento: Espesante","País de origen: Alemania","Nombre del operador: Unilever","Dirección del operador: Unilever España, S.A.C/ Tecnología 19, 08840 Viladecans (Barcelona)","Cantidad Neta: 250 g"],"ingredients":[" Fécula de patata, LACTOSA, maltodextrina, harina de arroz, emulgente (E471)."],"conservation":"Modo de empleo: Precinto de garantía 1. Tirar hacia la derecha2. Tirar de la solapa hacia la izquierda MODO DE EMPLEO Añadir Maizena Espesante Instantáneo poco a poco sobre la salsa o líquido en caliente hasta conseguir el punto de espesor deseado. LAS RECETAS DE MAIZENA Merluza a la sidra Picar y freír la cebolla en aceite. En un cazo, verter la sidra y llevarla a ebullición. Salar y escaldar en la sidra las rodajas de merluza. Escurrirlas y disponerlas sobre cebolla en una cazuela resistente al calor. Incorporar al cazo con la sidra las almejas. Dejar hervir durante 1-2 minutos, hasta que estén completamente abiertas. Colocarlas sobre las rodajas de merluza, colar el caldo, añadir una pizca de pimentón y otra de pimienta y rectificar de sal. Agregar la MAIZENA® Espesante hasta conseguir espesar la salsa al gusto. Poner la preparación en la cazuela con la merluza. Espolvorear el perejil picado e introducir en el horno a fuego medio unos 10-15 minutos. INGREDIENTES PARA 4 PERSONAS800 g de merluza en rodajas/ 500 g de almejas/ 1 cebolla/ 1 vaso grande de sidra/ Aceite de oliva/ 1 cucharada de perejil picado/ Sal/ Pimienta/ Pimentón (dulce o picante)/ MAIZENA Espesante","ean":"8410127010691"},{"full_name":"MASECA harina de maíz paquete 1 kg","name":"harina de maíz paquete 1 kg","brand":"MASECA ","img":"https://sgfm.elcorteingles.es/SGFM/dctm/MEDIA02/CONTENIDOS/201506/17/00118010002360____1__600x600.jpg","price":"4,40 €","price_unit":"(4,40 € / Kilo)","categories":["Supermercado","Alimentación General","Harinas y levaduras","Harina de maíz","MASECA harina de maíz paquete 1 kg"],"general_information":[],"ingredients":[],"ean":"8000271000886"},{"full_name":"FERRERO harina de maíz para polenta Express precocida paquete 500 g","name":"harina de maíz para polenta Express precocida paquete 500 g","brand":"FERRERO ","img":"https://sgfm.elcorteingles.es/SGFM/00/05/9/0118011900059/0118011900059000g01011.jpg","price":"2,81 €","price_unit":"(5,62 € / Kilo)","categories":["Supermercado","Alimentación General","Harinas y levaduras","Harina de maíz","FERRERO harina de maíz para polenta Express precocida paquete 500 g"],"general_information":[],"ingredients":[],"ean":"3223920000012"},{"full_name":"ALIADA harina de trigo Candeal paquete 1 kg","name":"harina de trigo Candeal paquete 1 kg","brand":"ALIADA ","img":"https://sgfm.elcorteingles.es/SGFM/dctm/MEDIA03/201710/26/00118037900448____8__600x600.jpg","price":"0,89 €","price_unit":"(0,89 € / Kilo)","categories":["Supermercado","Alimentación General","Harinas y levaduras","Harina de trigo","ALIADA harina de trigo Candeal paquete 1 kg"],"general_information":["Nombre del operador: Elaborado para El Corte Inglés\npor Harinas de Castilla la Mancha S.L.\nCM 4001, Km 28 ? 45250 Añover de Tajo (Toledo).\nEspaña","Cantidad Neta: 1 Kilogramos","Número de raciones por envase: 20.0"],"ingredients":[" Ingredientes: Harina de trigo"],"conservation":" Mantener en sitio seco, fresco y aislado del suelo.\nCierre bien el paquete después de cada uso.","ean":"8433329071727"},{"full_name":"ALIADA harina de trigo Candeal paquete 500 g","name":"harina de trigo Candeal paquete 500 g","brand":"ALIADA ","img":"https://sgfm.elcorteingles.es/SGFM/dctm/MEDIA03/201710/26/00118037900455____8__600x600.jpg","price":"0,70 €","price_unit":"(1,40 € / Kilo)","categories":["Supermercado","Alimentación General","Harinas y levaduras","Harina de trigo","ALIADA harina de trigo Candeal paquete 500 g"],"general_information":["Nombre del operador: Elaborado para El Corte Inglés\npor Harinas de Castilla la Mancha S.L.\nCM 4001, Km 28 ? 45250 Añover de Tajo (Toledo).\nEspaña","Cantidad Neta: 500 g","Número de raciones por envase: 10.0"],"ingredients":[" Ingredientes: Harina de trigo Puede contener trazas de leche y huevos."],"conservation":" Mantener en sitio seco, fresco y aislado del suelo.\nCierre bien el paquete después de cada uso.","ean":"8433329071734"},{"full_name":"ALIADA harina de trigo integral paquete 1 kg","name":"harina de trigo integral paquete 1 kg","brand":"ALIADA ","img":"https://sgfm.elcorteingles.es/SGFM/dctm/MEDIA03/201711/21/00118037901420____2__600x600.jpg","price":"0,84 €","price_unit":"(0,84 € / Kilo)","categories":["Supermercado","Alimentación General","Harinas y levaduras","Harina de trigo","ALIADA harina de trigo integral paquete 1 kg"],"general_information":["Denominación del alimento: Harina integral de trigo","Nombre del operador: Elaborado para el Grupo El Corte Inglés - Hermosilla, 112. 28009 - Madrid - España por CIF: B80125222","Cantidad Neta: 1 Kilogramos","Número de raciones por envase: 20.0"],"ingredients":[" Ingredientes: Harina integral de trigo"],"conservation":" Cierre bien el paquete después de cada uso","ean":"8433329062459"},{"full_name":"ALIADA harina de trigo paquete 1 kg","name":"harina de trigo paquete 1 kg","brand":"ALIADA ","img":"https://sgfm.elcorteingles.es/SGFM/01/02/4/0118037901024/0118037901024000g01011.jpg","price":"0,42 €","price_unit":"(0,42 € / Kilo)","categories":["Supermercado","Alimentación General","Harinas y levaduras","Harina de trigo","ALIADA harina de trigo paquete 1 kg"],"general_information":["Nombre del operador: Elaborado para el Grupo El Corte Inglés - Hermosilla 112, 28009 Madrid - España, por NIF: B80125222","Cantidad Neta: 1 Kilogramos","Número de raciones por envase: 20 de 50 g"],"ingredients":[" Ingredientes: Harina de trigo"],"conservation":" Mantener en sitio seco, fresco y aislado del suelo.\nCierre bien el paquete después de cada uso.","ean":"8433329051897"},{"full_name":"GALLO harina de trigo extra paquete 1 kg","name":"harina de trigo extra paquete 1 kg","brand":"GALLO ","img":"https://sgfm.elcorteingles.es/SGFM/dctm/MEDIA03/201709/14/00118037900018____1__600x600.jpg","price":"0,90 €","price_unit":"(0,90 € / Kilo)","categories":["Supermercado","Alimentación General","Harinas y levaduras","Harina de trigo","GALLO harina de trigo extra paquete 1 kg"],"general_information":["Denominación del alimento: HARINA DE TRIGO","País de origen: España","Nombre del operador: COMERCIAL GALLO, S.A.U.","Dirección del operador: Avda Diagonal 468, 4-C. Barcelona. España","Cantidad Neta: 1000 g"],"ingredients":[" Harina de trigo"],"conservation":" Consérvese en sitio seco y aislado del suelo","ean":"8410069021649"},{"full_name":"MALLORCA harina de trigo de fuerza paquete 1 kg","name":"harina de trigo de fuerza paquete 1 kg","brand":"MALLORCA ","img":"https://sgfm.elcorteingles.es/SGFM/00/21/6/0118037900216/0118037900216000g01011.jpg","price":"0,85 €","categories":["Supermercado","Alimentación General","Harinas y levaduras","Harina de trigo","MALLORCA harina de trigo de fuerza paquete 1 kg"],"general_information":["Denominación del alimento: Harina de trigo","Nombre del operador: Harinas de Mallorca, S.A.","Dirección del operador: Camino San Carlos, 1 Dique Oeste - 07015 Palma (Islas Baleares)","Cantidad Neta: 1,0 Kilogramos"],"ingredients":[" Trigo"],"conservation":" Conservar en  un lugar seco y aislado del suelo.","ean":"8412628000522"},{"full_name":"MALLORCA harina de trigo especial repostería paquete 1 kg","name":"harina de trigo especial repostería paquete 1 kg","brand":"MALLORCA ","img":"https://sgfm.elcorteingles.es/SGFM/00/20/8/0118037900208/0118037900208000g01011.jpg","price":"0,85 €","categories":["Supermercado","Alimentación General","Harinas y levaduras","Harina de trigo","MALLORCA harina de trigo especial repostería paquete 1 kg"],"general_information":["Denominación del alimento: Harina de trigo","Nombre del operador: Harinas de Mallorca, S.A.","Dirección del operador: Camino San Carlos, 1 Dique Oeste - 07015 Palma (Islas Baleares)","Cantidad Neta: 1,0 Kilogramos"],"ingredients":[" Trigo"],"conservation":" Conservar en  un lugar seco y aislado del suelo.","ean":"8412628000508"},{"full_name":"TARDIENTA harina de trigo bolsa 1 kg","name":"harina de trigo bolsa 1 kg","brand":"TARDIENTA ","img":"https://sgfm.elcorteingles.es/SGFM/00/11/7/0118037900117/0118037900117000g01011.jpg","price":"0,74 €","categories":["Supermercado","Alimentación General","Harinas y levaduras","Harina de trigo","TARDIENTA harina de trigo bolsa 1 kg"],"general_information":[],"ingredients":[],"ean":"8413772011020"},{"full_name":"URDANOZ harina de trigo para condimentación y repostería paquete 1 kg","name":"harina de trigo para condimentación y repostería paquete 1 kg","brand":"URDANOZ ","img":"https://sgfm.elcorteingles.es/SGFM/00/41/4/0118037900414/0118037900414000g01011.jpg","price":"1,20 €","price_unit":"(1,20 € / Kilo)","categories":["Supermercado","Alimentación General","Harinas y levaduras","Harina de trigo","URDANOZ harina de trigo para condimentación y repostería paquete 1 kg"],"general_information":["Denominación del alimento: Harina de trigo","Nombre del operador: PASTAS ALIMENTICIAS ROMERO","Dirección del operador: AVENIDA MADRID, 43, 50360 DAROCA, ZARAGOZA ( ESPAÑA)","Cantidad Neta: 1 Kilogramos"],"ingredients":[" Harina de trigo blando (100%)"],"ean":"8413374000019"},{"full_name":"URDANOZ harina de trigo para condimentación y repostería paquete 500 g","name":"harina de trigo para condimentación y repostería paquete 500 g","brand":"URDANOZ ","img":"https://sgfm.elcorteingles.es/SGFM/00/42/2/0118037900422/0118037900422000g01011.jpg","price":"0,65 €","price_unit":"(1,30 € / Kilo)","categories":["Supermercado","Alimentación General","Harinas y levaduras","Harina de trigo","URDANOZ harina de trigo para condimentación y repostería paquete 500 g"],"general_information":["Denominación del alimento: Harina de trigo","Nombre del operador: PASTAS ALIMENTICIAS ROMERO","Dirección del operador: AVENIDA MADRID, 43, 50360 DAROCA, ZARAGOZA ( ESPAÑA)","Cantidad Neta: 0.5 Kilogramos"],"ingredients":[" Harina de trigo blando (100%)"],"ean":"8413374000026"},{"full_name":"ALIADA harina de trigo especial para fritos y rebozados paquete 1 kg","name":"harina de trigo especial para fritos y rebozados paquete 1 kg","brand":"ALIADA ","img":"https://sgfm.elcorteingles.es/SGFM/dctm/MEDIA02/CONTENIDOS/201502/05/00118037901347____1__600x600.jpg","price":"0,84 €","price_unit":"(0,84 € / Kilo)","categories":["Supermercado","Alimentación General","Harinas y levaduras","Harina para freír","ALIADA harina de trigo especial para fritos y rebozados paquete 1 kg"],"general_information":["Denominación del alimento: Harina de trigo","Nombre del operador: Elaborado para el Grupo El Corte Inglés - Hermosilla, 112. 28009 - Madrid - España por CIF: B80125222","Cantidad Neta: 1 Kilogramos","Número de raciones por envase: 20.0"],"ingredients":[" Ingredientes: Harina de trigo y sémola de trigo"],"conservation":" Cierre bien el paquete después de cada uso","ean":"8433329057530"},{"full_name":"SANTA RITA aderezo para fritura de carnes con ajo y perejil envase 500 g","name":"aderezo para fritura de carnes con ajo y perejil envase 500 g","brand":"SANTA RITA ","img":"https://sgfm.elcorteingles.es/SGFM/00/17/4/0118037900174/0118037900174000g01011.jpg","price":"2,23 €","price_unit":"(4,46 € / Kilo)","categories":["Supermercado","Alimentación General","Harinas y levaduras","Harina para freír","SANTA RITA aderezo para fritura de carnes con ajo y perejil envase 500 g"],"general_information":["Denominación del alimento: Aderezo para carnes y pescados con ajo y perejil","Nombre del operador: Santa Rita Harinas S.L.","Dirección del operador: Ctra. Perales, km. 52,00, Loranca de Tajuña, 19141 Guadalajara","Cantidad Neta: 500 g","Otras menciones obligatorias en la etiqueta: No apto para personas intolerantes al gluten de trigo, cereales. No contiene derivados, trazas ni proteinas de huevo y/o leche asi como los derivados de estos."],"ingredients":[" Harina de trigo, harina y semola maiz, ajo granulado, hojilla de prejil y sal deshidratada. Contien gluten."],"conservation":" Conservar en lugar fresco y seco, (máx. 28° C) aislado del suelo, preservar de rayos solares o fuentes de calor, mantener el envase cerrado","ean":"8414452011217"},{"full_name":"SANTA RITA tempura verduras carnes y pescados envase 500 g","name":"tempura verduras carnes y pescados envase 500 g","brand":"SANTA RITA ","img":"https://sgfm.elcorteingles.es/SGFM/00/15/8/0118037900158/0118037900158000g01011.jpg","price":"2,96 €","price_unit":"(5,92 € / Kilo)","categories":["Supermercado","Alimentación General","Harinas y levaduras","Harina para freír","SANTA RITA tempura verduras carnes y pescados envase 500 g"],"general_information":["Denominación del alimento: Harina preparada para tempura de verduras, carnes y pescados","Nombre del operador: Santa Rita Harinas S.L.","Dirección del operador: Ctra. Perales, km. 52,00, Loranca de Tajuña, 19141 Guadalajara","Cantidad Neta: 500 g"],"ingredients":[" Harinas de trigo y maíz, gasificantes (carbonato ácido sódico, difosfato disódico, fosfato monocálcico, sal deshidratada"],"conservation":" Conservar en lugar fresco y seco, (máx. 28° C) aislado del suelo, preservar de rayos solares o fuentes de calor, mantener el envase cerrado","ean":"8414452015703"},{"full_name":"SANTA RITA preparado para rebozado de tempura oriental envase 500 g","name":"preparado para rebozado de tempura oriental envase 500 g","brand":"SANTA RITA ","img":"https://sgfm.elcorteingles.es/SGFM/01/94/1/0118089301941/0118089301941000g01011.jpg","price":"2,95 €","price_unit":"(5,90 € / Kilo)","categories":["Supermercado","Alimentación General","Harinas y levaduras","Harina para freír","SANTA RITA preparado para rebozado de tempura oriental envase 500 g"],"general_information":["Denominación del alimento: Harina tempura oriental","Nombre del operador: Santa Rita Harinas S.L.","Dirección del operador: Ctra. Perales, km. 52,00, Loranca de Tajuña, 19141 Guadalajara","Cantidad Neta: 500 g"],"ingredients":[" Harina de trigo y arroz, gasificantes (carbonato acido de sodio, difosfato disodico, fosfato monocalcico) sal deshidratada. Contiene gluten."],"conservation":" Conservar en lugar fresco y seco, (máx. 28° C) aislado del suelo, preservar de rayos solares o fuentes de calor, mantener el envase cerrado","ean":"8414452015710"},{"full_name":"SANTA RITA harina preparada para croquetas y bechamel envase 435 g","name":"harina preparada para croquetas y bechamel envase 435 g","brand":"SANTA RITA ","img":"https://sgfm.elcorteingles.es/SGFM/00/14/1/0118037900141/0118037900141000g01011.jpg","price":"3,04 €","price_unit":"(6,99 € / Kilo)","categories":["Supermercado","Alimentación General","Harinas y levaduras","Harina para freír","SANTA RITA harina preparada para croquetas y bechamel envase 435 g"],"general_information":["Denominación del alimento: Harina de trigo preparada para croquetas y bechamel","Nombre del operador: Santa Rita Harinas S.L.","Dirección del operador: Ctra. Perales, km. 52,00, Loranca de Tajuña, 19141 Guadalajara","Cantidad Neta: 430 g","Otras menciones obligatorias en la etiqueta: No apta para celiacos"],"ingredients":[" Harina de trigo, almidon nativo de trigo y de maiz y fosfato de hidroxipropil dialmidon"],"conservation":" Conservar en lugar fresco y seco, (máx. 28° C) aislado del suelo, preservar de rayos solares o fuentes de calor, mantener el envase cerrado","ean":"8414452011262"},{"full_name":"SANTA RITA preparado para frituras de pescado envase 500 g","name":"preparado para frituras de pescado envase 500 g","brand":"SANTA RITA ","img":"https://sgfm.elcorteingles.es/SGFM/dctm/MEDIA02/CONTENIDOS/201411/19/00118037900166____1__600x600.jpg","price":"2,41 €","price_unit":"(4,82 € / Kilo)","categories":["Supermercado","Alimentación General","Harinas y levaduras","Harina para freír","SANTA RITA preparado para frituras de pescado envase 500 g"],"general_information":["Denominación del alimento: Harinas de trigo y maiz, preparada para fritura de pescados","Nombre del operador: Santa Rita Harinas S.L.","Dirección del operador: Ctra. Perales, km. 52,00, Loranca de Tajuña, 19141 Guadalajara","Cantidad Neta: 500 g"],"ingredients":[" Harina de trigo, harina de maiz, sémola de maíz y sal"],"conservation":" Conservar en lugar fresco y seco, (máx. 28° C) aislado del suelo, preservar de rayos solares o fuentes de calor, mantener el envase cerrado","ean":"8414452011200"},{"full_name":"LAS PANAERAS harina de trigo para freir paquete 1 kg","name":"harina de trigo para freir paquete 1 kg","brand":"LAS PANAERAS ","img":"https://sgfm.elcorteingles.es/SGFM/00/33/1/0118037900331/0118037900331000g01011.jpg","price":"1,19 €","price_unit":"(1,19 € / Kilo)","categories":["Supermercado","Alimentación General","Harinas y levaduras","Harina para freír","LAS PANAERAS harina de trigo para freir paquete 1 kg"],"general_information":["Denominación del alimento: Harina freír","Nombre del operador: Enrique Cascajosa, S.L.","Dirección del operador: P.I. Hacienda Dolores C/ 2 Nave 14 - 16 41500 Alcalá de Guadaira (Sevilla)","Cantidad Neta: 1,0 Kilogramos"],"ingredients":[" Harina de trigo 100%."],"conservation":"Modo de empleo: Una vez limpio el pescado se enharina y se frie en aceite bien caliente.","ean":"8412427136200"},{"full_name":"EL MOLINO harina de trigo duro para freír paquete 1 kg","name":"harina de trigo duro para freír paquete 1 kg","brand":"EL MOLINO ","img":"https://sgfm.elcorteingles.es/SGFM/dctm/MEDIA02/CONTENIDOS/201408/25/00118037900059____1__600x600.jpg","price":"1,49 €","categories":["Supermercado","Alimentación General","Harinas y levaduras","Harina para freír","EL MOLINO harina de trigo duro para freír paquete 1 kg"],"general_information":["Denominación del alimento: Harina de trigo duro.","País de origen: España","Nombre del operador: HIJOS DE DIONISIO FERRER CARDENAS C.B.","Dirección del operador: Carretera de Motril, km 139 18620 Alhendin (Granada)"],"ingredients":[" Harina de trigo duro. Contiene gluten."],"conservation":" Consérvese en lugar: fresco, seco, aislado del suelo y olores.","ean":"8413297010027"},{"full_name":"DANI preparado para rebozados envase 470 g","name":"preparado para rebozados envase 470 g","brand":"DANI ","img":"https://sgfm.elcorteingles.es/SGFM/dctm/MEDIA03/201611/24/00118037901511____1__600x600.jpg","price":"3,95 €","price_unit":"(8,40 € / Kilo)","categories":["Supermercado","Alimentación General","Harinas y levaduras","Harina para freír","DANI preparado para rebozados envase 470 g"],"general_information":["Denominación del alimento: Preparado para Rebozados","Nombre del operador: Conservas Dani, S.A.U.","Dirección del operador: Pol. Ind. \"Els Garrofers\" · Parc 32-35-37 08340  Vilassar de Mar (Barcelona)","Cantidad Neta: 470 g"],"ingredients":[" Almidón de guisante, proteína y fibra de guisante, sal y aroma"],"conservation":" Conservar en lugar fresco y seco","ean":"8410721448005"},{"full_name":"ALIADA harina de trigo especial para repostería paquete 1 kg","name":"harina de trigo especial para repostería paquete 1 kg","brand":"ALIADA ","img":"https://sgfm.elcorteingles.es/SGFM/dctm/MEDIA02/CONTENIDOS/201502/05/00118037901339____1__600x600.jpg","price":"0,84 €","price_unit":"(0,84 € / Kilo)","categories":["Supermercado","Alimentación General","Harinas y levaduras","Harinas especiales","ALIADA harina de trigo especial para repostería paquete 1 kg"],"general_information":["Denominación del alimento: Harina de trigo","Nombre del operador: Elaborado para el Grupo El Corte Inglés - Hermosilla, 112. 28009 - Madrid - España por CIF: B80125222","Cantidad Neta: 1 Kilogramos","Número de raciones por envase: 20.0"],"ingredients":[" Ingredientes: Harina de trigo"],"conservation":" Cierre bien el paquete después de cada uso","ean":"8433329057523"},{"full_name":"GALLO harina de trigo para repostería paquete 1 kg","name":"harina de trigo para repostería paquete 1 kg","brand":"GALLO ","img":"https://sgfm.elcorteingles.es/SGFM/dctm/MEDIA02/CONTENIDOS/201506/22/00118037900026____3__600x600.jpg","price":"0,98 €","price_unit":"(0,98 € / Kilo)","categories":["Supermercado","Alimentación General","Harinas y levaduras","Harinas especiales","GALLO harina de trigo para repostería paquete 1 kg"],"general_information":["Denominación del alimento: HARINA DE TRIGO","País de origen: España","Nombre del operador: COMERCIAL GALLO, S.A.U.","Dirección del operador: Avda Diagonal 468, 4-C. Barcelona. España","Cantidad Neta: 1000 g"],"ingredients":[" Harina de trigo"],"conservation":" Consérvese en sitio seco y aislado del suelo","ean":"8410069019639"},{"full_name":"GALLO harina de fuerza paquete 1 kg","name":"harina de fuerza paquete 1 kg","brand":"GALLO ","img":"https://sgfm.elcorteingles.es/SGFM/dctm/MEDIA03/201606/22/00118037901438____2__600x600.jpg","price":"1,12 €","price_unit":"(1,12 € / Kilo)","categories":["Supermercado","Alimentación General","Harinas y levaduras","Harinas especiales","GALLO harina de fuerza paquete 1 kg"],"general_information":["Denominación del alimento: HARINA DE FUERZA DE TRIGO","País de origen: España","Nombre del operador: COMERCIAL GALLO, S.A.U.","Dirección del operador: Avda Diagonal 468, 4-C. Barcelona. España","Cantidad Neta: 1000 g"],"ingredients":[" Harina de fuerza de trigo"],"conservation":" Consérvese en sitio seco y aislado del suelo","ean":"8410069014436"},{"full_name":"GALLO harina integral de trigo paquete 1 kg","name":"harina integral de trigo paquete 1 kg","brand":"GALLO ","img":"https://sgfm.elcorteingles.es/SGFM/dctm/MEDIA02/CONTENIDOS/201509/17/00118037901446____1__600x600.jpg","price":"1,00 €","price_unit":"(1 € / Kilo)","categories":["Supermercado","Alimentación General","Harinas y levaduras","Harinas especiales","GALLO harina integral de trigo paquete 1 kg"],"general_information":["Denominación del alimento: HARINA DE GRANO ENTERO DE TRIGO","País de origen: España","Nombre del operador: COMERCIAL GALLO, S.A.U.","Dirección del operador: Avda Diagonal 468, 4-C. Barcelona. España","Cantidad Neta: 1000 g"],"ingredients":[" Harina integral de trigo"],"conservation":" Consérvese en sitio seco y aislado del suelo","ean":"8410069013569"},{"full_name":"HARIMSA harina superior de trigo especial fuerza paquete 750 g","name":"harina superior de trigo especial fuerza paquete 750 g","brand":"HARIMSA ","img":"https://sgfm.elcorteingles.es/SGFM/00/40/6/0118037900406/0118037900406000g01011.jpg","price":"1,56 €","price_unit":"(2,08 € / Kilo)","categories":["Supermercado","Alimentación General","Harinas y levaduras","Harinas especiales","HARIMSA harina superior de trigo especial fuerza paquete 750 g"],"general_information":["Denominación del alimento: Harina de fuerza para elaborar panes especiales y bolleria.","Nombre del operador: Harinera Mediterránea S.A.","Dirección del operador: C/ Eduardo Marquina, 18 (30203 Cartagena, Murcia).","Cantidad Neta: 1 Kilogramos","Otras menciones obligatorias en la etiqueta: Harina de trigode fuerza acondicionada."],"ingredients":[" Harina de trigo de fuerza, agente de tratamiento de harinas (ácido ascórbico de origen vegetal)."],"conservation":" Consérvese en lugar fresco (menos de 25 ºC), seco y aislado del suelo. Una vez abierto recomendamos guardar refigerado.","ean":"8420813193737"},{"full_name":"HARIMSA harina de trigo ecológica paquete 500 g","name":"harina de trigo ecológica paquete 500 g","brand":"HARIMSA ","img":"https://sgfm.elcorteingles.es/SGFM/00/01/6/0118038000016/0118038000016000g01011.jpg","price":"1,52 €","price_unit":"(3,04 € / Kilo)","categories":["Supermercado","Alimentación General","Harinas y levaduras","Harinas especiales","HARIMSA harina de trigo ecológica paquete 500 g"],"general_information":["Denominación del alimento: Harina de trigo ecológico.","Nombre del operador: Harinera Mediterránea S.A.","Dirección del operador: C/ Eduardo Marquina, 18 - 30203 Cartagena (Murcia) - España.","Cantidad Neta: 500 g","Otras menciones obligatorias en la etiqueta: Producto envasado en atmósfera protectora."],"ingredients":[" Harina de trigo de cultivo ecológico. Contiene gluten. Puede contener trazas de huevo, leche y soja."],"conservation":" Conservar en lugar fresco (menos de 25°C) seco y aislado del suelo.","ean":"8420813193690"},{"full_name":"HARIMSA harina Bizcochona de trigo estuche 500 g","name":"harina Bizcochona de trigo estuche 500 g","brand":"HARIMSA ","img":"https://sgfm.elcorteingles.es/SGFM/01/20/6/0118037901206/0118037901206000g01011.jpg","price":"1,31 €","price_unit":"(2,62 € / Kilo)","categories":["Supermercado","Alimentación General","Harinas y levaduras","Harinas especiales","HARIMSA harina Bizcochona de trigo estuche 500 g"],"general_information":["Denominación del alimento: Harina para hacer bizcocho.","Nombre del operador: Harinera Mediterránea S.A.","Dirección del operador: C/ Eduardo Marquina, 18 - 30203 Cartagena (Murcia) - España.","Cantidad Neta: 500 g","Otras menciones obligatorias en la etiqueta: Producto envasado en atmósfera protectora."],"ingredients":[" Harina de trigo, gasificante (E-450i, E-500i, E-170, almidón de maíz y antiaglomerante E-526). No necesita levadura. Contiene gluten. Puede contener trazas de huevo, leche y soja."],"conservation":" Conservar en lugar fresco (menos de 25°C) seco y aislado del suelo. Una vez abierto recomendamos guardar refrigerado.","ean":"8420813193430"},{"full_name":"HARIMSA harina especial pizza de trigo con levadura estuche 500 g","name":"harina especial pizza de trigo con levadura estuche 500 g","brand":"HARIMSA ","img":"https://sgfm.elcorteingles.es/SGFM/01/21/4/0118037901214/0118037901214000g01011.jpg","price":"1,31 €","price_unit":"(2,62 € / Kilo)","categories":["Supermercado","Alimentación General","Harinas y levaduras","Harinas especiales","HARIMSA harina especial pizza de trigo con levadura estuche 500 g"],"general_information":["Denominación del alimento: Preparado para hacer pizza.","Nombre del operador: Harinera Mediterránea S.A.","Dirección del operador: C/ Eduardo Marquina, 18 - 30203 Cartagena (Murcia) - España.","Cantidad Neta: 500 g","Otras menciones obligatorias en la etiqueta: Producto envasado en atmósfera protectora."],"ingredients":[" Harina de trigo y levadura seca. Contiene gluten. Puede contener trazas de huevo, leche y soja."],"conservation":" Conservar en lugar fresco (menos de 25°C) seco y aislado del suelo. Una vez abierto recomendamos guardar refrigerado.","ean":"8420813193447"},{"full_name":"HARIMSA harina Bizcochona de trigo integral estuche 500 g","name":"harina Bizcochona de trigo integral estuche 500 g","brand":"HARIMSA ","img":"https://sgfm.elcorteingles.es/SGFM/01/22/2/0118037901222/0118037901222000g01011.jpg","price":"1,31 €","price_unit":"(2,62 € / Kilo)","categories":["Supermercado","Alimentación General","Harinas y levaduras","Harinas especiales","HARIMSA harina Bizcochona de trigo integral estuche 500 g"],"general_information":["Denominación del alimento: Harina integral para hacer bizcocho.","Nombre del operador: Harinera Mediterránea S.A.","Dirección del operador: C/ Eduardo Marquina, 18 - 30203 Cartagena (Murcia) - España.","Cantidad Neta: 500 g"],"ingredients":[" Harina de trigo integral acondicionada. Contiene gluten."],"conservation":" Conservar en lugar fresco (menos de 25°C) seco y aislado del suelo. Una vez abierto recomendamos guardar refrigerado.","ean":"8420813193454"},{"full_name":"HARIMSA harina de arroz estuche 400 g","name":"harina de arroz estuche 400 g","brand":"HARIMSA ","img":"https://sgfm.elcorteingles.es/SGFM/dctm/MEDIA03/201612/21/00118037901537____1__600x600.jpg","price":"1,58 €","price_unit":"(3,95 € / Kilo)","categories":["Supermercado","Alimentación General","Harinas y levaduras","Harinas especiales","HARIMSA harina de arroz estuche 400 g"],"general_information":["Denominación del alimento: Harina de arroz","Nombre del operador: Harinera Mediterránea S.A.","Dirección del operador: C/ Eduardo Marquina, 18 (30203 Cartagena, Murcia).","Cantidad Neta: 400 g","Otras menciones obligatorias en la etiqueta: Producto envasado en atmósfera protectora. Sin gluten."],"ingredients":[" Harina de arroz"],"conservation":" Consérvese en lugar fresco (menos de 25 ºC), seco y aislado del suelo. Una vez abierto recomendamos guardar refigerado.","ean":"8420813193928"},{"full_name":"HARIMSA harina integral de avena estuche 400 g","name":"harina integral de avena estuche 400 g","brand":"HARIMSA ","img":"https://sgfm.elcorteingles.es/SGFM/dctm/MEDIA03/201612/21/00118037901529____1__600x600.jpg","price":"1,48 €","price_unit":"(3,70 € / Kilo)","categories":["Supermercado","Alimentación General","Harinas y levaduras","Harinas especiales","HARIMSA harina integral de avena estuche 400 g"],"general_information":["Denominación del alimento: Harina integral de avena","Nombre del operador: Harinera Mediterránea S.A.","Dirección del operador: C/ Eduardo Marquina, 18 (30203 Cartagena, Murcia).","Cantidad Neta: 400 g","Otras menciones obligatorias en la etiqueta: Producto envasado en atmósfera protectora."],"ingredients":[" Harina integral de avena"],"conservation":" Conservar en lugar fresco (menos de 25°C) seco y aislado del suelo. Una vez abierto el envase recomendamos guardar refrigerado.","ean":"8420813193744"},{"full_name":"HARIMSA preparado para magdalenas paquete 500 g","name":"preparado para magdalenas paquete 500 g","brand":"HARIMSA ","img":"https://sgfm.elcorteingles.es/SGFM/01/17/2/0118037901172/0118037901172000g01011.jpg","price":"1,99 €","price_unit":"(3,98 € / Kilo)","categories":["Supermercado","Alimentación General","Harinas y levaduras","Harinas especiales","HARIMSA preparado para magdalenas paquete 500 g"],"general_information":["Denominación del alimento: Magdalenas","Nombre del operador: Harinera Mediterránea S.A.","Dirección del operador: C/ Eduardo Marquina nº 18, Cartagena 30203 (Murcia).","Cantidad Neta: 500 g"],"ingredients":[" Harina de trigo, azúcar, huevo en polvo, gasificante (E450i, E500ii, E170, almidón de maíz y/o E516), leche en polvo y suero de leche en polvo."],"conservation":" Conservar en lugar fresco (menos de 25°C), seco y aislado del suelo. Una vez abierto recomendamos guardar refrigerado.","ean":"8420813193553"},{"full_name":"HARIMSA harina de garbanzo paquete 400 g","name":"harina de garbanzo paquete 400 g","brand":"HARIMSA ","img":"https://sgfm.elcorteingles.es/SGFM/dctm/MEDIA03/201701/20/00118037901479____1__600x600.jpg","price":"1,34 €","price_unit":"(3,35 € / Kilo)","categories":["Supermercado","Alimentación General","Harinas y levaduras","Harinas especiales","HARIMSA harina de garbanzo paquete 400 g"],"general_information":["Denominación del alimento: Harina de garbanzo.","Nombre del operador: Harinera Mediterránea S.A.","Dirección del operador: C/ Eduardo Marquina, 18 - 30203 Cartagena (Murcia) - España.","Cantidad Neta: 500 g","Otras menciones obligatorias en la etiqueta: Producto envasado en atmósfera protectora."],"ingredients":[" Harina de garbanzo. Contiene gluten. Puede contener trazas de huevo, leche y soja."],"conservation":" Conservar en lugar fresco (menos de 25°C) seco y aislado del suelo.","ean":"8420813193843"},{"full_name":"HARIMSA preparado para hacer pan multicereales con semillas paquete 500 g","name":"preparado para hacer pan multicereales con semillas paquete 500 g","brand":"HARIMSA ","img":"https://sgfm.elcorteingles.es/SGFM/dctm/MEDIA03/201701/20/00118037901487____1__600x600.jpg","price":"2,19 €","price_unit":"(4,38 € / Kilo)","categories":["Supermercado","Alimentación General","Harinas y levaduras","Harinas especiales","HARIMSA preparado para hacer pan multicereales con semillas paquete 500 g"],"general_information":["Denominación del alimento: Preparado para hacer pan multicereales con semillas.","Nombre del operador: Harinera Mediterránea S.A.","Dirección del operador: C/ Eduardo Marquina, 18 - 30203 Cartagena (Murcia) - España.","Cantidad Neta: 500 g","Otras menciones obligatorias en la etiqueta: Producto envasado en atmósfera protectora."],"ingredients":[" Harina de trigo, mijo, linaza marrón, harina de centeno, pipas de girasol, gluten de trigo, masa madre, harina de arroz, sal y agente de tratamiento de harinas (ácido ascórbico de orígen vegetal). Contiene 1 sobre de levadura seca natural. Contiene gluten. Puede contener trazas de huevo, leche y soja."],"conservation":" Conservar en lugar fresco (menos de 25°C) seco y aislado del suelo. Una vez abierto recomendamos guardar refrigerado.","ean":"8420813193720"},{"full_name":"YOLANDA harina especial para rebozar sin huevo paquete 500 g","name":"harina especial para rebozar sin huevo paquete 500 g","brand":"YOLANDA ","img":"https://sgfm.elcorteingles.es/SGFM/00/24/0/0118037900240/0118037900240000g01011.jpg","price":"1,32 €","price_unit":"(2,64 € / Kilo)","categories":["Supermercado","Alimentación General","Harinas y levaduras","Harinas especiales","YOLANDA harina especial para rebozar sin huevo paquete 500 g"],"general_information":["Denominación del alimento: Preparado alimenticio para rebozados y repostería sin necesidad de utilizar huevo.","Nombre del operador: Industrias López Caballero S.A.","Dirección del operador: C/ Recreative, 1, Apdo. 94 (30100 Murcia).","Cantidad Neta: 500,0 g"],"ingredients":[" Harina de trigo, harina de arroz, gasificante (E500ii), colorante (E160b) y acidulante (E334). Contiene gluten."],"conservation":" Preservar del calor y la humedad.","ean":"8410845792367"},{"full_name":"HARICAMAN harina de fuerza para hacer pan casero paquete 1 kg","name":"harina de fuerza para hacer pan casero paquete 1 kg","brand":"HARICAMAN ","img":"https://sgfm.elcorteingles.es/SGFM/01/16/4/0118037901164/0118037901164000g01011.jpg","price":"1,20 €","price_unit":"(1,20 € / Kilo)","categories":["Supermercado","Alimentación General","Harinas y levaduras","Harinas especiales","HARICAMAN harina de fuerza para hacer pan casero paquete 1 kg"],"general_information":["Denominación del alimento: Harina de fuerza","País de origen: España","Nombre del operador: Harinas de Castilla la Mancha, S.L.","Dirección del operador: Ctra.CM 4001 Km.28- 45250- Añover de Tajo (Toledo)","Lugar de procedencia del alimento: España","Cantidad Neta: 1 Kilogramos","Número de raciones por envase: 20"],"ingredients":[" Harina de trigo."],"conservation":" Mantener en sitio seco, fresco y aislado del suelo","ean":"8437000623304"},{"full_name":"LAS PANAERAS harina de garbanzos paquete 400 g","name":"harina de garbanzos paquete 400 g","brand":"LAS PANAERAS ","img":"https://sgfm.elcorteingles.es/SGFM/00/32/3/0118037900323/0118037900323000g01011.jpg","price":"1,13 €","price_unit":"(2,82 € / Kilo)","categories":["Supermercado","Alimentación General","Harinas y levaduras","Harinas especiales","LAS PANAERAS harina de garbanzos paquete 400 g"],"general_information":[],"ingredients":[],"ean":"8412427135173"},{"full_name":"TIPIAK tapioca express envase 250 g","name":"tapioca express envase 250 g","brand":"TIPIAK ","img":"https://sgfm.elcorteingles.es/SGFM/00/40/6/0118011900406/0118011900406000g01011.jpg","price":"3,50 €            ","price_unit":"(13,68 € / Kilo)","categories":["Supermercado","Alimentación General","Harinas y levaduras","Harinas especiales","TIPIAK tapioca express envase 250 g"],"general_information":["Denominación del alimento: TIPIAK:TAPIOCA EXPRESS 250g","País de origen: Francia","Nombre del operador: Ofistrade S.A.","Dirección del operador: C/Buenos Aires 38-40, entlo. C - 08036 Barcelona","Lugar de procedencia del alimento: Francia","Cantidad Neta: 250 g"],"ingredients":[" 100% almidón de mandioca."],"conservation":" Consérvese en lugar fresco y seco.","ean":"3600900020435"},{"full_name":"DOÑA PETRONA polenta instantánea paquete 500 g","name":"polenta instantánea paquete 500 g","brand":"DOÑA PETRONA ","img":"https://sgfm.elcorteingles.es/SGFM/dctm/MEDIA02/CONTENIDOS/201505/05/00118037901305____1__600x600.jpg","price":"1,79 €","price_unit":"(3,58 € / Kilo)","categories":["Supermercado","Alimentación General","Harinas y levaduras","Harinas especiales","DOÑA PETRONA polenta instantánea paquete 500 g"],"general_information":["Denominación del alimento: Polenta instantánea","País de origen: Italia","Nombre del operador: Caro Import S.L.","Dirección del operador: Can Illa s/n Nave A ? Pol. Ind. Can Met Sidro - 08530 La Garriga (Barcelona)","Cantidad Neta: 500 g"],"ingredients":[" Harina de maíz (100%). Puede contener gluten."],"conservation":" Conservar en lugar fresco y seco.","ean":"8425206001699"},{"full_name":"ES GARROVER harina de algarroba ecológica bolsa 500 g","name":"harina de algarroba ecológica bolsa 500 g","brand":"ES GARROVER ","img":"https://sgfm.elcorteingles.es/SGFM/dctm/MEDIA02/CONTENIDOS/201511/19/00118037901453____1__600x600.jpg","price":"5,67 €","price_unit":"(11,34 € / Kilo)","categories":["Supermercado","Alimentación General","Harinas y levaduras","Harinas especiales","ES GARROVER harina de algarroba ecológica bolsa 500 g"],"general_information":["Denominación del alimento: Algarroba en polvo","Nombre del operador: Es Garrover de Mallorca S.L.","Dirección del operador: C/Marina 107, 07620 Llucmajor, Mallorca.","Cantidad Neta: 500 g","Otras menciones obligatorias en la etiqueta: Sin gluten. Naturales, ecológicos y locales de Mallorca. La alternativa dulce al cacao, ideal con leche o yogur, pasteles y postres."],"ingredients":[" 100% Algarroba molida."],"conservation":" Una vez abierto consérvese en sitio fresco y seco. Vida útil: 12 meses.","ean":"0742832476782"},{"full_name":"OLMEDA harina especial pescados envase 1 kg","name":"harina especial pescados envase 1 kg","brand":"OLMEDA ","img":"https://sgfm.elcorteingles.es/SGFM/dctm/MEDIA03/201705/17/00118037901255____1__600x600.jpg","price":"1,64 €","price_unit":"(0 € / Kilo)","categories":["Supermercado","Alimentación General","Harinas y levaduras","Harinas especiales","OLMEDA harina especial pescados envase 1 kg"],"general_information":[],"ingredients":[],"ean":"8414452011101"},{"full_name":"SPELTASTUR harina de escanda (espelta) paquete 1 kg","name":"harina de escanda (espelta) paquete 1 kg","brand":"SPELTASTUR ","img":"https://sgfm.elcorteingles.es/SGFM/dctm/MEDIA03/201705/12/00118037900505____1__600x600.jpg","price":"7,33 €","price_unit":"(7,33 € / Kilo)","categories":["Supermercado","Alimentación General","Harinas y levaduras","Harinas especiales","SPELTASTUR harina de escanda (espelta) paquete 1 kg"],"general_information":[],"ingredients":[],"ean":"8437006415002"},{"full_name":"EL CORTE INGLES levadura en polvo 6 unidades estuche 90 g","name":"levadura en polvo 6 unidades estuche 90 g","brand":"EL CORTE INGLES ","img":"https://sgfm.elcorteingles.es/SGFM/dctm/MEDIA03/201609/23/00120606700902____1__600x600.jpg","price":"0,63 €","price_unit":"(7 € / Kilo)","categories":["Supermercado","Alimentación General","Harinas y levaduras","Levadura","EL CORTE INGLES levadura en polvo 6 unidades estuche 90 g"],"general_information":["Denominación del alimento: Gasificante para uso alimentario","Nombre del operador: Elaborado para El Corte Inglés por \nPromolac España, S.A.                                     Polígono Industrial Pont Xetmar C/F Nave 6      17844  Cornellà del Terri - Girona - España","Cantidad Neta: 90 g"],"ingredients":[" Ingredientes:  Gasificantes (Pirofosfato ácido de sodio y bicarbonato sódico) y almidón de maíz."],"conservation":" Conservar en lugar fresco y seco","ean":"8433329067447"},{"full_name":"ROYAL levadura Baking Podwer bote 113 g","name":"levadura Baking Podwer bote 113 g","brand":"ROYAL ","img":"https://sgfm.elcorteingles.es/SGFM/00/48/0/0120606700480/0120606700480000g01011.jpg","price":"2,24 €","price_unit":"(19,82 € / Kilo)","categories":["Supermercado","Alimentación General","Harinas y levaduras","Levadura","ROYAL levadura Baking Podwer bote 113 g"],"general_information":["Denominación del alimento: Levadura química en polvo. Destinado a la alimentación.","País de origen: España","Nombre del operador: Mondelez España Commercial, S.L.","Dirección del operador: C/Eucalipto, 25  - 28016 Madrid,  España","Cantidad Neta: 113 g"],"ingredients":[" INGREDIENTES: Gasificantes (difosfato disódico E-450 (i)), bicarbonato de sodio E-500 (ii)), almidón de maíz. PUEDE CONTENER LECHE."],"conservation":"Modo de empleo: es : .                                                                                                                                                                                          Ver instrucciones de preparación detalladas en el envase.","ean":"5601089080829"},{"full_name":"ROYAL levadura Baking Powder en polvo 4 unidades paquete 16 g","name":"levadura Baking Powder en polvo 4 unidades paquete 16 g","brand":"ROYAL ","img":"https://sgfm.elcorteingles.es/SGFM/dctm/MEDIA02/CONTENIDOS/201408/25/00120606700498____2__600x600.jpg","price":"1,51 €","price_unit":"(23,59 € / Kilo)","categories":["Supermercado","Alimentación General","Harinas y levaduras","Levadura","ROYAL levadura Baking Powder en polvo 4 unidades paquete 16 g"],"general_information":["Denominación del alimento: Levadura química en polvo. Destinado a la alimentación.","País de origen: España","Nombre del operador: Mondelez España Commercial, S.L.","Dirección del operador: C/Eucalipto, 25  - 28016 Madrid,  España","Cantidad Neta: 64 g"],"ingredients":[" INGREDIENTES: Gasificantes (bicarbonato de sodio E-500 (ii), difosfato disódico E-450 (i)), harina de arroz, estabilizante (fosfato monocálcico E-341 (i)). PUEDE CONTENER LECHE."],"conservation":" Conservar en lugar fresco y seco. Conservar en lugar fresco y seco. Este producto debe cocinarse antes de ser consumido.","ean":"0000084100054"},{"full_name":"ROYAL levadura de panadería 5 sobres envase 28 g","name":"levadura de panadería 5 sobres envase 28 g","brand":"ROYAL ","img":"https://sgfm.elcorteingles.es/SGFM/00/64/7/0120606700647/0120606700647000g01011.jpg","price":"1,59 €","price_unit":"(56,79 € / Kilo)","categories":["Supermercado","Alimentación General","Harinas y levaduras","Levadura","ROYAL levadura de panadería 5 sobres envase 28 g"],"general_information":["Denominación del alimento: Levadura de panaderia deshidratada. Envasado en atmósfera protectora.","País de origen: España","Nombre del operador: Mondelez España Commercial, S.L.","Dirección del operador: C/Eucalipto, 25  - 28016 Madrid,  España","Cantidad Neta: 27.5 g"],"ingredients":[" Ingredientes: Levadura deshidratada (SACCHAROMYCES CEREVISIAE), emulgente (E-491)."],"conservation":" Conservar en lugar fresco y seco.","ean":"7622210176523"},{"full_name":"VAHINE levadura súper rápida de panadería caja 18,40 g","name":"levadura súper rápida de panadería caja 18,40 g","brand":"VAHINE ","img":"https://sgfm.elcorteingles.es/SGFM/00/45/8/0120607100458/0120607100458000g01011.jpg","price":"1,38 €","price_unit":"(0,75 € / Kilo)","categories":["Supermercado","Alimentación General","Harinas y levaduras","Levadura","VAHINE levadura súper rápida de panadería caja 18,40 g"],"general_information":["Denominación del alimento: Levadura de panadería","País de origen: Alemania","Nombre del operador: McCormick España, S.A.","Dirección del operador: Av. Francesc Macià, 38 p. 11 08208 Sadabell -- Encuentre más ideas y recetas en www.vahine.es","Cantidad Neta: 0.018 Kilogramos","Otras menciones obligatorias en la etiqueta: Super Rápida Hace subir la masa en menos tiempo Sugerencia de presentación"],"ingredients":[" INGREDIENTES: Levadura de panadería deshidratada, emulgente: E491, antioxidante: E300."],"conservation":" CONSERVACIÓN:\nEsta levadura es un producto deshidratado pero vivo. Todo sobre abierto debe conservarse en el frigorífico y consumirse en un plazo máximo de 48 horas.","ean":"3179140173923"},{"full_name":"VAHINE levadura química espongosidad prolongada 5 sobres estuche 48 g","name":"levadura química espongosidad prolongada 5 sobres estuche 48 g","brand":"VAHINE ","img":"https://sgfm.elcorteingles.es/SGFM/00/72/2/0120607100722/0120607100722000g01011.jpg","price":"2,58 €","price_unit":"(53,75 € / Kilo)","categories":["Supermercado","Alimentación General","Harinas y levaduras","Levadura","VAHINE levadura química espongosidad prolongada 5 sobres estuche 48 g"],"general_information":["Denominación del alimento: Levadura química esponjosidad prolongada","País de origen: Alemania","Nombre del operador: McCormick España, S.A.","Dirección del operador: Av. Francesc Macià, 38 p. 11 08208 Sadabell","Cantidad Neta: 0.048 Kilogramos"],"ingredients":[" Ingredientes: Gasificantes: pirofosfato disódico y bicarbonato de sodio, emulgente (origen vegetal): E741. Puede contener TRIGO"],"ean":"3179148906448"},{"full_name":"MAIZENA Potax levadura estuche 4 unidades caja 38 g","name":"Potax levadura estuche 4 unidades caja 38 g","brand":"MAIZENA ","img":"https://sgfm.elcorteingles.es/SGFM/00/50/6/0120606700506/0120606700506000g01011.jpg","price":"1,18 €","price_unit":"(31,05 € / Kilo)","categories":["Supermercado","Alimentación General","Harinas y levaduras","Levadura","MAIZENA Potax levadura estuche 4 unidades caja 38 g"],"general_information":["Denominación del alimento: Gasificante","Nombre del operador: Unilever España S.A.","Dirección del operador: C/Tecnología 19, 08840 Viladecans (Barcelona)","Cantidad Neta: 38 g"],"ingredients":[" Gasificantes (difosfatos, carbonatos de sodio), fécula de patata, acidulante (ácido cítrico). Puede contener gluten, huevo y leche."],"conservation":"Modo de empleo: Un sobre es para aproximadamente 400g de harina.","ean":"8410127030750"},{"full_name":"EL CANARIO levadura en polvo caja 64 g","name":"levadura en polvo caja 64 g","brand":"EL CANARIO ","img":"https://sgfm.elcorteingles.es/SGFM/00/51/4/0120606700514/0120606700514000g01011.jpg","price":"0,99 €","price_unit":"(15,47 € / Kilo)","categories":["Supermercado","Alimentación General","Harinas y levaduras","Levadura","EL CANARIO levadura en polvo caja 64 g"],"general_information":["Denominación del alimento: Levadura en polvo","Nombre del operador: El Canario","Dirección del operador: C. Gremi Setellers i Baters, 16 Pol. Son Castelló - 07009 Palma de Mallorca (Baleares)","Cantidad Neta: 64,0 g","Número de raciones por envase: 4"],"ingredients":[" Cremor tartaro, bicarbonato sódico, harina de trigo y ácido tartárico."],"ean":"8410815000027"},{"full_name":"MAIZENA levadura de panadería caja 27,5 g","name":"levadura de panadería caja 27,5 g","brand":"MAIZENA ","img":"https://sgfm.elcorteingles.es/SGFM/00/52/2/0120606700522/0120606700522000g01011.jpg","price":"1,55 €","price_unit":"(56,36 € / Kilo)","categories":["Supermercado","Alimentación General","Harinas y levaduras","Levadura","MAIZENA levadura de panadería caja 27,5 g"],"general_information":["Denominación del alimento: Levadura deshidratada","Nombre del operador: Unilever España S.A.","Dirección del operador: C/Tecnología 19, 08840 Viladecans (Barcelona)","Cantidad Neta: 27.5 g"],"ingredients":[" Levadura deshidratada, emulgente (E491)."],"conservation":" Conservar En Un Lugar Fresco Y Seco","ean":"8410127129065"},{"full_name":"LEVANOVA levadura fresca prensada estuche 50 g","name":"levadura fresca prensada estuche 50 g","brand":"LEVANOVA ","img":"https://sgfm.elcorteingles.es/SGFM/dctm/MEDIA02/CONTENIDOS/201602/01/00118855100410____1__600x600.jpg","price":"0,34 €","price_unit":"(6,80 € / Kilo)","categories":["Supermercado","Alimentación General","Harinas y levaduras","Levadura","LEVANOVA levadura fresca prensada estuche 50 g"],"general_information":["Denominación del alimento: Levadura","Nombre del operador: LESAFFRE  IBERICA S.A.","Dirección del operador: Avenida de  Santander  138 47011 Valladolid","Cantidad Neta: 50 g"],"ingredients":[" Levadura"],"conservation":" Conservar entre 0°C y 10°C","ean":"8436005821753"},{"full_name":"SANTA RITA semilla tostada sésamo ajonjoli envase 200 g","name":"semilla tostada sésamo ajonjoli envase 200 g","brand":"SANTA RITA ","img":"https://sgfm.elcorteingles.es/SGFM/00/43/0/0118011900430/0118011900430000g01011.jpg","price":"3,23 €","price_unit":"(16,15 € / Kilo)","categories":["Supermercado","Alimentación General","Harinas y levaduras","Sémolas","SANTA RITA semilla tostada sésamo ajonjoli envase 200 g"],"general_information":["Denominación del alimento: Semilla de sesamo tostado","Nombre del operador: Santa Rita Harinas S.L.","Dirección del operador: Ctra. Perales, km. 52,00, Loranca de Tajuña, 19141 Guadalajara","Cantidad Neta: 200 g","Otras menciones obligatorias en la etiqueta: No apta para celiacos."],"ingredients":[" Semillas de sesamo seleccionadas y limpias. Puede contener gluten por contaminacion cruzada en fabrica."],"conservation":" Conservar en lugar fresco y seco, (máx. 28° C) aislado del suelo, preservar de rayos solares o fuentes de calor, mantener el envase cerrado","ean":"8414452011392"},{"full_name":"REX sémola de arroz bolsa 500 g","name":"sémola de arroz bolsa 500 g","brand":"REX ","img":"https://sgfm.elcorteingles.es/SGFM/00/10/9/0118011900109/0118011900109000g01011.jpg","price":"0,82 €","price_unit":"(1,64 € / Kilo)","categories":["Supermercado","Alimentación General","Harinas y levaduras","Sémolas","REX sémola de arroz bolsa 500 g"],"general_information":["Denominación del alimento: Sémola de arroz","Nombre del operador: Pascual Arnandis Martinez, SA","Dirección del operador: Ctra. Algemesí s/n 46687 Albalat de la Ribera (Valencia)","Cantidad Neta: 500 g","Otras menciones obligatorias en la etiqueta: Se pone el caldo que se quiera aprovechar en un recipiente al fuego. Una vez comienza a hervir se añade poco a poco, pero continuadamente la sémola Rex. Se deja hervir unos diez minutos y se sirve. La ración mas conveniente es la una cucharada sopera colmada (25g), para dos tazones de caldo ( medio litro aproximado)."],"ingredients":[" Arroz"],"conservation":" Conservar en lugar fresco y seco.","ean":"8410901133059"},{"full_name":"EL MOLINO sémola de trigo para migas paquete 1 kg","name":"sémola de trigo para migas paquete 1 kg","brand":"EL MOLINO ","img":"https://sgfm.elcorteingles.es/SGFM/dctm/MEDIA02/CONTENIDOS/201408/25/00118011900075____1__600x600.jpg","price":"1,70 €","categories":["Supermercado","Alimentación General","Harinas y levaduras","Sémolas","EL MOLINO sémola de trigo para migas paquete 1 kg"],"general_information":["Denominación del alimento: Sémola de trigo duro.","País de origen: España","Nombre del operador: HIJOS DE DIONISIO FERRER CARDENAS C.B.","Dirección del operador: Carretera de Motril, km 139 18620 Alhendin (Granada)"],"ingredients":[" Sémola de trigo duro. Contiene gluten."],"conservation":" Consérvese en lugar: fresco, seco, aislado del suelo y olores. Cerrar bien el paquete cada vez que lo use.","ean":"8413297010041"},{"full_name":"LA CATALANA sémola de trigo para migas bolsa 1 kg","name":"sémola de trigo para migas bolsa 1 kg","brand":"LA CATALANA ","img":"https://sgfm.elcorteingles.es/SGFM/00/09/1/0118011900091/0118011900091000g01011.jpg","price":"2,12 €","categories":["Supermercado","Alimentación General","Harinas y levaduras","Sémolas","LA CATALANA sémola de trigo para migas bolsa 1 kg"],"general_information":[],"ingredients":[],"ean":"8413286000206"},{"full_name":"SOS quinoa bolsa 250 g","name":"quinoa bolsa 250 g","brand":"SOS ","img":"https://sgfm.elcorteingles.es/SGFM/dctm/MEDIA03/201607/27/00118011900471____1__600x600.jpg","price":"1,63 €","price_unit":"(6,52 € / Kilo)","categories":["Supermercado","Alimentación General","Harinas y levaduras","Sémolas","SOS quinoa bolsa 250 g"],"general_information":["Denominación del alimento: Quinoa","Nombre del operador: Herba Ricemills, S.L.U.","Dirección del operador: C/ Real, 43 - 41920 San Juan de Aznalfarache (Sevilla)","Cantidad Neta: 250 g"],"ingredients":[" Quinoa"],"conservation":" Conservar a temperatura ambiente en lugar fresco y seco.","ean":"8410184027779"},{"full_name":"SOS Vidasania quinoa roja bolsa 200 g","name":"Vidasania quinoa roja bolsa 200 g","brand":"SOS ","img":"https://sgfm.elcorteingles.es/SGFM/dctm/MEDIA03/201704/12/00118011900513____1__600x600.jpg","price":"1,82 €","price_unit":"(9,10 € / Kilo)","categories":["Supermercado","Alimentación General","Harinas y levaduras","Sémolas","SOS Vidasania quinoa roja bolsa 200 g"],"general_information":["Denominación del alimento: Quinoa roja","Nombre del operador: Herba Ricemills. S.L.U.","Dirección del operador: C/ Real. 43 - 41920 San Juan de Aznalfarache (Sevilla)","Cantidad Neta: 200 g"],"ingredients":[" Quinoa roja 100%"],"conservation":" Almacenar en lugar fresco y seco.","ean":"8410830031105"},{"full_name":"SOS Vidasania chía bolsa 200 g","name":"Vidasania chía bolsa 200 g","brand":"SOS ","img":"https://sgfm.elcorteingles.es/SGFM/dctm/MEDIA03/201704/12/00118011900521____1__600x600.jpg","price":"1,82 €","price_unit":"(9,10 € / Kilo)","categories":["Supermercado","Alimentación General","Harinas y levaduras","Sémolas","SOS Vidasania chía bolsa 200 g"],"general_information":["Denominación del alimento: Chia","Nombre del operador: Herba Ricemills. S.L.U.","Dirección del operador: C/ Real. 43 - 41920 San Juan de Aznalfarache (Sevilla)","Cantidad Neta: 200 g"],"ingredients":[" Chia (100%)"],"conservation":" Almacenar en lugar fresco y seco.","ean":"8410184030663"}]