[{"full_name":"EL CORTE INGLES té clásico estuche 25 bolsitas","name":"té clásico estuche 25 bolsitas","brand":"EL CORTE INGLES ","img":"https://sgfm.elcorteingles.es/SGFM/dctm/MEDIA02/CONTENIDOS/201601/18/00120648300547____2__600x600.jpg","price":"0,51 €","price_unit":"(11,66 € / Kilo)","categories":["Supermercado","Desayunos Dulces y pan","Desayunos, dulces y pan","Infusiones y tés","Tés clásicos","EL CORTE INGLES té clásico estuche 25 bolsitas"],"general_information":["Denominación del alimento: Té","Nombre del operador: Envasado para  El Corte Inglés por                      Pompadour Ibérica, S.A.                                              Ctra. de Madrid, Km 405  03114 Alicante (España)","Cantidad Neta: 43,75 g"],"ingredients":[],"conservation":" Conservar en lugar fresco y seco.","ean":"8433329066129"},{"full_name":"EL CORTE INGLES té Earl Grey 20 bolsitas estuche 35 g","name":"té Earl Grey 20 bolsitas estuche 35 g","brand":"EL CORTE INGLES ","img":"https://sgfm.elcorteingles.es/SGFM/dctm/MEDIA03/201603/02/00120648303228____1__600x600.jpg","price":"1,00 €","price_unit":"(27,03 € / Kilo)","categories":["Supermercado","Desayunos Dulces y pan","Desayunos, dulces y pan","Infusiones y tés","Tés clásicos","EL CORTE INGLES té Earl Grey 20 bolsitas estuche 35 g"],"general_information":["Denominación del alimento: Té negro con aroma de bergamota","Nombre del operador: Envasado para  El Corte Inglés por                      Pompadour Ibérica, S.A.                                              Ctra. de Madrid, Km 405  03114 Alicante (España)","Cantidad Neta: 35 g"],"ingredients":[" Ingredientes: Té negro (Camellia sinensis) 97% y aroma de bergamota 3%."],"conservation":" Conservar en lugar fresco y seco.","ean":"8433329066099"},{"full_name":"EL CORTE INGLES té Breakfast 25 bolsitas estuche 43,75 g","name":"té Breakfast 25 bolsitas estuche 43,75 g","brand":"EL CORTE INGLES ","img":"https://sgfm.elcorteingles.es/SGFM/dctm/MEDIA03/201605/20/00120648303251____1__600x600.jpg","price":"0,83 €","price_unit":"(18,97 € / Kilo)","categories":["Supermercado","Desayunos Dulces y pan","Desayunos, dulces y pan","Infusiones y tés","Tés clásicos","EL CORTE INGLES té Breakfast 25 bolsitas estuche 43,75 g"],"general_information":["Denominación del alimento: Té negro","Nombre del operador: Envasado para  El Corte Inglés por                      Pompadour Ibérica, S.A.                                              Ctra. de Madrid, Km 405  03114 Alicante (España)","Cantidad Neta: 43,75 g"],"ingredients":[" Ingredientes: 100% Té negro (Camellia sinensis )"],"conservation":" Conservar en lugar fresco y seco.","ean":"8433329066082"},{"full_name":"EL CORTE INGLES té descafeinado 20 bolsitas estuche 35 g","name":"té descafeinado 20 bolsitas estuche 35 g","brand":"EL CORTE INGLES ","img":"https://sgfm.elcorteingles.es/SGFM/dctm/MEDIA03/201605/05/00120648303244____1__600x600.jpg","price":"1,26 €","price_unit":"(36 € / Kilo)","categories":["Supermercado","Desayunos Dulces y pan","Desayunos, dulces y pan","Infusiones y tés","Tés clásicos","EL CORTE INGLES té descafeinado 20 bolsitas estuche 35 g"],"general_information":["Denominación del alimento: Té descafeinado","Nombre del operador: Envasado para  El Corte Inglés por                      Pompadour Ibérica, S.A.                                              Ctra. de Madrid, Km 405  03114 Alicante (España)","Cantidad Neta: 35 g"],"ingredients":[" Ingredientes: 100% Té (Camellia sinensis)"],"conservation":" Conservar en lugar fresco y seco.","ean":"8433329066105"},{"full_name":"NESCAFE DOLCE GUSTO Chai Tea Latte té con leche 8 dosis estuche 100 g","name":"Chai Tea Latte té con leche 8 dosis estuche 100 g","brand":"NESCAFE DOLCE GUSTO ","img":"https://sgfm.elcorteingles.es/SGFM/dctm/MEDIA02/CONTENIDOS/201601/04/00120604602480____1__600x600.jpg","price":"4,85 €","categories":["Supermercado","Desayunos Dulces y pan","Desayunos, dulces y pan","Infusiones y tés","Tés clásicos","NESCAFE DOLCE GUSTO Chai Tea Latte té con leche 8 dosis estuche 100 g"],"general_information":["Denominación del alimento: Preparado de té en polvo sabor a especias, con leche en polvo y azúcar","Nombre del operador: Nestlé España, S.A.","Dirección del operador: Avinguda Països Catalans, 51 - 08950 Esplugues de Llobregat (Barcelona)","Cantidad Neta: 159.2 g","Otras menciones obligatorias en la etiqueta: Envasado en atmósfera protectora."],"ingredients":[" Azúcar (48.3%), leche en polvo (42.0%), extracto de té en polvo (8.3%), aromas naturales de especias (canela, jengibre, cardamomo y clavo), aceite vegetal (coco, palma), emulgente lecitina de soja. Leche en polvo, azúcar (17.6%), emulgente lecitina de soja."],"conservation":" Conservar en lugar limpio, fresco y seco.","ean":"7613032713065"},{"full_name":"NESCAFE DOLCE GUSTO té Marrakesh 16 cápsulas estuche 116,8 g","name":"té Marrakesh 16 cápsulas estuche 116,8 g","brand":"NESCAFE DOLCE GUSTO ","img":"https://sgfm.elcorteingles.es/SGFM/dctm/MEDIA03/201603/16/00120604601235____2__600x600.jpg","price":"4,85 €","price_unit":"(41,81 € / Kilo)","categories":["Supermercado","Desayunos Dulces y pan","Desayunos, dulces y pan","Infusiones y tés","Tés clásicos","NESCAFE DOLCE GUSTO té Marrakesh 16 cápsulas estuche 116,8 g"],"general_information":["Denominación del alimento: Preparado de té verde sabor a menta, con azúcar.","Nombre del operador: Nestlé España, S.A.","Dirección del operador: Avinguda Països Catalans, 51 - 08950 Esplugues de Llobregat (Barcelona)","Cantidad Neta: 116.8 g","Otras menciones obligatorias en la etiqueta: Envasado en atmósfera protectora."],"ingredients":[" Azúcar, extracto de té verde en polvo (3.4%), aroma natural de menta, aceites vegetales (coco, palma). Puede contener trazas de leche y soja."],"conservation":" Conservar en lugar limpio, fresco y seco.","ean":"7613034155290"},{"full_name":"NESCAFE DOLCE GUSTO Nestea limón 16 cápsulas estuche 96 g","name":"Nestea limón 16 cápsulas estuche 96 g","brand":"NESCAFE DOLCE GUSTO ","img":"https://sgfm.elcorteingles.es/SGFM/dctm/MEDIA03/201603/16/00120604601953____3__600x600.jpg","price":"4,85 €","price_unit":"(50,52 € / Kilo)","categories":["Supermercado","Desayunos Dulces y pan","Desayunos, dulces y pan","Infusiones y tés","Tés clásicos","NESCAFE DOLCE GUSTO Nestea limón 16 cápsulas estuche 96 g"],"general_information":["Denominación del alimento: Preparado de té con zumo de limón. Con azúcar y edulcorante.","Nombre del operador: Nestlé España, S.A.","Dirección del operador: Avinguda Països Catalans, 51 - 08950 Esplugues de Llobregat (Barcelona)","Cantidad Neta: 96 g","Otras menciones obligatorias en la etiqueta: Envasado en atmósfera protectora."],"ingredients":[" Azúcar, extracto de té en polvo (6.9%), acidulante (ácido cítrico), maltodextrina, zumo de limón (2.5%), edulcorante (aspartamo), aromas naturales de limón, aceite vegetal (coco y palma). Puede contener trazas de leche y soja. Contiene una fuente de fenilalanina."],"conservation":" Conservar en lugar limpio, fresco y seco.","ean":"7613033024030"},{"full_name":"TWININGS té English Breakfast lata 100 g","name":"té English Breakfast lata 100 g","brand":"TWININGS ","img":"https://sgfm.elcorteingles.es/SGFM/dctm/MEDIA03/201608/26/00120648300026____1__600x600.jpg","price":"5,36 €","price_unit":"(53,60 € / Kilo)","categories":["Supermercado","Desayunos Dulces y pan","Desayunos, dulces y pan","Infusiones y tés","Tés clásicos","TWININGS té English Breakfast lata 100 g"],"general_information":["Denominación del alimento: Té","Nombre del operador: Bolton Cile España","Dirección del operador: C/ Ombú nº3 28045 Madrid, España","Cantidad Neta: 100 g"],"ingredients":[" Té negro"],"ean":"0070177029630"},{"full_name":"TWININGS té English Breakfast 25 bolsitas estuche 50 g","name":"té English Breakfast 25 bolsitas estuche 50 g","brand":"TWININGS ","img":"https://sgfm.elcorteingles.es/SGFM/dctm/MEDIA03/201701/24/00120648300083____3__600x600.jpg","price":"3,23 €","price_unit":"(64,60 € / Kilo)","categories":["Supermercado","Desayunos Dulces y pan","Desayunos, dulces y pan","Infusiones y tés","Tés clásicos","TWININGS té English Breakfast 25 bolsitas estuche 50 g"],"general_information":["Denominación del alimento: Té","Nombre del operador: Bolton Cile España","Dirección del operador: C/ Ombú nº3 28045 Madrid, España","Cantidad Neta: 20 g"],"ingredients":[" Té negro"],"ean":"0070177010775"},{"full_name":"TWININGS té Earl Grey lata 100 g","name":"té Earl Grey lata 100 g","brand":"TWININGS ","img":"https://sgfm.elcorteingles.es/SGFM/dctm/MEDIA03/201608/26/00120648300042____1__600x600.jpg","price":"5,36 €","price_unit":"(53,60 € / Kilo)","categories":["Supermercado","Desayunos Dulces y pan","Desayunos, dulces y pan","Infusiones y tés","Tés clásicos","TWININGS té Earl Grey lata 100 g"],"general_information":["Denominación del alimento: Té","Nombre del operador: Bolton Cile España","Dirección del operador: C/ Ombú nº3 28045 Madrid, España","Cantidad Neta: 100 g"],"ingredients":[" Té, aroma de bergamota (3%)"],"ean":"0070177029623"},{"full_name":"TWININGS té Earl Grey descafeinado 25 bolsitas estuche 50 g","name":"té Earl Grey descafeinado 25 bolsitas estuche 50 g","brand":"TWININGS ","img":"https://sgfm.elcorteingles.es/SGFM/dctm/MEDIA03/201701/24/00120648300208____1__600x600.jpg","price":"4,29 €","price_unit":"(85,80 € / Kilo)","categories":["Supermercado","Desayunos Dulces y pan","Desayunos, dulces y pan","Infusiones y tés","Tés clásicos","TWININGS té Earl Grey descafeinado 25 bolsitas estuche 50 g"],"general_information":["Nombre del operador: Bolton Cile España","Dirección del operador: C\\ Ombú nº 3 28045 Madrid, España"],"ingredients":[],"ean":"0070177077662"},{"full_name":"TWININGS té Earl Grey 25 bolsitas estuche 50 g","name":"té Earl Grey 25 bolsitas estuche 50 g","brand":"TWININGS ","img":"https://sgfm.elcorteingles.es/SGFM/dctm/MEDIA03/201701/23/00120648300091____4__600x600.jpg","price":"3,23 €","price_unit":"(64,60 € / Kilo)","categories":["Supermercado","Desayunos Dulces y pan","Desayunos, dulces y pan","Infusiones y tés","Tés clásicos","TWININGS té Earl Grey 25 bolsitas estuche 50 g"],"general_information":[],"ingredients":[],"ean":"70177077563"},{"full_name":"TWININGS té Prince of Wales 25 bolsitas estuche 50 g","name":"té Prince of Wales 25 bolsitas estuche 50 g","brand":"TWININGS ","img":"https://sgfm.elcorteingles.es/SGFM/dctm/MEDIA03/201701/24/00120648300117____1__600x600.jpg","price":"3,92 €","price_unit":"(78,40 € / Kilo)","categories":["Supermercado","Desayunos Dulces y pan","Desayunos, dulces y pan","Infusiones y tés","Tés clásicos","TWININGS té Prince of Wales 25 bolsitas estuche 50 g"],"general_information":["Denominación del alimento: Té","Nombre del operador: Bolton Cile España","Dirección del operador: C/ Ombú nº 3 28045 Madrid, España","Cantidad Neta: 50 g"],"ingredients":[" Té negro"],"ean":"0070177037505"},{"full_name":"TWININGS té con naranja y canela 25 bolsitas estuche 50 g","name":"té con naranja y canela 25 bolsitas estuche 50 g","brand":"TWININGS ","img":"https://sgfm.elcorteingles.es/SGFM/dctm/MEDIA03/201709/29/00120648303202____1__600x600.jpg","price":"3,92 €","price_unit":"(78,40 € / Kilo)","categories":["Supermercado","Desayunos Dulces y pan","Desayunos, dulces y pan","Infusiones y tés","Tés clásicos","TWININGS té con naranja y canela 25 bolsitas estuche 50 g"],"general_information":["Nombre del operador: Bolton Cile España","Dirección del operador: C\\ Ombú nº 3 28045 Madrid, España"],"ingredients":[],"ean":"0070177071349"},{"full_name":"TWININGS té con 4 frutas rojas 25 bolsitas estuche 50","name":"té con 4 frutas rojas 25 bolsitas estuche 50 ","brand":"TWININGS ","img":"https://sgfm.elcorteingles.es/SGFM/dctm/MEDIA03/201709/29/00120648303210____1__600x600.jpg","price":"3,49 €","price_unit":"(69,80 € / Kilo)","categories":["Supermercado","Desayunos Dulces y pan","Desayunos, dulces y pan","Infusiones y tés","Tés clásicos","TWININGS té con 4 frutas rojas 25 bolsitas estuche 50"],"general_information":["Nombre del operador: Bolton Cile España","Dirección del operador: C\\ Ombú nº 3 28045 Madrid, España"],"ingredients":[],"ean":"0070177025953"},{"full_name":"HORNIMANS té Classic 100 % natural estuche 100 bolsitas","name":"té Classic 100 % natural estuche 100 bolsitas","brand":"HORNIMANS ","img":"https://sgfm.elcorteingles.es/SGFM/dctm/MEDIA02/CONTENIDOS/201504/30/00200248302044____1__600x600.jpg","price":"4,35 €","price_unit":"(43,50 € / Kilo)","categories":["Supermercado","Desayunos Dulces y pan","Desayunos, dulces y pan","Infusiones y tés","Tés clásicos","HORNIMANS té Classic 100 % natural estuche 100 bolsitas"],"general_information":["Denominación del alimento: Té","Nombre del operador: JACOBS DOUWE EGBERTS B.V.","Dirección del operador: Oosterdoksstraat 80, 1011 DK Amsterdam The Netherlands","Cantidad Neta: 0.175 Kilogramos","Número de raciones por envase: 100"],"ingredients":[" Ingredientes: Té 100%"],"conservation":" Conservar en un lugar fresco y seco.","ean":"8410091025226"},{"full_name":"HORNIMANS té classic estuche 25 bolsitas","name":"té classic estuche 25 bolsitas","brand":"HORNIMANS ","img":"https://sgfm.elcorteingles.es/SGFM/dctm/MEDIA02/CONTENIDOS/201408/27/00120648300489____2__600x600.jpg","price":"1,69 €","price_unit":"(0,07 € / Unidad)","categories":["Supermercado","Desayunos Dulces y pan","Desayunos, dulces y pan","Infusiones y tés","Tés clásicos","HORNIMANS té classic estuche 25 bolsitas"],"general_information":["Denominación del alimento: Té","Nombre del operador: JACOBS DOUWE EGBERTS B.V.","Dirección del operador: Oosterdoksstraat 80, 1011 DK Amsterdam The Netherlands","Cantidad Neta: 43.75 g","Número de raciones por envase: 25"],"ingredients":[" Ingredientes: Té 100%"],"conservation":" Conservar en un lugar fresco y seco.","ean":"8410091103368"},{"full_name":"HORNIMANS té chai con especias paquete 20 bolsitas","name":"té chai con especias paquete 20 bolsitas","brand":"HORNIMANS ","img":"https://sgfm.elcorteingles.es/SGFM/dctm/MEDIA03/201609/19/00120648303293____1__600x600.jpg","price":"2,02 €","price_unit":"(0,10 € / Unidad)","categories":["Supermercado","Desayunos Dulces y pan","Desayunos, dulces y pan","Infusiones y tés","Tés clásicos","HORNIMANS té chai con especias paquete 20 bolsitas"],"general_information":["Denominación del alimento: Té aromatizado","Nombre del operador: JACOBS DOUWE EGBERTS B.V.","Dirección del operador: Oosterdoksstraat 80, 1011 DK Amsterdam The Netherlands","Cantidad Neta: 0.04 Kilogramos","Número de raciones por envase: 20"],"ingredients":[" Ingredientes: Té, Canela (10%), Cardamomo (10%), Jengibre, Aromas, Clavo, Achicoria, Anís, Pimienta."],"conservation":" Conservar en un lugar fresco y seco.","ean":"8410091108905"},{"full_name":"HORNIMANS té latte ultra intenso instantáneo 12 bolsitas envase 36 g","name":"té latte ultra intenso instantáneo 12 bolsitas envase 36 g","brand":"HORNIMANS ","img":"https://sgfm.elcorteingles.es/SGFM/dctm/MEDIA02/CONTENIDOS/201510/19/00200248302523____1__600x600.jpg","price":"2,54 €","price_unit":"(70,56 € / Kilo)","categories":["Supermercado","Desayunos Dulces y pan","Desayunos, dulces y pan","Infusiones y tés","Tés clásicos","HORNIMANS té latte ultra intenso instantáneo 12 bolsitas envase 36 g"],"general_information":["Denominación del alimento: Preparado para bebida aromatizada instantánea con extracto de té, con azúcar y edulcorante.","Nombre del operador: JACOBS DOUWE EGBERTS B.V.","Dirección del operador: Oosterdoksstraat 80, 1011 DK Amsterdam The Netherlands","Cantidad Neta: 0.036 Kilogramos","Número de raciones por envase: 12"],"ingredients":[" Ingredientes: Dextrosa, colorante (caramelo natural), aromas, extracto de té negro (3,3%), extracto de té chai (1,7%) (té, jengibre, canela, lemongrass, cardamomo, clavo), antiaglomerante (Dióxido de silicio), edulcorante (sucralosa)."],"conservation":" Conservar en un lugar fresco y seco.","ean":"8410091066076"},{"full_name":"HORNIMANS Placeres del Mundo Bombay té negro en hoja con naranja, vainilla y canela paquete 85 g","name":"Placeres del Mundo Bombay té negro en hoja con naranja, vainilla y canela paquete 85 g","brand":"HORNIMANS ","img":"https://sgfm.elcorteingles.es/SGFM/dctm/MEDIA03/201711/03/00120648303756____1__600x600.jpg","price":"2,99 €","price_unit":"(35,18 € / Kilo)","categories":["Supermercado","Desayunos Dulces y pan","Desayunos, dulces y pan","Infusiones y tés","Tés clásicos","HORNIMANS Placeres del Mundo Bombay té negro en hoja con naranja, vainilla y canela paquete 85 g"],"general_information":["Denominación del alimento: Té negro con naranja, canela y vanilla aromatizado","Nombre del operador: JACOBS DOUWE EGBERTS B.V","Dirección del operador: Oosterdoksstraat 80, 1011 DK Amsterdam The Netherlands","Cantidad Neta: 85 g"],"ingredients":[" Ingredientes:Té negro (61%), aroma, corteza de naranja (10%), canela (5%), regaliz, aciano azul, vainilla (2%) Contiene regaliz: las personas que padezcan hipertensión deben evitar un consumo excesivo."],"conservation":" En lugar fresco y seco. Una vez abierto conservar el envase cerrado.","ean":"8410091069053"},{"full_name":"LIPTON té Yellow Label 20 bolsitas estuche 62 g","name":"té Yellow Label 20 bolsitas estuche 62 g","brand":"LIPTON ","img":"https://sgfm.elcorteingles.es/SGFM/00/49/7/0120648300497/0120648300497000g01011.jpg","price":"1,55 €","price_unit":"(25 € / Kilo)","categories":["Supermercado","Desayunos Dulces y pan","Desayunos, dulces y pan","Infusiones y tés","Tés clásicos","LIPTON té Yellow Label 20 bolsitas estuche 62 g"],"general_information":["Denominación del alimento: Té negro aromatizado del cual el 5% de las hojas están prensadas para liberar su esencia","Nombre del operador: Unilever España S.A.","Dirección del operador: C/Tecnología 19, 08840 Viladecans (Barcelona)","Cantidad Neta: 30 g"],"ingredients":[" Té negro (99%), aroma."],"conservation":" Conservar en lugar fresco y seco.","ean":"8000990100010"},{"full_name":"MILFORD té negro Spicy 20 bolsitas caja 35 g","name":"té negro Spicy 20 bolsitas caja 35 g","brand":"MILFORD ","img":"https://sgfm.elcorteingles.es/SGFM/dctm/MEDIA03/201707/17/00120648303459____1__600x600.jpg","price":"1,62 €","price_unit":"(46,29 € / Kilo)","categories":["Supermercado","Desayunos Dulces y pan","Desayunos, dulces y pan","Infusiones y tés","Tés clásicos","MILFORD té negro Spicy 20 bolsitas caja 35 g"],"general_information":["Denominación del alimento: Te negro Spicy Chai","Nombre del operador: Milford,S.L.","Dirección del operador: Avda. de la Técnica 5 Nave B, 28522 Rivas Vaciamadrid,Madrid","Cantidad Neta: 35 g"],"ingredients":[" Té negro, canela, jengibre, clavo, vainilla, semillas de cardamomo"],"conservation":" Mantener en un lugar fresco y seco.","ean":"4002221022799"},{"full_name":"LA BRASILEÑA té negro pakistaní caja 15 bolsitas biodegradables envasadas en sobres individuales","name":"té negro pakistaní caja 15 bolsitas","brand":"LA BRASILEÑA ","img":"https://sgfm.elcorteingles.es/SGFM/dctm/MEDIA03/201709/27/00120648303582____1__600x600.jpg","price":"5,50 €","price_unit":"(0,37 € / Unidad)","categories":["Supermercado","Desayunos Dulces y pan","Desayunos, dulces y pan","Infusiones y tés","Tés clásicos","LA BRASILEÑA té negro pakistaní caja 15 bolsitas biodegradables envasadas en sobres individuales"],"general_information":[],"ingredients":[],"ean":"8410029003333"},{"full_name":"LA BRASILEÑA Chai Spice Blend mezcla yogi ideal para tomarla con leche sin teína caja 15 bolsitas biodegradables envasadas en sobres individuales","name":"Chai Spice Blend mezcla yogi ideal para tomarla con leche sin teína caja 15 bolsitas","brand":"LA BRASILEÑA ","img":"https://sgfm.elcorteingles.es/SGFM/dctm/MEDIA03/201709/27/00120648303616____1__600x600.jpg","price":"5,50 €","price_unit":"(0,37 € / Unidad)","categories":["Supermercado","Desayunos Dulces y pan","Desayunos, dulces y pan","Infusiones y tés","Tés clásicos","LA BRASILEÑA Chai Spice Blend mezcla yogi ideal para tomarla con leche sin teína caja 15 bolsitas biodegradables envasadas en sobres individuales"],"general_information":[],"ingredients":[],"ean":"8410029003388"},{"full_name":"PG té clásico 40 piramides caja 125 g","name":"té clásico 40 piramides caja 125 g","brand":"PG ","img":"https://sgfm.elcorteingles.es/SGFM/dctm/MEDIA03/201604/05/00120648300653____2__600x600.jpg","price":"1,69 €","price_unit":"(13,52 € / Kilo)","categories":["Supermercado","Desayunos Dulces y pan","Desayunos, dulces y pan","Infusiones y tés","Tés clásicos","PG té clásico 40 piramides caja 125 g"],"general_information":["Denominación del alimento: Té negro","País de origen: Reino Unido","Dirección del operador: Atención al consumidor: 900 812 511","Cantidad Neta: 116 g"],"ingredients":[" Ingredientes: Té negro"],"conservation":" Conservar en lugar fresco y seco","ean":"8712100739231"},{"full_name":"YORKSHIRE TEA mezcla de té negro 40 unidades caja 125 g","name":"mezcla de té negro 40 unidades caja 125 g","brand":"YORKSHIRE TEA ","img":"https://sgfm.elcorteingles.es/SGFM/00/84/4/0120648300844/0120648300844000g01011.jpg","price":"2,89 €","price_unit":"(23,12 € / Kilo)","categories":["Supermercado","Desayunos Dulces y pan","Desayunos, dulces y pan","Infusiones y tés","Tés clásicos","YORKSHIRE TEA mezcla de té negro 40 unidades caja 125 g"],"general_information":[],"ingredients":[],"ean":"0615357112001"},{"full_name":"TETLEY té Earl Grey 25 bolsitas paquete 50 g","name":"té Earl Grey 25 bolsitas paquete 50 g","brand":"TETLEY ","img":"https://sgfm.elcorteingles.es/SGFM/dctm/MEDIA02/CONTENIDOS/201505/26/00120648302832____1__600x600.jpg","price":"2,05 €","price_unit":"(41 € / Kilo)","categories":["Supermercado","Desayunos Dulces y pan","Desayunos, dulces y pan","Infusiones y tés","Tés clásicos","TETLEY té Earl Grey 25 bolsitas paquete 50 g"],"general_information":["Denominación del alimento: Te Earl Grey","País de origen: Reino Unido","Nombre del operador: Alimentación Varma, S.L.","Dirección del operador: C/ La granja, 15 - Pol. Industrial Alcobendas. 28108 Alcobendas (Madrid) - España","Cantidad Neta: 25 g"],"ingredients":[" Té negro (100%)"],"conservation":" Conservar bien cerrado y en lugar seco.","ean":"5014328099177"},{"full_name":"TETLEY té original 40 bolsitas paquete 125 g","name":"té original 40 bolsitas paquete 125 g","brand":"TETLEY ","img":"https://sgfm.elcorteingles.es/SGFM/00/75/2/0120648300752/0120648300752000g01011.jpg","price":"1,79 €","price_unit":"(14,32 € / Kilo)","categories":["Supermercado","Desayunos Dulces y pan","Desayunos, dulces y pan","Infusiones y tés","Tés clásicos","TETLEY té original 40 bolsitas paquete 125 g"],"general_information":["Denominación del alimento: Te negro 40 bolsitas","País de origen: Reino Unido","Nombre del operador: Alimentación Varma, S.L.","Dirección del operador: C/ La granja, 15 - Pol. Industrial Alcobendas. 28108 Alcobendas (Madrid) - España","Cantidad Neta: 125 g"],"ingredients":[" Té negro (100%)"],"conservation":" Conservar bien cerrado y en lugar seco.","ean":"5000208025497"},{"full_name":"TETLEY té English Breakfast 25 bolsitas paquete 50 g","name":"té English Breakfast 25 bolsitas paquete 50 g","brand":"TETLEY ","img":"https://sgfm.elcorteingles.es/SGFM/dctm/MEDIA02/CONTENIDOS/201505/26/00120648302824____1__600x600.jpg","price":"2,05 €","price_unit":"(41 € / Kilo)","categories":["Supermercado","Desayunos Dulces y pan","Desayunos, dulces y pan","Infusiones y tés","Tés clásicos","TETLEY té English Breakfast 25 bolsitas paquete 50 g"],"general_information":[],"ingredients":[],"ean":"5014328099924"},{"full_name":"TETLEY té English Breakfast 10 bolsitas estuche 15 g","name":"té English Breakfast 10 bolsitas estuche 15 g","brand":"TETLEY ","img":"https://sgfm.elcorteingles.es/SGFM/dctm/MEDIA02/CONTENIDOS/201505/27/00120648302840____1__600x600.jpg","price":"1,16 €","price_unit":"(77,33 € / Kilo)","categories":["Supermercado","Desayunos Dulces y pan","Desayunos, dulces y pan","Infusiones y tés","Tés clásicos","TETLEY té English Breakfast 10 bolsitas estuche 15 g"],"general_information":["Denominación del alimento: Té negro en bolsitas (10)","País de origen: Reino Unido","Nombre del operador: Alimentación Varma, S.L.","Dirección del operador: C/ La granja, 15 - Pol. Industrial Alcobendas. 28108 Alcobendas (Madrid) - España","Cantidad Neta: 15 g"],"ingredients":[" Té negro"],"conservation":" Conservar en lugar fresco y seco.","ean":"5608543000096"},{"full_name":"TETLEY té negro descafeinado 40 bolsitas paquete 125 g","name":"té negro descafeinado 40 bolsitas paquete 125 g","brand":"TETLEY ","img":"https://sgfm.elcorteingles.es/SGFM/dctm/MEDIA03/201704/10/00120648302493____1__600x600.jpg","price":"4,20 €","price_unit":"(33,60 € / Kilo)","categories":["Supermercado","Desayunos Dulces y pan","Desayunos, dulces y pan","Infusiones y tés","Tés clásicos","TETLEY té negro descafeinado 40 bolsitas paquete 125 g"],"general_information":["Denominación del alimento: Te negro descafeinado","País de origen: Reino Unido","Nombre del operador: Alimentación Varma, S.L.","Dirección del operador: C/ La granja, 15 - Pol. Industrial Alcobendas. 28108 Alcobendas (Madrid) - España","Cantidad Neta: 125 g"],"ingredients":[" Te negro descafeinado (100%)"],"conservation":" Conservar bien cerrado y en lugar seco.","ean":"5000208002436"},{"full_name":"TETLEY té negro descafeinado 10 bolsitas estuche 15 g","name":"té negro descafeinado 10 bolsitas estuche 15 g","brand":"TETLEY ","img":"https://sgfm.elcorteingles.es/SGFM/dctm/MEDIA02/CONTENIDOS/201505/27/00120648302865____1__600x600.jpg","price":"1,16 €","price_unit":"(77,33 € / Kilo)","categories":["Supermercado","Desayunos Dulces y pan","Desayunos, dulces y pan","Infusiones y tés","Tés clásicos","TETLEY té negro descafeinado 10 bolsitas estuche 15 g"],"general_information":["Denominación del alimento: Te negro descafeinado","País de origen: Reino Unido","Nombre del operador: Alimentación Varma, S.L.","Dirección del operador: C/ La granja, 15 - Pol. Industrial Alcobendas. 28108 Alcobendas (Madrid) - España","Cantidad Neta: 15 g"],"ingredients":[" Te negro descafeinado (100%)"],"conservation":" Conservar bien cerrado y en lugar seco.","ean":"5608543000119"},{"full_name":"YOGI India Chai té negro, canela y jengibre ecológico 12 bolsitas estuche 24 g","name":"India Chai té negro, canela y jengibre ecológico 12 bolsitas estuche 24 g","brand":"YOGI ","img":"https://sgfm.elcorteingles.es/SGFM/dctm/MEDIA03/201607/11/00120755100706____1__600x600.jpg","price":"2,86 €","price_unit":"(119,17 € / Kilo)","categories":["Supermercado","Dietéticos","Desayunos, dulces y pan","Infusiones, cafés, tés y cacaos","YOGI India Chai té negro, canela y jengibre ecológico 12 bolsitas estuche 24 g"],"general_information":["Denominación del alimento: Infusión ayurvédica de especias con té negro","Nombre del operador: Nutrition & Santé Iberia, S.L.","Dirección del operador: Paseo de Gracia, nº 11 , Escalera B, 1ª planta. 08007 Barcelona","Cantidad Neta: 24 g","Número de raciones por envase: 12","Otras menciones obligatorias en la etiqueta: Agricultura no UE, Vegano, Ecológico"],"ingredients":[" Té negro* (33%), canela (27%), jengibre* (18%), cardamomo*, cilantro*, anís*, pimienta negra*, clavos*. *agricultura ecológica"],"conservation":"Modo de empleo: Preparación para el consumo seguro: 250 ml 100º C, 7 min","ean":"4012824402959"},{"full_name":"INTERMON OXFAM té Chai con especias biológico cultivado por familias de Sri Lanka envase 20 bolsitas","name":"té Chai con especias biológico cultivado por familias de Sri Lanka envase 20 bolsitas","brand":"INTERMON OXFAM ","img":"https://sgfm.elcorteingles.es/SGFM/dctm/MEDIA02/CONTENIDOS/201511/11/00120666601354____2__600x600.jpg","price":"2,85 €","price_unit":"(36,54 € / Kilo)","categories":["Supermercado","Desayunos Dulces y pan","Desayunos, dulces y pan","Infusiones y tés","Tés clásicos","INTERMON OXFAM té Chai con especias biológico cultivado por familias de Sri Lanka envase 20 bolsitas"],"general_information":["Denominación del alimento: Té Chai con especias bio","País de origen: España","Nombre del operador: Oxfam Intermón.","Dirección del operador: C/ Louis Pasteur 1, Parque tecnológico 46980 Paterna (Valencia).","Cantidad Neta: 40,0 g","Número de raciones por envase: 20"],"ingredients":[" Ingredientes:\nTé negro Ceylán?* (64,5%), canela?* (23%), cardamomo?*, jengibre?*,\npimienta negra?* (2,5%), clavo?*\n\n*Ingrediente procedente de comercio justo. \n\n+ Ingrediente procedente de\nagricultura ecológica."],"conservation":" Conservar en lugar fresco, seco y al resguardo de la luz.","ean":"8437007611687"},{"full_name":"INTERMON OXFAM té negro de Ceylán biológico cultivado por familias de Sri Lanka envase 20 bolsitas","name":"té negro de Ceylán biológico cultivado por familias de Sri Lanka envase 20 bolsitas","brand":"INTERMON OXFAM ","img":"https://sgfm.elcorteingles.es/SGFM/dctm/MEDIA02/CONTENIDOS/201503/03/00120666601370____1__600x600.jpg","price":"2,49 €","price_unit":"(35,57 € / Kilo)","categories":["Supermercado","Desayunos Dulces y pan","Desayunos, dulces y pan","Infusiones y tés","Tés clásicos","INTERMON OXFAM té negro de Ceylán biológico cultivado por familias de Sri Lanka envase 20 bolsitas"],"general_information":["Denominación del alimento: Té negro Ceylán bio","País de origen: España","Nombre del operador: Oxfam Intermón.","Dirección del operador: C/ Louis Pasteur 1, Parque tecnológico 46980 Paterna (Valencia).","Cantidad Neta: 36,0 g","Número de raciones por envase: 20"],"ingredients":[" Ingredientes:\nTé negro Ceylán?*\n\n*Ingrediente procedente de comercio justo. \n\n+ Ingrediente procedente de\nagricultura ecológica."],"conservation":" Conservar en lugar fresco, seco y al resguardo de la luz.","ean":"8437007611663"},{"full_name":"INTERMON OXFAM té earl grey biológico cultivado por familias de Sri Lanka envase 20 bolsitas","name":"té earl grey biológico cultivado por familias de Sri Lanka envase 20 bolsitas","brand":"INTERMON OXFAM ","img":"https://sgfm.elcorteingles.es/SGFM/dctm/MEDIA02/CONTENIDOS/201503/03/00120666601362____1__600x600.jpg","price":"2,85 €","price_unit":"(36,54 € / Kilo)","categories":["Supermercado","Desayunos Dulces y pan","Desayunos, dulces y pan","Infusiones y tés","Tés clásicos","INTERMON OXFAM té earl grey biológico cultivado por familias de Sri Lanka envase 20 bolsitas"],"general_information":["Denominación del alimento: Té negro Earl Grey bio","País de origen: España","Nombre del operador: Oxfam Intermón.","Dirección del operador: C/ Louis Pasteur 1, Parque tecnológico 46980 Paterna (Valencia).","Cantidad Neta: 36 g","Número de raciones por envase: 20"],"ingredients":[" Ingredientes: Té\nnegro Ceylán?* (96%), aroma\nnatural de bergamota? (4%). \n\n*Ingrediente procedente de comercio justo. \n\n+ Ingrediente procedente de\nagricultura ecológica."],"conservation":" Conservar en lugar fresco, seco y al resguardo de la luz.","ean":"8437007611670"},{"full_name":"NECTARAN GOURMET té negro con jengibre ecológico estuche 100 g","name":"té negro con jengibre ecológico estuche 100 g","brand":"NECTARAN GOURMET ","img":"https://sgfm.elcorteingles.es/SGFM/dctm/MEDIA03/201612/19/00120648303301____1__600x600.jpg","price":"4,40 €","categories":["Supermercado","Desayunos Dulces y pan","Desayunos, dulces y pan","Infusiones y tés","Tés clásicos","NECTARAN GOURMET té negro con jengibre ecológico estuche 100 g"],"general_information":[],"ingredients":[],"ean":"8436043644536"},{"full_name":"MUSHUTEA té negro con jengibre y limón lata 75 g","name":"té negro con jengibre y limón lata 75 g","brand":"MUSHUTEA ","img":"https://sgfm.elcorteingles.es/SGFM/dctm/MEDIA03/201706/30/00120648303483____1__600x600.jpg","price":"3,17 €","price_unit":"(42,27 € / Kilo)","categories":["Supermercado","Desayunos Dulces y pan","Desayunos, dulces y pan","Infusiones y tés","Tés clásicos","MUSHUTEA té negro con jengibre y limón lata 75 g"],"general_information":[],"ingredients":[],"ean":"8436562330101"},{"full_name":"EL CORTE INGLES té rojo estuche 25 bolsitas","name":"té rojo estuche 25 bolsitas","brand":"EL CORTE INGLES ","img":"https://sgfm.elcorteingles.es/SGFM/dctm/MEDIA02/CONTENIDOS/201601/18/00120648300869____3__600x600.jpg","price":"1,00 €","price_unit":"(24,24 € / Kilo)","categories":["Supermercado","Desayunos Dulces y pan","Desayunos, dulces y pan","Infusiones y tés","Té salud","EL CORTE INGLES té rojo estuche 25 bolsitas"],"general_information":["Denominación del alimento: Té rojo","Nombre del operador: Envasado para  El Corte Inglés por                      Pompadour Ibérica, S.A.                                              Ctra. de Madrid, Km 405  03114 Alicante (España)","Cantidad Neta: 41,25 g"],"ingredients":[],"conservation":" Conservar en lugar fresco y seco.","ean":"8433329066143"},{"full_name":"EL CORTE INGLES té verde estuche 25 bolsitas","name":"té verde estuche 25 bolsitas","brand":"EL CORTE INGLES ","img":"https://sgfm.elcorteingles.es/SGFM/dctm/MEDIA02/CONTENIDOS/201601/18/00120648300877____2__600x600.jpg","price":"1,05 €","price_unit":"(38,18 € / Kilo)","categories":["Supermercado","Desayunos Dulces y pan","Desayunos, dulces y pan","Infusiones y tés","Té salud","EL CORTE INGLES té verde estuche 25 bolsitas"],"general_information":["Denominación del alimento: Té verde","Nombre del operador: Envasado para  El Corte Inglés por                      Pompadour Ibérica, S.A.                                              Ctra. de Madrid, Km 405  03114 Alicante (España)","Cantidad Neta: 27,5 g"],"ingredients":[],"conservation":" Conservar en lugar fresco y seco.","ean":"8433329066136"},{"full_name":"EL CORTE INGLES té verde con limón 20 bolsitas estuche 40 g","name":"té verde con limón 20 bolsitas estuche 40 g","brand":"EL CORTE INGLES ","img":"https://sgfm.elcorteingles.es/SGFM/dctm/MEDIA03/201603/02/00120648303236____1__600x600.jpg","price":"1,26 €","price_unit":"(31,50 € / Kilo)","categories":["Supermercado","Desayunos Dulces y pan","Desayunos, dulces y pan","Infusiones y tés","Té salud","EL CORTE INGLES té verde con limón 20 bolsitas estuche 40 g"],"general_information":["Denominación del alimento: Infusión de plantas aromatizada","Nombre del operador: Envasado para  El Corte Inglés por                      Pompadour Ibérica, S.A.                                              Ctra. de Madrid, Km 405  03114 Alicante (España)","Cantidad Neta: 40 g"],"ingredients":[" Ingredientes: Té (Camellia sinensis)  80%,  hierba de limón 10%, corteza de Limón 6% y aroma de limón 4%"],"conservation":" Conservar en lugar fresco y seco.","ean":"8433329066112"},{"full_name":"SPECIAL LINE Bio té verde y hierbabuena ecológico 25 bolsitas estuche 37 g","name":"Bio té verde y hierbabuena ecológico 25 bolsitas estuche 37 g","brand":"SPECIAL LINE ","img":"https://sgfm.elcorteingles.es/SGFM/dctm/MEDIA03/201605/27/00120755100243____1__600x600.jpg","price":"2,09 €","price_unit":"(83,60 € / Kilo)","categories":["Supermercado","Dietéticos","Desayunos, dulces y pan","Infusiones, cafés, tés y cacaos","SPECIAL LINE Bio té verde y hierbabuena ecológico 25 bolsitas estuche 37 g"],"general_information":["Denominación del alimento: Té verde bio y hierbabuena bio.","Nombre del operador: Elaborado para el Grupo El Corte Inglés\nHermosilla, 112 ? 28009 Madrid\nEspaña por NIF: B-24470171","Cantidad Neta: 37,5 g"],"ingredients":[" Ingredientes: Té verde*(Camellia sinensis L.) (95%) y hierbabuena*(Mentha spicata Crantz )(5%).\n*Procedente de Agricultura Ecológica.\n*100% Comercio Justo"],"conservation":" Almacenar en lugar fresco y seco.","ean":"8433329045025"},{"full_name":"SPECIAL LINE té rojo infusión estuche 25 bolsitas","name":"té rojo infusión estuche 25 bolsitas","brand":"SPECIAL LINE ","img":"https://sgfm.elcorteingles.es/SGFM/03/76/4/0120720803764/0120720803764000g01011.jpg","price":"2,09 €","price_unit":"(83,60 € / Kilo)","categories":["Supermercado","Dietéticos","Desayunos, dulces y pan","Infusiones, cafés, tés y cacaos","SPECIAL LINE té rojo infusión estuche 25 bolsitas"],"general_information":["Denominación del alimento: Té rojo Pu-Erh","Nombre del operador: Elaborado para el Grupo El Corte Inglés\nHermosilla, 112 ? 28009 Madrid\nEspaña por NIF: B-24470171","Cantidad Neta: 37,5 g"],"ingredients":[" Ingredientes: Té Rojo Pu-Erh (Camellia sinensis L)(100%)."],"conservation":" Almacenar en lugar fresco y seco.","ean":"8433329045032"},{"full_name":"SPECIAL LINE té blanco estuche 25 bolsitas","name":"té blanco estuche 25 bolsitas","brand":"SPECIAL LINE ","img":"https://sgfm.elcorteingles.es/SGFM/03/77/2/0120720803772/0120720803772000g01011.jpg","price":"2,09 €","price_unit":"(83,60 € / Kilo)","categories":["Supermercado","Dietéticos","Desayunos, dulces y pan","Infusiones, cafés, tés y cacaos","SPECIAL LINE té blanco estuche 25 bolsitas"],"general_information":["Denominación del alimento: TÉ BLANCO","Nombre del operador: Elaborado para el Grupo El Corte Inglés\nHermosilla, 112 ? 28009 Madrid\nEspaña por NIF: B-24470171","Cantidad Neta: 37,5 g"],"ingredients":[" Ingredientes: Té blanco (Camellia sinensis L.) (100%)."],"conservation":" Almacenar en lugar fresco y seco.","ean":"8433329045049"},{"full_name":"TWININGS té verde Gunpowder lata 100 g","name":"té verde Gunpowder lata 100 g","brand":"TWININGS ","img":"https://sgfm.elcorteingles.es/SGFM/dctm/MEDIA03/201608/26/00120648300273____2__600x600.jpg","price":"5,55 €","price_unit":"(55,50 € / Kilo)","categories":["Supermercado","Desayunos Dulces y pan","Desayunos, dulces y pan","Infusiones y tés","Té salud","TWININGS té verde Gunpowder lata 100 g"],"general_information":["Denominación del alimento: Té","Nombre del operador: Bolton Cile España","Dirección del operador: C/ Ombú nº 3 28045 Madrid, España","Cantidad Neta: 100 g"],"ingredients":[" Té verde"],"ean":"0070177029784"},{"full_name":"TWININGS té verde Pure Green 25 bolsitas estuche 50 g","name":"té verde Pure Green 25 bolsitas estuche 50 g","brand":"TWININGS ","img":"https://sgfm.elcorteingles.es/SGFM/dctm/MEDIA03/201709/04/00120648300182____15__600x600.jpg","price":"3,92 €","price_unit":"(78,40 € / Kilo)","categories":["Supermercado","Desayunos Dulces y pan","Desayunos, dulces y pan","Infusiones y tés","Té salud","TWININGS té verde Pure Green 25 bolsitas estuche 50 g"],"general_information":["Denominación del alimento: Té","Nombre del operador: Bolton Cile España","Dirección del operador: C/ Ombú nº 3 28045 Madrid, España","Cantidad Neta: 50 g"],"ingredients":[" Té verde"],"ean":"0070177086664"},{"full_name":"TWININGS té verde al limón 25 bolsitas estuche 50 g","name":"té verde al limón 25 bolsitas estuche 50 g","brand":"TWININGS ","img":"https://sgfm.elcorteingles.es/SGFM/dctm/MEDIA03/201701/24/00120648300216____1__600x600.jpg","price":"4,79 €","price_unit":"(95,80 € / Kilo)","categories":["Supermercado","Desayunos Dulces y pan","Desayunos, dulces y pan","Infusiones y tés","Té salud","TWININGS té verde al limón 25 bolsitas estuche 50 g"],"general_information":["Nombre del operador: Bolton Cile España","Dirección del operador: C\\ Ombú nº 3 28045 Madrid, España"],"ingredients":[],"ean":"0070177173159"},{"full_name":"HORNIMANS té verde a la menta con antioxidantes estuche 20 bolsitas","name":"té verde a la menta con antioxidantes estuche 20 bolsitas","brand":"HORNIMANS ","img":"https://sgfm.elcorteingles.es/SGFM/dctm/MEDIA03/201703/23/00120648300422____1__600x600.jpg","price":"2,02 €","price_unit":"(101 € / Kilo)","categories":["Supermercado","Desayunos Dulces y pan","Desayunos, dulces y pan","Infusiones y tés","Té salud","HORNIMANS té verde a la menta con antioxidantes estuche 20 bolsitas"],"general_information":["Denominación del alimento: Té Verde con Menta","Nombre del operador: JACOBS DOUWE EGBERTS B.V.","Dirección del operador: Oosterdoksstraat 80, 1011 DK Amsterdam The Netherlands","Cantidad Neta: 0.03 Kilogramos","Número de raciones por envase: 20"],"ingredients":[" Ingredientes: Té Verde (67,5%), Menta Piperita (20%), Lemongrass, Corteza de Limón."],"conservation":" Conservar en un lugar fresco y seco.","ean":"8410091025011"},{"full_name":"HORNIMANS té verde al limón con antioxidantes frescor cítrico estuche 20 bolsitas","name":"té verde al limón con antioxidantes frescor cítrico estuche 20 bolsitas","brand":"HORNIMANS ","img":"https://sgfm.elcorteingles.es/SGFM/02/03/6/0200248302036/0200248302036000g01011.jpg","price":"2,02 €","price_unit":"(101 € / Kilo)","categories":["Supermercado","Desayunos Dulces y pan","Desayunos, dulces y pan","Infusiones y tés","Té salud","HORNIMANS té verde al limón con antioxidantes frescor cítrico estuche 20 bolsitas"],"general_information":["Denominación del alimento: Té Verde con Limón aromatizado","Nombre del operador: JACOBS DOUWE EGBERTS B.V.","Dirección del operador: Oosterdoksstraat 80, 1011 DK Amsterdam The Netherlands","Cantidad Neta: 0.04 Kilogramos","Número de raciones por envase: 20"],"ingredients":[" Ingredientes: Té Verde (74%), Corteza de Limón (11%), Lemongrass, Aroma."],"conservation":" Conservar en un lugar fresco y seco.","ean":"8410091025059"},{"full_name":"HORNIMANS Té Verde Extra Puro 20 bolsitas estuche 30 g","name":"Té Verde Extra Puro 20 bolsitas estuche 30 g","brand":"HORNIMANS ","img":"https://sgfm.elcorteingles.es/SGFM/dctm/MEDIA02/CONTENIDOS/201502/19/00120648302535____1__600x600.jpg","price":"2,08 €","price_unit":"(69,33 € / Kilo)","categories":["Supermercado","Desayunos Dulces y pan","Desayunos, dulces y pan","Infusiones y tés","Té salud","HORNIMANS Té Verde Extra Puro 20 bolsitas estuche 30 g"],"general_information":["Denominación del alimento: Té verde","Nombre del operador: JACOBS DOUWE EGBERTS B.V.","Dirección del operador: Oosterdoksstraat 80, 1011 DK Amsterdam The Netherlands","Cantidad Neta: 0.03 Kilogramos","Número de raciones por envase: 20"],"ingredients":[" Ingredientes: Té verde (100%)"],"conservation":" Conservar en un lugar fresco y seco.","ean":"8410091062993"},{"full_name":"HORNIMANS té rojo con anís y un toque de ciruela estuche 20 bolsitas","name":"té rojo con anís y un toque de ciruela estuche 20 bolsitas","brand":"HORNIMANS ","img":"https://sgfm.elcorteingles.es/SGFM/00/53/9/0120648300539/0120648300539000g01011.jpg","price":"2,02 €","price_unit":"(101 € / Kilo)","categories":["Supermercado","Desayunos Dulces y pan","Desayunos, dulces y pan","Infusiones y tés","Té salud","HORNIMANS té rojo con anís y un toque de ciruela estuche 20 bolsitas"],"general_information":["Denominación del alimento: Té con anís aromatizado","Nombre del operador: JACOBS DOUWE EGBERTS B.V.","Dirección del operador: Oosterdoksstraat 80, 1011 DK Amsterdam The Netherlands","Cantidad Neta: 0.035 Kilogramos","Número de raciones por envase: 20"],"ingredients":[" Ingredientes: té (88%), hinojo, aroma de ciruela, anís (1%)."],"conservation":" Conservar en un lugar fresco y seco.","ean":"8410091024991"},{"full_name":"HORNIMANS té blanco con un toque de vainilla estuche 20 bolsitas","name":"té blanco con un toque de vainilla estuche 20 bolsitas","brand":"HORNIMANS ","img":"https://sgfm.elcorteingles.es/SGFM/00/71/1/0120648300711/0120648300711000g01011.jpg","price":"2,05 €","price_unit":"(58,57 € / Kilo)","categories":["Supermercado","Desayunos Dulces y pan","Desayunos, dulces y pan","Infusiones y tés","Té salud","HORNIMANS té blanco con un toque de vainilla estuche 20 bolsitas"],"general_information":["Denominación del alimento: Té con vainilla aromatizado","Nombre del operador: JACOBS DOUWE EGBERTS B.V.","Dirección del operador: Oosterdoksstraat 80, 1011 DK Amsterdam The Netherlands","Cantidad Neta: 0.035 Kilogramos","Número de raciones por envase: 20"],"ingredients":[" Ingredientes: Té, aroma, vainilla (0,5%)."],"conservation":" Conservar en un lugar fresco y seco.","ean":"8410091024977"},{"full_name":"HORNIMANS Té Slim té verde y guaraná y piña estuche 20 bolsitas","name":"Té Slim té verde y guaraná y piña estuche 20 bolsitas","brand":"HORNIMANS ","img":"https://sgfm.elcorteingles.es/SGFM//02/34/5/0120648302345/0120648302345000g01011.jpg","price":"2,04 €","price_unit":"(102 € / Kilo)","categories":["Supermercado","Desayunos Dulces y pan","Desayunos, dulces y pan","Infusiones y tés","Té salud","HORNIMANS Té Slim té verde y guaraná y piña estuche 20 bolsitas"],"general_information":[],"ingredients":[],"ean":"8410091069497"},{"full_name":"HORNIMANS té verde al jengibre con manzana estuche 20 bolsitas","name":"té verde al jengibre con manzana estuche 20 bolsitas","brand":"HORNIMANS ","img":"https://sgfm.elcorteingles.es/SGFM/dctm/MEDIA03/201707/12/00120648303525____1__600x600.jpg","price":"2,19 €","price_unit":"(0,11 € / Unidad)","categories":["Supermercado","Desayunos Dulces y pan","Desayunos, dulces y pan","Infusiones y tés","Té salud","HORNIMANS té verde al jengibre con manzana estuche 20 bolsitas"],"general_information":["Denominación del alimento: Té verde con jengibre y manzana aromatizado","Nombre del operador: JACOBS DOUWE EGBERTS B.V","Dirección del operador: Oosterdoksstraat 80, 1011 DK Amsterdam The Netherlands","Cantidad Neta: 30 g"],"ingredients":[" Ingredientes: Té verde (76%), aromas, jengibre (4%), trocitos de manzana (2%)"],"conservation":" Mantener en lugar seco","ean":"8410091069435"},{"full_name":"HORNIMANS Placeres del mundo Marrakech té verde con hierbabuena paquete 85 g","name":"Placeres del mundo Marrakech té verde con hierbabuena paquete 85 g","brand":"HORNIMANS ","img":"https://sgfm.elcorteingles.es/SGFM/dctm/MEDIA03/201711/03/00120648303764____1__600x600.jpg","price":"2,99 €","price_unit":"(35,18 € / Kilo)","categories":["Supermercado","Desayunos Dulces y pan","Desayunos, dulces y pan","Infusiones y tés","Té salud","HORNIMANS Placeres del mundo Marrakech té verde con hierbabuena paquete 85 g"],"general_information":["Denominación del alimento: Té verde con hierbabuena aromatizado","Nombre del operador: JACOBS DOUWE EGBERTS B.V","Dirección del operador: Oosterdoksstraat 80, 1011 DK Amsterdam The Netherlands","Cantidad Neta: 85 g"],"ingredients":[" Ingredientes: Té verde (88%), aroma, hierbabuena (4%), menta piperita, aciano azul, aciano Rosado"],"conservation":" En lugar fresco y seco. Una vez abierto conservar el envase cerrado","ean":"8410091069091"},{"full_name":"LIPTON té verde menta intensa 20 bolsitas estuche 51 g","name":"té verde menta intensa 20 bolsitas estuche 51 g","brand":"LIPTON ","img":"https://sgfm.elcorteingles.es/SGFM/dctm/MEDIA03/201602/23/00120648302279____1__600x600.jpg","price":"2,83 €            ","price_unit":"(53,73 € / Kilo)","categories":["Supermercado","Desayunos Dulces y pan","Desayunos, dulces y pan","Infusiones y tés","Té salud","LIPTON té verde menta intensa 20 bolsitas estuche 51 g"],"general_information":["Denominación del alimento: Té verde aromatizado con menta","País de origen: Bélgica","Nombre del operador: Unilever","Dirección del operador: Unilever España, S.A. C/Tecnología 19, 08840 Viladecans (Barcelona). Atención al consumidor: 900 812 511","Cantidad Neta: 32 g"],"ingredients":[" Ingredientes: Té verde, menta (27%), aroma."],"conservation":"Modo de empleo: *\n*Té preparado con una bolsita en 200ml de agu","ean":"8722700210641"},{"full_name":"LIPTON Sencha té verde caja 20 bolsitas","name":"Sencha té verde caja 20 ","brand":"LIPTON ","img":"https://sgfm.elcorteingles.es/SGFM/dctm/MEDIA03/201711/08/00120648303624____1__600x600.jpg","price":"2,39 €","price_unit":"(66,39 € / Kilo)","categories":["Supermercado","Desayunos Dulces y pan","Desayunos, dulces y pan","Infusiones y tés","Té salud","LIPTON Sencha té verde caja 20 bolsitas"],"general_information":[],"ingredients":[],"ean":"8714100770542"},{"full_name":"LIPTON té verde mandarina 20 bolsitas estuche 57 g","name":"té verde mandarina 20 bolsitas estuche 57 g","brand":"LIPTON ","img":"https://sgfm.elcorteingles.es/SGFM/dctm/MEDIA03/201602/23/00120648302352____1__600x600.jpg","price":"1,95 €","price_unit":"(34,21 € / Kilo)","categories":["Supermercado","Desayunos Dulces y pan","Desayunos, dulces y pan","Infusiones y tés","Té salud","LIPTON té verde mandarina 20 bolsitas estuche 57 g"],"general_information":["Denominación del alimento: Té verde aromatizado con piel de mandarina y naranja","Nombre del operador: Unilever España S.A.","Dirección del operador: C/Tecnología 19, 08840 Viladecans (Barcelona)","Cantidad Neta: 36 g"],"ingredients":[" Té verde, aroma, piel de mandarina (2.9%), piel de naranja (2,9%)."],"conservation":" Mantener en lugar fresco y seco","ean":"8722700210658"},{"full_name":"SILVER INF té rojo 25 bolsitas estuche 50 g","name":"té rojo 25 bolsitas estuche 50 g","brand":"SILVER INF ","img":"https://sgfm.elcorteingles.es/SGFM/dctm/MEDIA03/201608/17/00120648300281____2__600x600.jpg","price":"2,25 €","price_unit":"(45 € / Kilo)","categories":["Supermercado","Desayunos Dulces y pan","Desayunos, dulces y pan","Infusiones y tés","Té salud","SILVER INF té rojo 25 bolsitas estuche 50 g"],"general_information":[],"ingredients":[],"ean":"8412680015335"},{"full_name":"SILVER INF té verde 20 sobres estuche 50 g","name":"té verde 20 sobres estuche 50 g","brand":"SILVER INF ","img":"https://sgfm.elcorteingles.es/SGFM/dctm/MEDIA03/201608/17/00200248300360____2__600x600.jpg","price":"2,25 €","price_unit":"(45 € / Kilo)","categories":["Supermercado","Desayunos Dulces y pan","Desayunos, dulces y pan","Infusiones y tés","Té salud","SILVER INF té verde 20 sobres estuche 50 g"],"general_information":[],"ingredients":[],"ean":"8412680015106"},{"full_name":"SILVER INF te verde mango de la India estuche 100 g","name":"te verde mango de la India estuche 100 g","brand":"SILVER INF ","img":"https://sgfm.elcorteingles.es/SGFM/dctm/MEDIA02/CONTENIDOS/201410/27/00200248302135____1__600x600.jpg","price":"4,57 €","price_unit":"(45,70 € / Kilo)","categories":["Supermercado","Desayunos Dulces y pan","Desayunos, dulces y pan","Infusiones y tés","Té salud","SILVER INF te verde mango de la India estuche 100 g"],"general_information":[],"ingredients":[],"ean":"8436043641436"},{"full_name":"SILVER INF té blanco estuche 25 sobres","name":"té blanco estuche 25 sobres","brand":"SILVER INF ","img":"https://sgfm.elcorteingles.es/SGFM/dctm/MEDIA03/201608/17/00120648301198____3__600x600.jpg","price":"4,28 €","price_unit":"(107 € / Kilo)","categories":["Supermercado","Desayunos Dulces y pan","Desayunos, dulces y pan","Infusiones y tés","Té salud","SILVER INF té blanco estuche 25 sobres"],"general_information":[],"ingredients":[],"ean":"8412680011795"},{"full_name":"CUIDA TE te verde con menta verde marroquí lata 100 g","name":"te verde con menta verde marroquí lata 100 g","brand":"CUIDA TE ","img":"https://sgfm.elcorteingles.es/SGFM/dctm/MEDIA03/201609/09/00120648303285____1__600x600.jpg","price":"4,24 €","price_unit":"(42,40 € / Kilo)","categories":["Supermercado","Desayunos Dulces y pan","Desayunos, dulces y pan","Infusiones y tés","Té salud","CUIDA TE te verde con menta verde marroquí lata 100 g"],"general_information":["Denominación del alimento: Té","Nombre del operador: Expressate, S.L.","Dirección del operador: Carrer Tecnologia, 29-31 08840 Viladecans (Barcelona)","Cantidad Neta: 100 g"],"ingredients":[" Té verde chun mee hojas (80%), hojas de hierbabuena (19.4%) y aroma líquido de hierbabuena (0.6%)."],"conservation":" En lugar fresco y seco. Temperatura recomendada < 15°C.","ean":"8436011995905"},{"full_name":"POMPADOUR té verde estuche 25 bolsitas","name":"té verde estuche 25 bolsitas","brand":"POMPADOUR ","img":"https://sgfm.elcorteingles.es/SGFM/00/66/1/0120648300661/0120648300661000g01011.jpg","price":"1,89 €","price_unit":"(0,08 € / Unidad)","categories":["Supermercado","Desayunos Dulces y pan","Desayunos, dulces y pan","Infusiones y tés","Té salud","POMPADOUR té verde estuche 25 bolsitas"],"general_information":["Denominación del alimento: TÉ VERDE","Nombre del operador: POMPADOUR IBÉRICA, S.A","Dirección del operador: CTRA. A MADRID KM 405, POL. IND. LAS ATALAYAS PARCELA 8A 03114 ALICANTE","Cantidad Neta: 37.5 g"],"ingredients":[" 100% Té Verde"],"conservation":" Mantener en lugar fresco y seco.","ean":"4009300520146"},{"full_name":"POMPADOUR té rojo estuche 25 bolsitas","name":"té rojo estuche 25 bolsitas","brand":"POMPADOUR ","img":"https://sgfm.elcorteingles.es/SGFM/dctm/MEDIA03/201702/17/00120648300414____1__600x600.jpg","price":"2,57 €","price_unit":"(0,10 € / Unidad)","categories":["Supermercado","Desayunos Dulces y pan","Desayunos, dulces y pan","Infusiones y tés","Té salud","POMPADOUR té rojo estuche 25 bolsitas"],"general_information":["Denominación del alimento: TÉ ROJO","Nombre del operador: POMPADOUR IBÉRICA, S.A","Dirección del operador: CTRA. A MADRID KM 405, POL. IND. LAS ATALAYAS PARCELA 8A 03114 ALICANTE","Cantidad Neta: 41.25 g"],"ingredients":[" 100% Té Rojo"],"conservation":" Mantener en lugar fresco y seco.","ean":"8412900100124"},{"full_name":"POMPADOUR té verde con menta estuche 20 bolsitas","name":"té verde con menta estuche 20 bolsitas","brand":"POMPADOUR ","img":"https://sgfm.elcorteingles.es/SGFM/00/72/9/0120648300729/0120648300729000g01011.jpg","price":"2,57 €","price_unit":"(0,10 € / Unidad)","categories":["Supermercado","Desayunos Dulces y pan","Desayunos, dulces y pan","Infusiones y tés","Té salud","POMPADOUR té verde con menta estuche 20 bolsitas"],"general_information":["Denominación del alimento: TÉ VERDE CON MENTA","Nombre del operador: POMPADOUR IBÉRICA, S.A","Dirección del operador: CTRA. A MADRID KM 405, POL. IND. LAS ATALAYAS PARCELA 8A 03114 ALICANTE","Cantidad Neta: 50 g"],"ingredients":[" Té Verde, Menta"],"conservation":" Mantener en lugar fresco y seco.","ean":"8412900100094"},{"full_name":"POMPADOUR té verde con matcha estuche 20 bolsitas","name":"té verde con matcha estuche 20 bolsitas","brand":"POMPADOUR ","img":"https://sgfm.elcorteingles.es/SGFM/dctm/MEDIA03/201707/12/00120648303533____1__600x600.jpg","price":"2,65 €","price_unit":"(0,13 € / Unidad)","categories":["Supermercado","Desayunos Dulces y pan","Desayunos, dulces y pan","Infusiones y tés","Té salud","POMPADOUR té verde con matcha estuche 20 bolsitas"],"general_information":["Denominación del alimento: Té verde con matcha","País de origen: España","Nombre del operador: POMPADOUR IBÉRICA, S.A","Dirección del operador: CTRA. A MADRID KM 405, POL. IND. LAS ATALAYAS PARCELA 8A 03114 ALICANTE","Cantidad Neta: 35 g","Número de raciones por envase: 20"],"ingredients":[" Mezcla de\ncorte fino de 90% hojas, yemas foliares y tallos delicados de té () y 10% de\nMatcha prensado (té verde polvo, almidón de arroz) ."],"conservation":" Conservar a Temperatura Ambiente","ean":"8412900401351"},{"full_name":"LA BRASILEÑA té verde refrescante con menta y limón caja 15 bolsitas biodegradables envasadas en sobres individuales","name":"té verde refrescante con menta y limón caja 15 bolsitas","brand":"LA BRASILEÑA ","img":"https://sgfm.elcorteingles.es/SGFM/dctm/MEDIA03/201709/27/00120648303574____1__600x600.jpg","price":"5,50 €","price_unit":"(0,37 € / Unidad)","categories":["Supermercado","Desayunos Dulces y pan","Desayunos, dulces y pan","Infusiones y tés","Té salud","LA BRASILEÑA té verde refrescante con menta y limón caja 15 bolsitas biodegradables envasadas en sobres individuales"],"general_information":[],"ingredients":[],"ean":"8410029003302"},{"full_name":"LA BRASILEÑA té rojo Pu Erh con un toque de canela caja 15 bolsitas biodegradables envasadas en sobres individuales","name":"té rojo Pu Erh con un toque de canela caja 15 bolsitas","brand":"LA BRASILEÑA ","img":"https://sgfm.elcorteingles.es/SGFM/dctm/MEDIA03/201709/27/00120648303590____1__600x600.jpg","price":"5,50 €","price_unit":"(0,37 € / Unidad)","categories":["Supermercado","Desayunos Dulces y pan","Desayunos, dulces y pan","Infusiones y tés","Té salud","LA BRASILEÑA té rojo Pu Erh con un toque de canela caja 15 bolsitas biodegradables envasadas en sobres individuales"],"general_information":[],"ingredients":[],"ean":"8410029003340"},{"full_name":"COMPAÑIA DE LAS INDIAS té blanco 20 bolsas estuche 30 g","name":"té blanco 20 bolsas estuche 30 g","brand":"COMPAÑIA DE LAS INDIAS ","img":"https://sgfm.elcorteingles.es/SGFM/00/83/6/0120648300836/0120648300836000g01011.jpg","price":"2,71 €","price_unit":"(90,33 € / Kilo)","categories":["Supermercado","Desayunos Dulces y pan","Desayunos, dulces y pan","Infusiones y tés","Té salud","COMPAÑIA DE LAS INDIAS té blanco 20 bolsas estuche 30 g"],"general_information":["Denominación del alimento: Te blanco","Nombre del operador: Compañía de las Indias, S.A.","Dirección del operador: C/ Moli den Xec, 35 nave 17. Polígono Industrial Moli den Xec - 08291 Ripollet (Barcelona)","Cantidad Neta: 30 g"],"ingredients":[" Te blanco y Menta piperita"],"conservation":" Conservese en lugar fresco y seco. Temperatura ambiente","ean":"8410222701166"},{"full_name":"COMPAÑIA DE LAS INDIAS té rojo soluble con fibra 10 sobres caja 60 g","name":"té rojo soluble con fibra 10 sobres caja 60 g","brand":"COMPAÑIA DE LAS INDIAS ","img":"https://sgfm.elcorteingles.es/SGFM/00/81/0/0120648300810/0120648300810000g01011.jpg","price":"2,35 €","price_unit":"(39,17 € / Kilo)","categories":["Supermercado","Desayunos Dulces y pan","Desayunos, dulces y pan","Infusiones y tés","Té salud","COMPAÑIA DE LAS INDIAS té rojo soluble con fibra 10 sobres caja 60 g"],"general_information":["Denominación del alimento: Te rojo soluble","Nombre del operador: Compañía de las Indias, S.A.","Dirección del operador: C/ Moli den Xec, 35 nave 17. Polígono Industrial Moli den Xec - 08291 Ripollet (Barcelona)","Cantidad Neta: 60 g"],"ingredients":[" Dextrosa, Maltodextrina, Fibra soluble de achicoria, Extractos de te rojo e Hibiscus, Acido cítrico, Aroma de limón"],"conservation":" Conservese en lugar fresco y seco. Temperatura ambiente","ean":"8410222750010"},{"full_name":"COMPAÑIA DE LAS INDIAS té verde con ciruela soluble 10 sobres caja 60 g","name":"té verde con ciruela soluble 10 sobres caja 60 g","brand":"COMPAÑIA DE LAS INDIAS ","img":"https://sgfm.elcorteingles.es/SGFM/00/82/8/0120648300828/0120648300828000g01011.jpg","price":"2,35 €","price_unit":"(39,17 € / Kilo)","categories":["Supermercado","Desayunos Dulces y pan","Desayunos, dulces y pan","Infusiones y tés","Té salud","COMPAÑIA DE LAS INDIAS té verde con ciruela soluble 10 sobres caja 60 g"],"general_information":["Denominación del alimento: Te verde soluble","Nombre del operador: Compañía de las Indias, S.A.","Dirección del operador: C/ Moli den Xec, 35 nave 17. Polígono Industrial Moli den Xec - 08291 Ripollet (Barcelona)","Cantidad Neta: 60 g"],"ingredients":[" Dextrosa,azúcar moreno de caña, fibra soluble de achicoria,extractos de te verde, ciruela en polvo"],"conservation":" Conservese en lugar fresco y seco. Temperatura ambiente","ean":"8410222750027"},{"full_name":"MUSHUTEA té verde moruno caja 100 g","name":"té verde moruno caja 100 g","brand":"MUSHUTEA ","img":"https://sgfm.elcorteingles.es/SGFM/dctm/MEDIA03/201707/24/00120648303491____1__600x600.jpg","price":"2,68 €","price_unit":"(26,80 € / Kilo)","categories":["Supermercado","Desayunos Dulces y pan","Desayunos, dulces y pan","Infusiones y tés","Té salud","MUSHUTEA té verde moruno caja 100 g"],"general_information":[],"ingredients":[],"ean":"8435336202002"},{"full_name":"MUSHUTEA té verde moruno lata 75 g","name":"té verde moruno lata 75 g","brand":"MUSHUTEA ","img":"https://sgfm.elcorteingles.es/SGFM/dctm/MEDIA03/201706/30/00120648303467____1__600x600.jpg","price":"3,17 €","price_unit":"(42,27 € / Kilo)","categories":["Supermercado","Desayunos Dulces y pan","Desayunos, dulces y pan","Infusiones y tés","Té salud","MUSHUTEA té verde moruno lata 75 g"],"general_information":["Denominación del alimento: Té a granel","Nombre del operador: Andabar Coffee and Tea S.L.","Dirección del operador: C/ Roger de Lauria, 7, 08140 Caldes de Montbui, Barcelona.","Cantidad Neta: 100 g"],"ingredients":[" Té verde gunpowder 85% y menta 15%."],"conservation":" Conservar en un lugar fresco y seco","ean":"8436562330200"},{"full_name":"MUSHUTEA té rojo con mango y maracuyá lata 75 g","name":"té rojo con mango y maracuyá lata 75 g","brand":"MUSHUTEA ","img":"https://sgfm.elcorteingles.es/SGFM/dctm/MEDIA03/201706/30/00120648303475____1__600x600.jpg","price":"3,17 €","price_unit":"(42,27 € / Kilo)","categories":["Supermercado","Desayunos Dulces y pan","Desayunos, dulces y pan","Infusiones y tés","Té salud","MUSHUTEA té rojo con mango y maracuyá lata 75 g"],"general_information":[],"ingredients":[],"ean":"8436562330149"},{"full_name":"CUIDA TE té verde de jazmín lata 100 g","name":"té verde de jazmín lata 100 g","brand":"CUIDA TE ","img":"https://sgfm.elcorteingles.es/SGFM/dctm/MEDIA03/201609/09/00120648303277____1__600x600.jpg","price":"4,18 €","price_unit":"(41,80 € / Kilo)","categories":["Supermercado","Desayunos Dulces y pan","Desayunos, dulces y pan","Infusiones y tés","Té salud","CUIDA TE té verde de jazmín lata 100 g"],"general_information":["Denominación del alimento: Té","Nombre del operador: Expressate, S.L.","Dirección del operador: Carrer Tecnologia, 29-31 08840 Viladecans (Barcelona)","Cantidad Neta: 100 g"],"ingredients":[" Té verde chun mee (97%), flor de jazmín y aroma de jazmín."],"conservation":" En lugar fresco y seco. Temperatura recomendada < 15°C.","ean":"8435336290580"},{"full_name":"NECTARAN GOURMET te verde ecológico con jengibre y piña estuche 15 g","name":"te verde ecológico con jengibre y piña estuche 15 g","brand":"NECTARAN GOURMET ","img":"https://sgfm.elcorteingles.es/SGFM/dctm/MEDIA03/201612/19/00120648303319____1__600x600.jpg","price":"3,15 €","categories":["Supermercado","Desayunos Dulces y pan","Desayunos, dulces y pan","Infusiones y tés","Té salud","NECTARAN GOURMET te verde ecológico con jengibre y piña estuche 15 g"],"general_information":[],"ingredients":[],"ean":"8436043644642"},{"full_name":"INTERMON OXFAM té verde biológico cultivado por familias de Sri Lanka envase 20 bolsitas","name":"té verde biológico cultivado por familias de Sri Lanka envase 20 bolsitas","brand":"INTERMON OXFAM ","img":"https://sgfm.elcorteingles.es/SGFM/dctm/MEDIA02/CONTENIDOS/201503/03/00120666601388____1__600x600.jpg","price":"2,59 €","price_unit":"(37 € / Kilo)","categories":["Supermercado","Desayunos Dulces y pan","Desayunos, dulces y pan","Infusiones y tés","Té salud","INTERMON OXFAM té verde biológico cultivado por familias de Sri Lanka envase 20 bolsitas"],"general_information":["Denominación del alimento: Té verde bio","País de origen: España","Nombre del operador: Oxfam Intermón.","Dirección del operador: C/ Louis Pasteur 1, Parque tecnológico 46980 Paterna (Valencia).","Cantidad Neta: 40 g","Número de raciones por envase: 20"],"ingredients":[" Ingredientes:\nTé verde Ceylán?*\n\n*Ingrediente procedente de comercio justo. \n\n+ Ingrediente procedente de\nagricultura ecológica."],"conservation":" Conservar en lugar fresco, seco y al resguardo de la luz.","ean":"8437007611656"},{"full_name":"INTERMON OXFAM té verde con menta biológico cultivado por familias de Sri Lanka envase 20 bolsitas","name":"té verde con menta biológico cultivado por familias de Sri Lanka envase 20 bolsitas","brand":"INTERMON OXFAM ","img":"https://sgfm.elcorteingles.es/SGFM/dctm/MEDIA03/201705/23/00120604800019____1__600x600.jpg","price":"2,59 €","price_unit":"(71,94 € / Kilo)","categories":["Supermercado","Desayunos Dulces y pan","Desayunos, dulces y pan","Infusiones y tés","Té salud","INTERMON OXFAM té verde con menta biológico cultivado por familias de Sri Lanka envase 20 bolsitas"],"general_information":["Denominación del alimento: Té verde con menta bio","País de origen: España","Nombre del operador: Oxfam Intermón.","Dirección del operador: C/ Louis Pasteur 1, Parque tecnológico 46980 Paterna (Valencia).","Cantidad Neta: 36 g","Número de raciones por envase: 20"],"ingredients":[" Ingredientes:\nTé verde Ceylán?* (91%), regaliz+,\naceite esencial de menta+ (4%). \n\n*Ingrediente procedente de comercio justo. \n\n+ Ingrediente procedente de\nagricultura ecológica."],"conservation":"Modo de empleo: 1. Calentar agua hasta 80ºC aproximadamente (no hervir). 2. Servir el agua en una taza con una bolsita de té verde con menta bio. 3. Dejar reposar 2-4 minutos.  Las bolsitas de Oxfam Intermón también se pueden usar en microondas.","ean":"8437007611694"},{"full_name":"TETLEY té verde 10 bolsitas estuche 15 g","name":"té verde 10 bolsitas estuche 15 g","brand":"TETLEY ","img":"https://sgfm.elcorteingles.es/SGFM/dctm/MEDIA02/CONTENIDOS/201505/27/00120648302857____1__600x600.jpg","price":"1,14 €","price_unit":"(76 € / Kilo)","categories":["Supermercado","Desayunos Dulces y pan","Desayunos, dulces y pan","Infusiones y tés","Té salud","TETLEY té verde 10 bolsitas estuche 15 g"],"general_information":["Denominación del alimento: Té verde en bolsitas (10)","País de origen: Reino Unido","Nombre del operador: Alimentación Varma, S.L.","Dirección del operador: C/ La granja, 15 - Pol. Industrial Alcobendas. 28108 Alcobendas (Madrid) - España","Cantidad Neta: 15 g"],"ingredients":[" Té verde"],"conservation":" Conservar en lugar fresco y seco.","ean":"5608543000133"},{"full_name":"TETLEY té clásico blanco 20 bolsitas paquete 30 g","name":"té clásico blanco 20 bolsitas paquete 30 g","brand":"TETLEY ","img":"https://sgfm.elcorteingles.es/SGFM/dctm/MEDIA03/201710/24/00120648302873____2__600x600.jpg","price":"3,41 €","price_unit":"(113,67 € / Kilo)","categories":["Supermercado","Desayunos Dulces y pan","Desayunos, dulces y pan","Infusiones y tés","Té salud","TETLEY té clásico blanco 20 bolsitas paquete 30 g"],"general_information":["Denominación del alimento: Te blanco","País de origen: Reino Unido","Nombre del operador: Alimentación Varma, S.L.","Dirección del operador: C/ La granja, 15 - Pol. Industrial Alcobendas. 28108 Alcobendas (Madrid) - España","Cantidad Neta: 30 g"],"ingredients":[" Té blanco (100%)"],"conservation":" Conservar bien cerrado y en lugar seco.","ean":"5014328073603"},{"full_name":"ALMA te verde chum - mee ecológico caja 30 g","name":"te verde chum - mee ecológico caja 30 g","brand":"ALMA ","img":"https://sgfm.elcorteingles.es/SGFM/dctm/MEDIA03/201705/12/00120648303434____1__600x600.jpg","price":"5,57 €","price_unit":"(185,67 € / Kilo)","categories":["Supermercado","Desayunos Dulces y pan","Desayunos, dulces y pan","Infusiones y tés","Té salud","ALMA te verde chum - mee ecológico caja 30 g"],"general_information":[],"ingredients":[],"ean":"8412869300573"},{"full_name":"NECTARAN BIO té verde ecológico estuche 100 g","name":"té verde ecológico estuche 100 g","brand":"NECTARAN BIO ","img":"https://sgfm.elcorteingles.es/SGFM/dctm/MEDIA03/201707/20/00120604800027____1__600x600.jpg","price":"1,99 €","price_unit":"(19,90 € / Kilo)","categories":["Supermercado","Desayunos Dulces y pan","Desayunos, dulces y pan","Infusiones y tés","Té salud","NECTARAN BIO té verde ecológico estuche 100 g"],"general_information":[],"ingredients":[],"ean":"8436043645854"},{"full_name":"EL CORTE INGLES manzanilla estuche 25 bolsitas","name":"manzanilla estuche 25 bolsitas","brand":"EL CORTE INGLES ","img":"https://sgfm.elcorteingles.es/SGFM/dctm/MEDIA02/CONTENIDOS/201601/18/00120666601065____2__600x600.jpg","price":"0,61 €","price_unit":"(18,48 € / Kilo)","categories":["Supermercado","Desayunos Dulces y pan","Desayunos, dulces y pan","Infusiones y tés","Manzanillas","EL CORTE INGLES manzanilla estuche 25 bolsitas"],"general_information":["Denominación del alimento: Manzanilla","Nombre del operador: Envasado para  El Corte Inglés por                      Pompadour Ibérica, S.A.                                              Ctra. de Madrid, Km 405  03114 Alicante (España)","Cantidad Neta: 33,75 g"],"ingredients":[],"conservation":" Conservar en lugar fresco y seco.","ean":"8433329066150"},{"full_name":"EL CORTE INGLES manzanilla con anís 25 bolsitas estuche 33,75 g","name":"manzanilla con anís 25 bolsitas estuche 33,75 g","brand":"EL CORTE INGLES ","img":"https://sgfm.elcorteingles.es/SGFM/dctm/MEDIA03/201603/02/00120666601735____1__600x600.jpg","price":"0,63 €","price_unit":"(18,67 € / Kilo)","categories":["Supermercado","Desayunos Dulces y pan","Desayunos, dulces y pan","Infusiones y tés","Manzanillas","EL CORTE INGLES manzanilla con anís 25 bolsitas estuche 33,75 g"],"general_information":["Denominación del alimento: Manzanilla con anís","Nombre del operador: Envasado para  El Corte Inglés por                      Pompadour Ibérica, S.A.                                              Ctra. de Madrid, Km 405  03114 Alicante (España)","Cantidad Neta: 33,75 g"],"ingredients":[" Ingredientes: Manzanilla (Chamomilla recutita) 57%, anís verde (pimpinella anisum) 39% y aroma natural de anís"],"conservation":" Conservar en lugar fresco y seco.","ean":"8433329066174"},{"full_name":"EL CORTE INGLES manzanilla con sabor a miel 20 bolsitas estuche 26 g","name":"manzanilla con sabor a miel 20 bolsitas estuche 26 g","brand":"EL CORTE INGLES ","img":"https://sgfm.elcorteingles.es/SGFM/dctm/MEDIA03/201603/02/00120666601727____1__600x600.jpg","price":"0,99 €","price_unit":"(33 € / Kilo)","categories":["Supermercado","Desayunos Dulces y pan","Desayunos, dulces y pan","Infusiones y tés","Manzanillas","EL CORTE INGLES manzanilla con sabor a miel 20 bolsitas estuche 26 g"],"general_information":["Denominación del alimento: Manzanilla sabor a miel","Nombre del operador: Envasado para  El Corte Inglés por                      Pompadour Ibérica, S.A.                                              Ctra. de Madrid, Km 405  03114 Alicante (España)","Cantidad Neta: 26 g"],"ingredients":[" Ingredientes: Manzanilla (Matricaria recutita) 94% y aroma de miel"],"conservation":" Conservar en lugar fresco y seco.","ean":"8433329066167"},{"full_name":"POMPADOUR manzanilla con anís estuche 25 bolsitas","name":"manzanilla con anís estuche 25 bolsitas","brand":"POMPADOUR ","img":"https://sgfm.elcorteingles.es/SGFM/dctm/MEDIA02/CONTENIDOS/201408/27/00120666601073____1__600x600.jpg","price":"1,55 €","price_unit":"(0,06 € / Unidad)","categories":["Supermercado","Desayunos Dulces y pan","Desayunos, dulces y pan","Infusiones y tés","Manzanillas","POMPADOUR manzanilla con anís estuche 25 bolsitas"],"general_information":["Denominación del alimento: MANZANILLA CON ANÍS","Nombre del operador: POMPADOUR IBÉRICA, S.A","Dirección del operador: CTRA. A MADRID KM 405, POL. IND. LAS ATALAYAS PARCELA 8A 03114 ALICANTE","Cantidad Neta: 33.75 g"],"ingredients":[" Manzanilla, Anís Verde, Aroma anís"],"conservation":" Mantener en lugar fresco y seco.","ean":"4009300502302"},{"full_name":"POMPADOUR manzanilla estuche 25 bolsitas","name":"manzanilla estuche 25 bolsitas","brand":"POMPADOUR ","img":"https://sgfm.elcorteingles.es/SGFM/dctm/MEDIA03/201702/17/00120666601040____1__600x600.jpg","price":"1,55 €","price_unit":"(0,06 € / Unidad)","categories":["Supermercado","Desayunos Dulces y pan","Desayunos, dulces y pan","Infusiones y tés","Manzanillas","POMPADOUR manzanilla estuche 25 bolsitas"],"general_information":["Denominación del alimento: 100% FLORES MANZANILLA","Nombre del operador: POMPADOUR IBÉRICA, S.A","Dirección del operador: CTRA. A MADRID KM 405, POL. IND. LAS ATALAYAS PARCELA 8A 03114 ALICANTE","Cantidad Neta: 27.5 g"],"ingredients":[" 100% Flores Manzanilla"],"conservation":" Mantener en lugar fresco y seco.","ean":"4009300501152"},{"full_name":"HORNIMANS manzanilla 100% natural estuche 100 bolsitas","name":"manzanilla 100% natural estuche 100 bolsitas","brand":"HORNIMANS ","img":"https://sgfm.elcorteingles.es/SGFM/dctm/MEDIA02/CONTENIDOS/201504/30/00200266601079____1__600x600.jpg","price":"4,26 €","price_unit":"(0,04 € / Unidad)","categories":["Supermercado","Desayunos Dulces y pan","Desayunos, dulces y pan","Infusiones y tés","Manzanillas","HORNIMANS manzanilla 100% natural estuche 100 bolsitas"],"general_information":["Denominación del alimento: Manzanilla","Nombre del operador: JACOBS DOUWE EGBERTS B.V.","Dirección del operador: Oosterdoksstraat 80, 1011 DK Amsterdam The Netherlands","Cantidad Neta: 0.11 Kilogramos","Número de raciones por envase: 100"],"ingredients":[" Ingredientes: Manzanilla (100% Flor)"],"conservation":" Conservar en un lugar fresco y seco.","ean":"8410091025240"},{"full_name":"HORNIMANS manzanilla con anís estuche 25 bolsitas","name":"manzanilla con anís estuche 25 bolsitas","brand":"HORNIMANS ","img":"https://sgfm.elcorteingles.es/SGFM/dctm/MEDIA02/CONTENIDOS/201408/27/00120666601024____1__600x600.jpg","price":"1,69 €","price_unit":"(0,07 € / Unidad)","categories":["Supermercado","Desayunos Dulces y pan","Desayunos, dulces y pan","Infusiones y tés","Manzanillas","HORNIMANS manzanilla con anís estuche 25 bolsitas"],"general_information":["Denominación del alimento: Manzanilla con Anís aromatizada","Nombre del operador: JACOBS DOUWE EGBERTS B.V.","Dirección del operador: Oosterdoksstraat 80, 1011 DK Amsterdam The Netherlands","Cantidad Neta: 0.035 Kilogramos","Número de raciones por envase: 25"],"ingredients":[" Ingredientes: manzanilla (67%), anís (15%), hinojo, aroma."],"conservation":" Conservar en un lugar fresco y seco.","ean":"8410091103382"},{"full_name":"HORNIMANS manzanilla con miel estuche 25 bolsitas","name":"manzanilla con miel estuche 25 bolsitas","brand":"HORNIMANS ","img":"https://sgfm.elcorteingles.es/SGFM/dctm/MEDIA03/201612/21/00120666601032____1__600x600.jpg","price":"1,69 €","price_unit":"(0,07 € / Unidad)","categories":["Supermercado","Desayunos Dulces y pan","Desayunos, dulces y pan","Infusiones y tés","Manzanillas","HORNIMANS manzanilla con miel estuche 25 bolsitas"],"general_information":["Denominación del alimento: Manzanilla con miel, aromatizada","Nombre del operador: JACOBS DOUWE EGBERTS B.V.","Dirección del operador: Oosterdoksstraat 80, 1011 DK Amsterdam The Netherlands","Cantidad Neta: 0.035 Kilogramos","Número de raciones por envase: 25"],"ingredients":[" Ingredientes: manzanilla (94%), aroma, trozos de miel (0,3%)."],"conservation":" Conservar en un lugar fresco y seco.","ean":"8410091103283"},{"full_name":"HORNIMANS manzanilla estuche 25 bolsitas","name":"manzanilla estuche 25 bolsitas","brand":"HORNIMANS ","img":"https://sgfm.elcorteingles.es/SGFM/dctm/MEDIA02/CONTENIDOS/201408/27/00120666601057____1__600x600.jpg","price":"1,69 €","price_unit":"(0,07 € / Unidad)","categories":["Supermercado","Desayunos Dulces y pan","Desayunos, dulces y pan","Infusiones y tés","Manzanillas","HORNIMANS manzanilla estuche 25 bolsitas"],"general_information":["Denominación del alimento: Manzanilla","Nombre del operador: JACOBS DOUWE EGBERTS B.V.","Dirección del operador: Oosterdoksstraat 80, 1011 DK Amsterdam The Netherlands","Cantidad Neta: 27.5 g","Número de raciones por envase: 25"],"ingredients":[" Ingredientes: Manzanilla (100% Flor)"],"conservation":" Conservar en un lugar fresco y seco.","ean":"8410091103320"},{"full_name":"LIPTON manzanilla estuche 20 bolsitas","name":"manzanilla estuche 20 bolsitas","brand":"LIPTON ","img":"https://sgfm.elcorteingles.es/SGFM/dctm/MEDIA02/CONTENIDOS/201511/19/00120666601123____1__600x600.jpg","price":"2,12 €","price_unit":"(106 € / Kilo)","categories":["Supermercado","Desayunos Dulces y pan","Desayunos, dulces y pan","Infusiones y tés","Manzanillas","LIPTON manzanilla estuche 20 bolsitas"],"general_information":["Denominación del alimento: Manzanilla","País de origen: Bélgica","Nombre del operador: Unilever","Dirección del operador: Unilever España S.A\nC/ Tecnología 19\n08840 Viladecans (Barcelona)\nSERVICIO AL CONSUMIDOR\n900 812 511","Cantidad Neta: 14 g"],"ingredients":[" Ingredientes: Manzanilla (100%)."],"conservation":"Modo de empleo: **Infusión preparada con 1 bolsita en 200 ml de agua recién hervida durante 4-5 minutos, sin azúcar ni leche","ean":"8722700089179"},{"full_name":"ALMA infusión de manzanilla ecológica estuche 15 bolsitas","name":"infusión de manzanilla ecológica estuche 15 bolsitas","brand":"ALMA ","img":"https://sgfm.elcorteingles.es/SGFM/dctm/MEDIA03/201705/12/00120666601800____1__600x600.jpg","price":"5,59 €","price_unit":"(248,44 € / Kilo)","categories":["Supermercado","Desayunos Dulces y pan","Desayunos, dulces y pan","Infusiones y tés","Manzanillas","ALMA infusión de manzanilla ecológica estuche 15 bolsitas"],"general_information":[],"ingredients":[],"ean":"8412869300511"},{"full_name":"LA ESPECIERA DEL NORTE manzanilla amarga bolsa 20 g","name":"manzanilla amarga bolsa 20 g","brand":"LA ESPECIERA DEL NORTE ","img":"https://sgfm.elcorteingles.es/SGFM/00/01/3/0118145600013/0118145600013000g01011.jpg","price":"2,45 €","price_unit":"(122,50 € / Kilo)","categories":["Supermercado","Desayunos Dulces y pan","Desayunos, dulces y pan","Infusiones y tés","Manzanillas","LA ESPECIERA DEL NORTE manzanilla amarga bolsa 20 g"],"general_information":[],"ingredients":[],"ean":"8412721030884"},{"full_name":"BONOMELLI Filtrofiore manzanilla 14 bolsitas estuche 28 g","name":"Filtrofiore manzanilla 14 bolsitas estuche 28 g","brand":"BONOMELLI ","img":"https://sgfm.elcorteingles.es/SGFM/dctm/MEDIA02/CONTENIDOS/201511/12/00120666601446____1__600x600.jpg","price":"2,66 €","price_unit":"(95 € / Kilo)","categories":["Supermercado","Desayunos Dulces y pan","Desayunos, dulces y pan","Infusiones y tés","Manzanillas","BONOMELLI Filtrofiore manzanilla 14 bolsitas estuche 28 g"],"general_information":["Denominación del alimento: Manzanilla","País de origen: Italia","Nombre del operador: Inasa Import S.L","Dirección del operador: Calle Zurbarán 7. entreplanta 4-28010 Madrid","Lugar de procedencia del alimento: Italia","Cantidad Neta: 28 g","Número de raciones por envase: 14"],"ingredients":[" Manzanilla (todas las partes de la flor)"],"conservation":" Conservar en un lugar fresco y seco.","ean":"8001840303155"},{"full_name":"NECTARAN GOURMET manzanilla ecológica estuche 30 g","name":"manzanilla ecológica estuche 30 g","brand":"NECTARAN GOURMET ","img":"https://sgfm.elcorteingles.es/SGFM/dctm/MEDIA03/201612/19/00120666601941____1__600x600.jpg","price":"2,10 €","categories":["Supermercado","Desayunos Dulces y pan","Desayunos, dulces y pan","Infusiones y tés","Manzanillas","NECTARAN GOURMET manzanilla ecológica estuche 30 g"],"general_information":[],"ingredients":[],"ean":"8436043644451"},{"full_name":"NECTARAN BIO manzanilla ecológica estuche 30 g","name":"manzanilla ecológica estuche 30 g","brand":"NECTARAN BIO ","img":"https://sgfm.elcorteingles.es/SGFM/dctm/MEDIA03/201707/20/00120605000064____1__600x600.jpg","price":"1,99 €","price_unit":"(66,33 € / Kilo)","categories":["Supermercado","Desayunos Dulces y pan","Desayunos, dulces y pan","Infusiones y tés","Manzanillas","NECTARAN BIO manzanilla ecológica estuche 30 g"],"general_information":[],"ingredients":[],"ean":"8436043645823"},{"full_name":"EL CORTE INGLES infusión de menta poleo estuche 25 bolsitas","name":"infusión de menta poleo estuche 25 bolsitas","brand":"EL CORTE INGLES ","img":"https://sgfm.elcorteingles.es/SGFM/dctm/MEDIA03/201704/20/00120666600190____3__600x600.jpg","price":"0,61 €","price_unit":"(16,49 € / Kilo)","categories":["Supermercado","Desayunos Dulces y pan","Desayunos, dulces y pan","Infusiones y tés","Poleo - menta","EL CORTE INGLES infusión de menta poleo estuche 25 bolsitas"],"general_information":["Denominación del alimento: Poleo menta","Nombre del operador: Pompadour Ibérica, S.A.","Dirección del operador: Ctra. de Madrid, km 405, 03114 Alicante","Cantidad Neta: 37.5 g"],"ingredients":[],"conservation":" Conservese en lugar fresco y seco.","ean":"8433329002868"},{"full_name":"HORNIMANS poleo menta estuche 25 bolsitas","name":"poleo menta estuche 25 bolsitas","brand":"HORNIMANS ","img":"https://sgfm.elcorteingles.es/SGFM/dctm/MEDIA02/CONTENIDOS/201408/27/00120666600091____1__600x600.jpg","price":"1,69 €","price_unit":"(0,07 € / Unidad)","categories":["Supermercado","Desayunos Dulces y pan","Desayunos, dulces y pan","Infusiones y tés","Poleo - menta","HORNIMANS poleo menta estuche 25 bolsitas"],"general_information":["Denominación del alimento: Infusión de mentas","Nombre del operador: JACOBS DOUWE EGBERTS B.V.","Dirección del operador: Oosterdoksstraat 80, 1011 DK Amsterdam The Netherlands","Cantidad Neta: 0.035 Kilogramos","Número de raciones por envase: 25"],"ingredients":[" Ingredientes: Menta Piperita, Hierbabuena, Poleo (2%)."],"conservation":" Conservar en un lugar fresco y seco.","ean":"8410091103344"},{"full_name":"POMPADOUR poleo-menta estuche 25 bolsitas","name":"poleo-menta estuche 25 bolsitas","brand":"POMPADOUR ","img":"https://sgfm.elcorteingles.es/SGFM/00/07/5/0120666600075/0120666600075000g01011.jpg","price":"1,55 €","price_unit":"(0,06 € / Unidad)","categories":["Supermercado","Desayunos Dulces y pan","Desayunos, dulces y pan","Infusiones y tés","Poleo - menta","POMPADOUR poleo-menta estuche 25 bolsitas"],"general_information":["Denominación del alimento: MENTA","Nombre del operador: POMPADOUR IBÉRICA, S.A","Dirección del operador: CTRA. A MADRID KM 405, POL. IND. LAS ATALAYAS PARCELA 8A 03114 ALICANTE","Cantidad Neta: 37.5 g"],"ingredients":[" 100% Menta piperita"],"conservation":" Mantener en lugar fresco y seco.","ean":"4009300501138"},{"full_name":"POMPADOUR poleo-menta 10 cápsulas estuche 22 g compatibles con máquinas de café Nespresso","name":"poleo-menta 10 cápsulas estuche 22 g","brand":"POMPADOUR ","img":"https://sgfm.elcorteingles.es/SGFM/01/05/2/0120604601052/0120604601052000g01011.jpg","price":"3,35 €","price_unit":"(152,27 € / Kilo)","categories":["Supermercado","Desayunos Dulces y pan","Desayunos, dulces y pan","Infusiones y tés","Poleo - menta","POMPADOUR poleo-menta 10 cápsulas estuche 22 g compatibles con máquinas de café Nespresso"],"general_information":["Denominación del alimento: Infusión de menta en cápsulas","Nombre del operador: POMPADOUR IBÉRICA, S.A","Dirección del operador: CTRA. A MADRID KM 405, POL. IND. LAS ATALAYAS PARCELA 8A 03114 ALICANTE","Cantidad Neta: 22 g"],"ingredients":[" 100% Menta piperita"],"conservation":" Mantener en lugar fresco y seco.","ean":"8412900800031"},{"full_name":"ALMA infusión de menta poleo ecológica estuche 15 bolsitas","name":"infusión de menta poleo ecológica estuche 15 bolsitas","brand":"ALMA ","img":"https://sgfm.elcorteingles.es/SGFM/dctm/MEDIA03/201705/12/00120666601826____1__600x600.jpg","price":"5,59 €","price_unit":"(186,33 € / Kilo)","categories":["Supermercado","Desayunos Dulces y pan","Desayunos, dulces y pan","Infusiones y tés","Poleo - menta","ALMA infusión de menta poleo ecológica estuche 15 bolsitas"],"general_information":[],"ingredients":[],"ean":"8412869300801"},{"full_name":"EL CORTE INGLES tila estuche 25 bolsitas","name":"tila estuche 25 bolsitas","brand":"EL CORTE INGLES ","img":"https://sgfm.elcorteingles.es/SGFM/dctm/MEDIA02/CONTENIDOS/201601/18/00120666600182____1__600x600.jpg","price":"0,51 €","price_unit":"(17 € / Kilo)","categories":["Supermercado","Desayunos Dulces y pan","Desayunos, dulces y pan","Infusiones y tés","Tilas","EL CORTE INGLES tila estuche 25 bolsitas"],"general_information":["Denominación del alimento: Tila","Nombre del operador: Envasado para  El Corte Inglés por                      Pompadour Ibérica, S.A.                                              Ctra. de Madrid, Km 405  03114 Alicante (España)","Cantidad Neta: 30 g"],"ingredients":[],"conservation":" Conservar en lugar fresco y seco.","ean":"8433329066181"},{"full_name":"POMPADOUR tila estuche 25 bolsitas","name":"tila estuche 25 bolsitas","brand":"POMPADOUR ","img":"https://sgfm.elcorteingles.es/SGFM/00/08/3/0120666600083/0120666600083000g01011.jpg","price":"1,55 €","price_unit":"(0,06 € / Unidad)","categories":["Supermercado","Desayunos Dulces y pan","Desayunos, dulces y pan","Infusiones y tés","Tilas","POMPADOUR tila estuche 25 bolsitas"],"general_information":["Denominación del alimento: TILA","Nombre del operador: POMPADOUR IBÉRICA, S.A","Dirección del operador: CTRA. A MADRID KM 405, POL. IND. LAS ATALAYAS PARCELA 8A 03114 ALICANTE","Cantidad Neta: 30 g"],"ingredients":[" 100% Tila"],"conservation":" Mantener en lugar fresco y seco.","ean":"4009300501046"},{"full_name":"HORNIMANS tila estuche 25 bolsitas","name":"tila estuche 25 bolsitas","brand":"HORNIMANS ","img":"https://sgfm.elcorteingles.es/SGFM/dctm/MEDIA03/201612/21/00120666600109____2__600x600.jpg","price":"1,69 €","price_unit":"(0,07 € / Unidad)","categories":["Supermercado","Desayunos Dulces y pan","Desayunos, dulces y pan","Infusiones y tés","Tilas","HORNIMANS tila estuche 25 bolsitas"],"general_information":["Denominación del alimento: Tila","Nombre del operador: JACOBS DOUWE EGBERTS B.V.","Dirección del operador: Oosterdoksstraat 80, 1011 DK Amsterdam The Netherlands","Cantidad Neta: 0.03 Kilogramos","Número de raciones por envase: 25"],"ingredients":[" Ingredientes: Tila"],"conservation":" Conservar en un lugar fresco y seco.","ean":"8410091103306"},{"full_name":"ALMA infusión de tila ecológica estuche 15 bolsitas","name":"infusión de tila ecológica estuche 15 bolsitas","brand":"ALMA ","img":"https://sgfm.elcorteingles.es/SGFM/dctm/MEDIA03/201705/12/00120666601842____1__600x600.jpg","price":"5,20 €","price_unit":"(173,33 € / Kilo)","categories":["Supermercado","Desayunos Dulces y pan","Desayunos, dulces y pan","Infusiones y tés","Tilas","ALMA infusión de tila ecológica estuche 15 bolsitas"],"general_information":[],"ingredients":[],"ean":"8412869300658"},{"full_name":"EL CORTE INGLES infusión digestiva con manzanilla, menta y anís verde 20 bolsitas estuche 30 g","name":"infusión digestiva con manzanilla, menta y anís verde 20 bolsitas estuche 30 g","brand":"EL CORTE INGLES ","img":"https://sgfm.elcorteingles.es/SGFM/dctm/MEDIA03/201603/02/00120666601701____1__600x600.jpg","price":"1,05 €","price_unit":"(35 € / Kilo)","categories":["Supermercado","Desayunos Dulces y pan","Desayunos, dulces y pan","Infusiones y tés","Infusiones multifuncionales","EL CORTE INGLES infusión digestiva con manzanilla, menta y anís verde 20 bolsitas estuche 30 g"],"general_information":["Denominación del alimento: Infusión de plantas con aroma de anís","Nombre del operador: Envasado para  El Corte Inglés por                      Pompadour Ibérica, S.A.                                              Ctra. de Madrid, Km 405  03114 Alicante (España)","Cantidad Neta: 30 g"],"ingredients":[" Ingredientes: Manzanilla (Matricaria recutita) 65%,\nmenta (Mentha piperita) 20%, anís verde (Pimpinella anisum) 10% y aroma de anís 5%."],"conservation":" Conservar en lugar fresco y seco.","ean":"8433329066228"},{"full_name":"EL CORTE INGLES infusión relax con tila, azahar, melisa e hierba luisa 20 bolsitas estuche 30 g","name":"infusión relax con tila, azahar, melisa e hierba luisa 20 bolsitas estuche 30 g","brand":"EL CORTE INGLES ","img":"https://sgfm.elcorteingles.es/SGFM/dctm/MEDIA03/201603/02/00120666601719____1__600x600.jpg","price":"1,05 €","price_unit":"(35 € / Kilo)","categories":["Supermercado","Desayunos Dulces y pan","Desayunos, dulces y pan","Infusiones y tés","Infusiones multifuncionales","EL CORTE INGLES infusión relax con tila, azahar, melisa e hierba luisa 20 bolsitas estuche 30 g"],"general_information":["Denominación del alimento: Infusión de plantas","Nombre del operador: Envasado para  El Corte Inglés por                      Pompadour Ibérica, S.A.                                              Ctra. de Madrid, Km 405  03114 Alicante (España)","Cantidad Neta: 30 g"],"ingredients":[" Ingredientes: Tila (Tilia) 25%, azahar (Citrus aurantium) 25% , melisa (Melisa officinalis) 25% y hierba luisa (Lippia citriodora) 25%."],"conservation":" Conservar en lugar fresco y seco.","ean":"8433329066211"},{"full_name":"EL CORTE INGLES infusión para tus sueños melissa y rooibos 20 bolsitas estuche 44 g","name":"infusión para tus sueños melissa y rooibos 20 bolsitas estuche 44 g","brand":"EL CORTE INGLES ","img":"https://sgfm.elcorteingles.es/SGFM/dctm/MEDIA03/201605/05/00120666601776____1__600x600.jpg","price":"1,05 €","price_unit":"(23,86 € / Kilo)","categories":["Supermercado","Desayunos Dulces y pan","Desayunos, dulces y pan","Infusiones y tés","Infusiones multifuncionales","EL CORTE INGLES infusión para tus sueños melissa y rooibos 20 bolsitas estuche 44 g"],"general_information":["Denominación del alimento: Infusión de plantas con aroma de miel","Nombre del operador: Envasado para  El Corte Inglés por                      Pompadour Ibérica, S.A.                                              Ctra. de Madrid, Km 405  03114 Alicante (España)","Cantidad Neta: 44 g"],"ingredients":[" Ingredientes: Melisa (Melissa officinalis) 45%, rooibos (Aspalathus linearis) 25%, hojas de naranjo (Citrus aurantium) 25% y aroma de miel 5%."],"conservation":" Conservar en lugar fresco y seco.","ean":"8433329066204"},{"full_name":"EL CORTE INGLES infusión Línea con té verde, malva, anis verde y saúco 20 bolsitas estuche 30 g","name":"infusión Línea con té verde, malva, anis verde y saúco 20 bolsitas estuche 30 g","brand":"EL CORTE INGLES ","img":"https://sgfm.elcorteingles.es/SGFM/dctm/MEDIA03/201605/05/00120666601768____1__600x600.jpg","price":"1,05 €","price_unit":"(35 € / Kilo)","categories":["Supermercado","Desayunos Dulces y pan","Desayunos, dulces y pan","Infusiones y tés","Infusiones multifuncionales","EL CORTE INGLES infusión Línea con té verde, malva, anis verde y saúco 20 bolsitas estuche 30 g"],"general_information":["Denominación del alimento: Infusión de plantas","Nombre del operador: Envasado para  El Corte Inglés por                      Pompadour Ibérica, S.A.                                              Ctra. de Madrid, Km 405  03114 Alicante (España)","Cantidad Neta: 30 g"],"ingredients":[" Ingredientes: Té verde (Camellia sinensis) 45%, malva (Malva sylvestris) 25%, anís verde (Pimpinella anisum)  25% y sáuco (Sambucus nigra) 5%"],"conservation":" Conservar en lugar fresco y seco.","ean":"8433329066235"},{"full_name":"SPECIAL LINE infusión antioxidante de té verde Japón sencha y rooibos verde estuche 25 bolsitas","name":"infusión antioxidante de té verde Japón sencha y rooibos verde estuche 25 bolsitas","brand":"SPECIAL LINE ","img":"https://sgfm.elcorteingles.es/SGFM/dctm/MEDIA02/CONTENIDOS/201601/04/00120720803368____1__600x600.jpg","price":"2,09 €","price_unit":"(0,08 € / Unidad)","categories":["Supermercado","Desayunos Dulces y pan","Desayunos, dulces y pan","Infusiones y tés","Infusiones multifuncionales","SPECIAL LINE infusión antioxidante de té verde Japón sencha y rooibos verde estuche 25 bolsitas"],"general_information":["Denominación del alimento: TÉ VERDE JAPÓN SENCHA Y ROOIBOS VERDE","Nombre del operador: Elaborado para el Grupo El Corte Inglés\nHermosilla, 112 ? 28009 Madrid\nEspaña por NIF: B-24470171","Cantidad Neta: 37,5 g"],"ingredients":[" Ingredientes: Té verde Japón sencha (Camellia sinensis (50%)), rooibos verde (Aspalathus linearis) (35%), hierba limón (Cymbopogon citratus) (15%)."],"conservation":" Almacenar en lugar fresco y seco.","ean":"8433329032292"},{"full_name":"SPECIAL LINE infusión relajante de melisa pasiflora y manzanilla estuche 25 bolsitas","name":"infusión relajante de melisa pasiflora y manzanilla estuche 25 bolsitas","brand":"SPECIAL LINE ","img":"https://sgfm.elcorteingles.es/SGFM/03/37/6/0120720803376/0120720803376000g01011.jpg","price":"2,09 €","price_unit":"(0,08 € / Unidad)","categories":["Supermercado","Desayunos Dulces y pan","Desayunos, dulces y pan","Infusiones y tés","Infusiones multifuncionales","SPECIAL LINE infusión relajante de melisa pasiflora y manzanilla estuche 25 bolsitas"],"general_information":["Denominación del alimento: MELISA, PASIFLORA Y MANZANILLA","Nombre del operador: Elaborado para el Grupo El Corte Inglés\nHermosilla, 112 ? 28009 Madrid\nEspaña por NIF: B-24470171","Cantidad Neta: 37,5 g"],"ingredients":[" Ingredientes: Melisa (Melissa officinalis ) (40%), pasiflora (Passiflora incarnata) (40%), manzanilla (Matricaria chamomilla) (20%)"],"conservation":" Almacenar en lugar fresco y seco.","ean":"8433329032308"},{"full_name":"SPECIAL LINE Piernas Cansadas infusión de vid roja meliloto hamamelis y arándanos envase 25 bolsitas","name":"Piernas Cansadas infusión de vid roja meliloto hamamelis y arándanos envase 25 bolsitas","brand":"SPECIAL LINE ","img":"https://sgfm.elcorteingles.es/SGFM/dctm/MEDIA03/201606/13/00120720803756____1__600x600.jpg","price":"2,09 €","price_unit":"(83,60 € / Kilo)","categories":["Supermercado","Desayunos Dulces y pan","Desayunos, dulces y pan","Infusiones y tés","Infusiones multifuncionales","SPECIAL LINE Piernas Cansadas infusión de vid roja meliloto hamamelis y arándanos envase 25 bolsitas"],"general_information":["Denominación del alimento: Infusión de Vid roja, meliloto, hamamelis y arándano.","Nombre del operador: Elaborado para el Grupo El Corte Inglés\nHermosilla, 112 ? 28009 Madrid\nEspaña por NIF: B-24470171","Cantidad Neta: 45 g"],"ingredients":[" Ingredientes: Vid roja (Vitis vinifera) (50%), meliloto (Melilotus officinalis L.) (20%), hamamelis (Hamamelis virginiana L.) (20%) y arándanos (Vaccinium myrtillus L.)(10%)."],"conservation":" Almacenar en lugar fresco y seco.","ean":"8433329045001"},{"full_name":"SPECIAL LINE Tránsito intestinal infusión de sen con menta, anís, melisa y regaliz 25 bolsitas estuche 37 g","name":"Tránsito intestinal infusión de sen con menta, anís, melisa y regaliz 25 bolsitas estuche 37 g","brand":"SPECIAL LINE ","img":"https://sgfm.elcorteingles.es/SGFM/dctm/MEDIA03/201605/27/00120744800267____1__600x600.jpg","price":"2,09 €","price_unit":"(83,60 € / Kilo)","categories":["Supermercado","Desayunos Dulces y pan","Desayunos, dulces y pan","Infusiones y tés","Infusiones multifuncionales","SPECIAL LINE Tránsito intestinal infusión de sen con menta, anís, melisa y regaliz 25 bolsitas estuche 37 g"],"general_information":["Denominación del alimento: Infusión de sen con menta, anís, melisa y regaliz.","Nombre del operador: Elaborado para el Grupo El Corte Inglés\nHermosilla, 112 ? 28009 Madrid\nEspaña por NIF: B-24470171","Cantidad Neta: 37,5 g"],"ingredients":[" Ingredientes: Sen (80%), menta  (5%), anís (5%), regalíz (5%) y melisa  (5%)."],"conservation":" Almacenar en lugar fresco y seco.","ean":"8433329045056"},{"full_name":"SPECIAL LINE cola de caballo regenerador y diurético infusión estuche 25 bolsitas","name":"cola de caballo regenerador y diurético infusión estuche 25 bolsitas","brand":"SPECIAL LINE ","img":"https://sgfm.elcorteingles.es/SGFM//00/27/5/0120744800275/0120744800275000g01011.jpg","price":"2,09 €","price_unit":"(83,60 € / Kilo)","categories":["Supermercado","Desayunos Dulces y pan","Desayunos, dulces y pan","Infusiones y tés","Infusiones multifuncionales","SPECIAL LINE cola de caballo regenerador y diurético infusión estuche 25 bolsitas"],"general_information":["Denominación del alimento: Infusión de cola de caballo y menta.","Nombre del operador: Elaborado para el Grupo El Corte Inglés\nHermosilla, 112 ? 28009 Madrid\nEspaña por NIF: B-24470171","Cantidad Neta: 37,5 g"],"ingredients":[" Ingredientes: Cola de caballo (Equisetum arvense) (95%) y menta (Mentha x piperita L.) (5%)."],"conservation":" Almacenar en lugar fresco y seco.","ean":"8433329045063"},{"full_name":"SPECIAL LINE Articulaciones infusión con grosellero negro, harpagofito, sauce y ulmaria 25 bolsitas estuche 37 g","name":"Articulaciones infusión con grosellero negro, harpagofito, sauce y ulmaria 25 bolsitas estuche 37 g","brand":"SPECIAL LINE ","img":"https://sgfm.elcorteingles.es/SGFM/dctm/MEDIA03/201607/13/00120720803921____1__600x600.jpg","price":"2,15 €","categories":["Supermercado","Desayunos Dulces y pan","Desayunos, dulces y pan","Infusiones y tés","Infusiones multifuncionales","SPECIAL LINE Articulaciones infusión con grosellero negro, harpagofito, sauce y ulmaria 25 bolsitas estuche 37 g"],"general_information":["Denominación del alimento: Complemento alimenticio","Nombre del operador: Elaborado para el Grupo El Corte Inglés\nHermosilla, 112 ? 28009 Madrid\nEspaña por NIF: B-24470171","Cantidad Neta: 37,5 g"],"ingredients":[" Ingredientes: Grosellero negro (40%), harpagofito (30%), sauce (15%) y ulmaria (15%)."],"conservation":" Almacenar en lugar fresco y seco.","ean":"8433329067386"},{"full_name":"POMPADOUR infusión de cola de caballo plus 3 ayuda natural para eliminar líquidos estuche 40 g","name":"infusión de cola de caballo plus 3 ayuda natural para eliminar líquidos estuche 40 g","brand":"POMPADOUR ","img":"https://sgfm.elcorteingles.es/SGFM/00/85/1/0120666600851/0120666600851000g01011.jpg","price":"2,09 €","price_unit":"(52,25 € / Kilo)","categories":["Supermercado","Desayunos Dulces y pan","Desayunos, dulces y pan","Infusiones y tés","Infusiones multifuncionales","POMPADOUR infusión de cola de caballo plus 3 ayuda natural para eliminar líquidos estuche 40 g"],"general_information":["Denominación del alimento: Infusión de plantas naturales","Nombre del operador: POMPADOUR IBÉRICA, S.A","Dirección del operador: CTRA. A MADRID KM 405, POL. IND. LAS ATALAYAS PARCELA 8A 03114 ALICANTE","Cantidad Neta: 40 g","Otras menciones obligatorias en la etiqueta: Cantidad diaria recomendada: 3 bolsitas. Es aconsejable no superar la dosis diaria recomendada.Mantener fuera del alcance de los niños. Esta Infusión no sustituye a una alimentación variada y equilibrada ni a una forma de vida sana. No es recomendable tomarlo durante el embarazo, la menstruación o periodos de lactancia, así como para personas mayores y niños."],"ingredients":[" Cola de caballo, hojas de Ortosifón, Solidago Gigantea, Judias vainas, aroma de Piña (5%)"],"conservation":" Mantener en lugar fresco y seco.","ean":"8412900401092"},{"full_name":"POMPADOUR Duerme Bien multinfusión con Pasiflora 20 bolsitas estuche 44 g","name":"Duerme Bien multinfusión con Pasiflora 20 bolsitas estuche 44 g","brand":"POMPADOUR ","img":"https://sgfm.elcorteingles.es/SGFM/00/60/4/0120666600604/0120666600604000g01011.jpg","price":"1,69 €","price_unit":"(38,41 € / Kilo)","categories":["Supermercado","Desayunos Dulces y pan","Desayunos, dulces y pan","Infusiones y tés","Infusiones multifuncionales","POMPADOUR Duerme Bien multinfusión con Pasiflora 20 bolsitas estuche 44 g"],"general_information":["Denominación del alimento: Duerme Bien Plus. Infusión de plantas naturales y especias. Complemento alimenticio.","Nombre del operador: POMPADOUR IBÉRICA, S.A","Dirección del operador: CTRA. A MADRID KM 405, POLIG. IND. LAS ATALAYAS PAR. VIII 03114 ALICANTE","Cantidad Neta: 44 g","Número de raciones por envase: 20","Otras menciones obligatorias en la etiqueta: Esta infusión no sustituye a una alimentación variada y equilibrada ni a una forma de vida sana. ¡Se recomienda una bolsita por taza!"],"ingredients":[" Rooibos, Melisa, Honeybush, Anís, Canela, Pasiflora (10%), Regaliz, lúpulo, dulces hojas de Zarzamora, Cardamomo y flor de loto (2%). Contiene Regaliz."],"conservation":" Mantener en lugar fresco y seco.","ean":"8412900400347"},{"full_name":"POMPADOUR multinfusión saciante ayuda natural al control de peso estuche 20 bolsitas","name":"multinfusión saciante ayuda natural al control de peso estuche 20 bolsitas","brand":"POMPADOUR ","img":"https://sgfm.elcorteingles.es/SGFM/dctm/MEDIA02/CONTENIDOS/201508/31/00120666601420____1__600x600.jpg","price":"1,99 €","price_unit":"(0,10 € / Unidad)","categories":["Supermercado","Desayunos Dulces y pan","Desayunos, dulces y pan","Infusiones y tés","Infusiones multifuncionales","POMPADOUR multinfusión saciante ayuda natural al control de peso estuche 20 bolsitas"],"general_information":["Denominación del alimento: Infusión de plantas naturales","Nombre del operador: POMPADOUR IBÉRICA, S.A","Dirección del operador: CTRA. A MADRID KM 405, POL. IND. LAS ATALAYAS PARCELA 8A 03114 ALICANTE","Cantidad Neta: 44 g","Otras menciones obligatorias en la etiqueta: Cantidad diaria recomendada: 3 bolsita. Es aconsejable no superar la dosis diaria recomendada.Mantener fuera del alcance de los niños. Esta Infusión no sustituye a una alimentación variada y equilibrada ni a una forma de vida sana. No es recomendable tomarlo durante el embarazo, la menstruación o periodos de lactancia, así como para personas mayores y niños. Se recomienda tomar la infusión media hora antes de las comidas principales y una bolsita por taza."],"ingredients":[" Mate, Garcinia cambogia, Glucomanano, Fucus versiculosus y Aroma de naranja"],"conservation":" Mantener en lugar fresco y seco.","ean":"8412900401245"},{"full_name":"POMPADOUR Digestive multinfusión favorece la digestión con alcaravea 20 bolsitas estuche 44 g","name":"Digestive multinfusión favorece la digestión con alcaravea 20 bolsitas estuche 44 g","brand":"POMPADOUR ","img":"https://sgfm.elcorteingles.es/SGFM/00/45/5/0120666600455/0120666600455000g01011.jpg","price":"1,69 €","price_unit":"(38,41 € / Kilo)","categories":["Supermercado","Desayunos Dulces y pan","Desayunos, dulces y pan","Infusiones y tés","Infusiones multifuncionales","POMPADOUR Digestive multinfusión favorece la digestión con alcaravea 20 bolsitas estuche 44 g"],"general_information":["Denominación del alimento: Digestive Plus Pompadour. Infusión de plantas naturales. Complemento Alimenticio.","Nombre del operador: POMPADOUR IBÉRICA, S.A","Dirección del operador: CTRA. A MADRID KM 405, POLIG. IND. LAS ATALAYAS PAR. VIII, 03114 ALICANTE","Cantidad Neta: 44 g","Número de raciones por envase: 20"],"ingredients":[" Rooibos, Manzanilla (13,64%), Anís, Hinojo, Menta crespa, Menta piperita, Alcaravea (10%), raíz de Regaliz, hojas de zarzamora"],"conservation":" Mantener en lugar fresco y seco.","ean":"8412900400354"},{"full_name":"POMPADOUR Non Stress Plus ayuda natural para tu actividad diaria estuche 20 bolsitas","name":"Non Stress Plus ayuda natural para tu actividad diaria estuche 20 bolsitas","brand":"POMPADOUR ","img":"https://sgfm.elcorteingles.es/SGFM/dctm/MEDIA03/201704/20/00120666602048____1__600x600.jpg","price":"2,14 €","price_unit":"(0,11 € / Unidad)","categories":["Supermercado","Desayunos Dulces y pan","Desayunos, dulces y pan","Infusiones y tés","Infusiones multifuncionales","POMPADOUR Non Stress Plus ayuda natural para tu actividad diaria estuche 20 bolsitas"],"general_information":["Denominación del alimento: Infusión de plantas y especias con sabor a ciruela.","País de origen: España","Nombre del operador: POMPADOUR","Dirección del operador: P.I. Las Atalayas. Ctra. a Madrid km 405. C/ del Franco, 8A. 03114 Alicante","Cantidad Neta: 44 g","Número de raciones por envase: 20"],"ingredients":[" Melisa, manzanilla, cúrcuma, flor de azahar, tila, menta, salvia, hierba luisa, lavanda y aroma de ciruela."],"conservation":" Conservar en un lugar fresco y seco a temperatura ambiente.","ean":"8412900401399"},{"full_name":"POMPADOUR Delgasxan multinfusión para el control de peso 20 bolsitas estuche 31 g","name":"Delgasxan multinfusión para el control de peso 20 bolsitas estuche 31 g","brand":"POMPADOUR ","img":"https://sgfm.elcorteingles.es/SGFM/00/74/5/0120666600745/0120666600745000g01011.jpg","price":"2,19 €","price_unit":"(70,65 € / Kilo)","categories":["Supermercado","Desayunos Dulces y pan","Desayunos, dulces y pan","Infusiones y tés","Infusiones multifuncionales","POMPADOUR Delgasxan multinfusión para el control de peso 20 bolsitas estuche 31 g"],"general_information":["Denominación del alimento: Infusión de plantas naturales","Nombre del operador: POMPADOUR IBÉRICA, S.A","Dirección del operador: CTRA. A MADRID KM 405, POL. IND. LAS ATALAYAS PARCELA 8A 03114 ALICANTE","Cantidad Neta: 31 g","Otras menciones obligatorias en la etiqueta: Cantidad diaria recomendada: 1 bolsita. Es aconsejable no superar la dosis diaria recomendada.Mantener fuera del alcance de los niños. Esta Infusión no sustituye a una alimentación variada y equilibrada ni a una forma de vida sana. No prolongue la ingesta durante más de 6 semanas sin consultar a su médico. Evite el consumo en personas mayores, niños y durante el embarazo, menstruación y periodos de lactancia."],"ingredients":[" Sen, Cola de Caballo, Menta y extracto de Alcachofa"],"conservation":" Mantener en lugar fresco y seco.","ean":"8412900401191"},{"full_name":"POMPADOUR Vitadiez multinfusión energizante estuche 20 bolsitas","name":"Vitadiez multinfusión energizante estuche 20 bolsitas","brand":"POMPADOUR ","img":"https://sgfm.elcorteingles.es/SGFM/00/75/2/0120666600752/0120666600752000g01011.jpg","price":"2,10 €","price_unit":"(0,11 € / Unidad)","categories":["Supermercado","Desayunos Dulces y pan","Desayunos, dulces y pan","Infusiones y tés","Infusiones multifuncionales","POMPADOUR Vitadiez multinfusión energizante estuche 20 bolsitas"],"general_information":["Denominación del alimento: Infusión de plantas, frutas y vitaminas con sabor a bayas","Nombre del operador: POMPADOUR IBÉRICA, S.A","Dirección del operador: CTRA. A MADRID KM 405, POL. IND. LAS ATALAYAS PARCELA 8A 03114 ALICANTE","Cantidad Neta: 60 g"],"ingredients":[" Hibisco, Escaramujo, Manzana, Cáscara de naranja, aroma de bayas, bayas de arándanos, grosella negra, bayas de saúco, vitamina C, niacina, vitamina E, pantotenato, vitamina B6, Vitamina B2, vitamina B1, ácido fólico, biotina, vitamina B12"],"conservation":" Mantener en lugar fresco y seco.","ean":"8412900400330"},{"full_name":"POMPADOUR infusión de boldo estuche 20 bolsitas","name":"infusión de boldo estuche 20 bolsitas","brand":"POMPADOUR ","img":"https://sgfm.elcorteingles.es/SGFM/00/20/8/0120666600208/0120666600208000g01011.jpg","price":"1,92 €","price_unit":"(96 € / Kilo)","categories":["Supermercado","Desayunos Dulces y pan","Desayunos, dulces y pan","Infusiones y tés","Infusiones multifuncionales","POMPADOUR infusión de boldo estuche 20 bolsitas"],"general_information":["Denominación del alimento: BOLDO","Nombre del operador: POMPADOUR IBÉRICA, S.A","Dirección del operador: CTRA. A MADRID KM 405, POL. IND. LAS ATALAYAS PARCELA 8A 03114 ALICANTE","Cantidad Neta: 30 g"],"ingredients":[" Boldo"],"conservation":" Mantener en lugar fresco y seco.","ean":"8412900401115"},{"full_name":"POMPADOUR valeriana plus 5 con un toque de limón estuche 40 g","name":"valeriana plus 5 con un toque de limón estuche 40 g","brand":"POMPADOUR ","img":"https://sgfm.elcorteingles.es/SGFM/dctm/MEDIA02/CONTENIDOS/201510/09/00120666600844____1__600x600.jpg","price":"2,33 €","price_unit":"(58,25 € / Kilo)","categories":["Supermercado","Desayunos Dulces y pan","Desayunos, dulces y pan","Infusiones y tés","Infusiones multifuncionales","POMPADOUR valeriana plus 5 con un toque de limón estuche 40 g"],"general_information":["Denominación del alimento: Infusión de plantas naturales","Nombre del operador: POMPADOUR IBÉRICA, S.A","Dirección del operador: CTRA. A MADRID KM 405, POL. IND. LAS ATALAYAS PARCELA 8A 03114 ALICANTE","Cantidad Neta: 40 g","Otras menciones obligatorias en la etiqueta: Cantidad diaria recomendada: 2-3 bolsitas. Es aconsejable no superar la dosis diaria recomendada.Mantener fuera del alcance de los niños. Esta Infusión no sustituye a una alimentación variada y equilibrada ni a una forma de vida sana. Evite el consumo durante el embarazo y periodos de lactancia."],"ingredients":[" Valeriana, Melisa, Hierba luisa, Salvia, Tila, Flor de azahar, aroma de limón (5%)"],"conservation":" Mantener en lugar fresco y seco.","ean":"8412900401085"},{"full_name":"POMPADOUR Detox multinfusión ayuda para eliminar toxinas 20 bolsitas estuche 40 g","name":"Detox multinfusión ayuda para eliminar toxinas 20 bolsitas estuche 40 g","brand":"POMPADOUR ","img":"https://sgfm.elcorteingles.es/SGFM/dctm/MEDIA02/CONTENIDOS/201406/23/00120666601305____2__600x600.jpg","price":"2,09 €","price_unit":"(52,25 € / Kilo)","categories":["Supermercado","Desayunos Dulces y pan","Desayunos, dulces y pan","Infusiones y tés","Infusiones multifuncionales","POMPADOUR Detox multinfusión ayuda para eliminar toxinas 20 bolsitas estuche 40 g"],"general_information":["Denominación del alimento: Infusión de plantas naturales","Nombre del operador: POMPADOUR IBÉRICA, S.A","Dirección del operador: CTRA. A MADRID KM 405, POL. IND. LAS ATALAYAS PARCELA 8A 03114 ALICANTE","Cantidad Neta: 40 g","Otras menciones obligatorias en la etiqueta: Cantidad diaria recomendada: 3-4 bolsitas. Es aconsejable no superar la dosis diaria recomendada.Mantener fuera del alcance de los niños. Esta Infusión no sustituye a una alimentación variada y equilibrada ni a una forma de vida sana. Evite el consumo en personas mayores y niños y durante el embarazo y periodos de lactancia."],"ingredients":[" Diente de león, Té verde, Cola de caballo, Flor de saúco, Ulmaria, aroma de piña, extracto de ortiga"],"conservation":" Mantener en lugar fresco y seco.","ean":"8412900401177"},{"full_name":"POMPADOUR infusión de hierba luisa estuche 20 bolsitas","name":"infusión de hierba luisa estuche 20 bolsitas","brand":"POMPADOUR ","img":"https://sgfm.elcorteingles.es/SGFM/00/27/3/0120666600273/0120666600273000g01011.jpg","price":"1,92 €","price_unit":"(96 € / Kilo)","categories":["Supermercado","Desayunos Dulces y pan","Desayunos, dulces y pan","Infusiones y tés","Infusiones multifuncionales","POMPADOUR infusión de hierba luisa estuche 20 bolsitas"],"general_information":["Denominación del alimento: HIERBA LUISA","Nombre del operador: POMPADOUR IBÉRICA, S.A","Dirección del operador: CTRA. A MADRID KM 405, POL. IND. LAS ATALAYAS PARCELA 8A 03114 ALICANTE","Cantidad Neta: 34 g"],"ingredients":[" 100% Hierba Luisa"],"conservation":" Mantener en lugar fresco y seco.","ean":"8412900401139"},{"full_name":"POMPADOUR Multilax multinfusión 20 bolsitas estuche 30 g","name":"Multilax multinfusión 20 bolsitas estuche 30 g","brand":"POMPADOUR ","img":"https://sgfm.elcorteingles.es/SGFM/dctm/MEDIA02/CONTENIDOS/201501/21/00120666601339____1__600x600.jpg","price":"2,00 €","price_unit":"(66,67 € / Kilo)","categories":["Supermercado","Desayunos Dulces y pan","Desayunos, dulces y pan","Infusiones y tés","Infusiones multifuncionales","POMPADOUR Multilax multinfusión 20 bolsitas estuche 30 g"],"general_information":["Denominación del alimento: Infusión de plantas naturales","Nombre del operador: POMPADOUR IBÉRICA, S.A","Dirección del operador: CTRA. A MADRID KM 405, POL. IND. LAS ATALAYAS PARCELA 8A 03114 ALICANTE","Cantidad Neta: 30 g","Otras menciones obligatorias en la etiqueta: Cantidad diaria recomendada: 1 bolsita. Es aconsejable no superar la dosis diaria recomendada.Mantener fuera del alcance de los niños. Esta Infusión no sustituye a una alimentación variada y equilibrada ni a una forma de vida sana. No prolongue la ingesta durante más de 2 semanas sin consultar a su médico. No es recomendable tomarlo durante el embarazo, la menstruación o periodos de lactanci, así como para personas mayores y niños."],"ingredients":[" Ortosifón, Hinojo, Frángula, Malvavisco y aroma natural de Miel"],"conservation":" Mantener en lugar fresco y seco.","ean":"8412900400385"},{"full_name":"POMPADOUR infusión de escaramujo estuche 20 bolsitas","name":"infusión de escaramujo estuche 20 bolsitas","brand":"POMPADOUR ","img":"https://sgfm.elcorteingles.es/SGFM/00/23/2/0120666600232/0120666600232000g01011.jpg","price":"1,99 €","price_unit":"(99,50 € / Kilo)","categories":["Supermercado","Desayunos Dulces y pan","Desayunos, dulces y pan","Infusiones y tés","Infusiones multifuncionales","POMPADOUR infusión de escaramujo estuche 20 bolsitas"],"general_information":["Denominación del alimento: ESCARAMUJO CON HIBISCO","Nombre del operador: POMPADOUR IBÉRICA, S.A","Dirección del operador: CTRA. A MADRID KM 405, POL. IND. LAS ATALAYAS PARCELA 8A 03114 ALICANTE","Cantidad Neta: 80 g"],"ingredients":[" Escaramujo, Hibisco"],"conservation":" Mantener en lugar fresco y seco.","ean":"8412900401146"},{"full_name":"POMPADOUR infusión de hinojo estuche 20 bolsitas","name":"infusión de hinojo estuche 20 bolsitas","brand":"POMPADOUR ","img":"https://sgfm.elcorteingles.es/SGFM/00/52/1/0120666600521/0120666600521000g01011.jpg","price":"1,92 €","price_unit":"(96 € / Kilo)","categories":["Supermercado","Desayunos Dulces y pan","Desayunos, dulces y pan","Infusiones y tés","Infusiones multifuncionales","POMPADOUR infusión de hinojo estuche 20 bolsitas"],"general_information":["Denominación del alimento: HINOJO","Nombre del operador: POMPADOUR IBÉRICA, S.A","Dirección del operador: CTRA. A MADRID KM 405, POL. IND. LAS ATALAYAS PARCELA 8A 03114 ALICANTE","Cantidad Neta: 40 g"],"ingredients":[" 100% Hinojo"],"conservation":" Mantener en lugar fresco y seco.","ean":"8412900401122"},{"full_name":"HORNIMANS infusión valeriana estuche 20 bolsitas","name":"infusión valeriana estuche 20 bolsitas","brand":"HORNIMANS ","img":"https://sgfm.elcorteingles.es/SGFM/01/28/9/0120666601289/0120666601289000g01011.jpg","price":"2,15 €","price_unit":"(0,11 € / Unidad)","categories":["Supermercado","Desayunos Dulces y pan","Desayunos, dulces y pan","Infusiones y tés","Infusiones multifuncionales","HORNIMANS infusión valeriana estuche 20 bolsitas"],"general_information":["Denominación del alimento: Infusión de plantas aromatizada","Nombre del operador: JACOBS DOUWE EGBERTS B.V.","Dirección del operador: Oosterdoksstraat 80, 1011 DK Amsterdam The Netherlands","Cantidad Neta: 0.03 Kilogramos","Número de raciones por envase: 20","Otras menciones obligatorias en la etiqueta: Hornimans te recomienda seguir una dieta equilibrada y un estilo de vida saludable"],"ingredients":[" Ingredientes: Valeriana (50%), Rooibos verde, Trozos de manzana (10%), Aroma"],"conservation":" - Conservar en un lugar fresco y seco. - Consultar al médico antes de su consumo en caso de embarazo y lactancia.","ean":"8410091061286"},{"full_name":"HORNIMANS Infudigest infusión de manzanilla rooibos y anís 100% natural estuche 20 bolsitas","name":"Infudigest infusión de manzanilla rooibos y anís 100% natural estuche 20 bolsitas","brand":"HORNIMANS ","img":"https://sgfm.elcorteingles.es/SGFM//00/35/6/0120666600356/0120666600356000g01011.jpg","price":"2,06 €","price_unit":"(0,10 € / Unidad)","categories":["Supermercado","Desayunos Dulces y pan","Desayunos, dulces y pan","Infusiones y tés","Infusiones multifuncionales","HORNIMANS Infudigest infusión de manzanilla rooibos y anís 100% natural estuche 20 bolsitas"],"general_information":[],"ingredients":[],"ean":"8410091069558"},{"full_name":"HORNIMANS Infudren infusión de cola de caballo y cítricos estuche 20 bolsitas","name":"Infudren infusión de cola de caballo y cítricos estuche 20 bolsitas","brand":"HORNIMANS ","img":"https://sgfm.elcorteingles.es/SGFM//00/87/7/0120666600877/0120666600877000g01011.jpg","price":"2,06 €","price_unit":"(0,10 € / Unidad)","categories":["Supermercado","Desayunos Dulces y pan","Desayunos, dulces y pan","Infusiones y tés","Infusiones multifuncionales","HORNIMANS Infudren infusión de cola de caballo y cítricos estuche 20 bolsitas"],"general_information":[],"ingredients":[],"ean":"8410091069534"},{"full_name":"HORNIMANS Me Funciona infusión de Cola de Caballo estuche 30 g","name":"Me Funciona infusión de Cola de Caballo estuche 30 g","brand":"HORNIMANS ","img":"https://sgfm.elcorteingles.es/SGFM/dctm/MEDIA02/CONTENIDOS/201502/19/00120666601347____1__600x600.jpg","price":"1,99 €","price_unit":"(66,33 € / Kilo)","categories":["Supermercado","Desayunos Dulces y pan","Desayunos, dulces y pan","Infusiones y tés","Infusiones multifuncionales","HORNIMANS Me Funciona infusión de Cola de Caballo estuche 30 g"],"general_information":["Denominación del alimento: Infusión de plantas con cola de caballo, aromatizada. Complemento alimenticio.","Nombre del operador: JACOBS DOUWE EGBERTS B.V.","Dirección del operador: Oosterdoksstraat 80, 1011 DK Amsterdam The Netherlands","Cantidad Neta: 0.03 Kilogramos","Número de raciones por envase: 20","Otras menciones obligatorias en la etiqueta: Los complementos alimenticios no deben utilizarse como un sustituto de una dieta variada"],"ingredients":[" Ingredientes: cola de caballo (80%), hierba luisa, aroma, menta piperita, trozos de piña (0,3%)."],"conservation":" - Conservar en un lugar fresco y seco. - Dosis de producto recomendada para consumo diario 4,5 g (3,6 gramos de cola de caballo), que equivale a 3 bolsitas. - Condiciones de utilización: Mantener fuera del alcance de los niños. No recomendado para niños menores de 12 años. No recomendado durante el embarazo y la lactancia. No superar la dosis diaria recomendada. No prolongar su utilización sin el consejo de un especialista.","ean":"8410091061323"},{"full_name":"HORNIMANS Infurelax infusión de azahar y hierba Luisa 100% natural estuche 20 bolsitas","name":"Infurelax infusión de azahar y hierba Luisa 100% natural estuche 20 bolsitas","brand":"HORNIMANS ","img":"https://sgfm.elcorteingles.es/SGFM/dctm/MEDIA03/201612/21/00120666600349____1__600x600.jpg","price":"2,04 €","price_unit":"(0,10 € / Unidad)","categories":["Supermercado","Desayunos Dulces y pan","Desayunos, dulces y pan","Infusiones y tés","Infusiones multifuncionales","HORNIMANS Infurelax infusión de azahar y hierba Luisa 100% natural estuche 20 bolsitas"],"general_information":[],"ingredients":[],"ean":"8410091069510"},{"full_name":"HORNIMANS Infusueños infusión de pasiflora lavanda y miel estuche 20 bolsitas","name":"Infusueños infusión de pasiflora lavanda y miel estuche 20 bolsitas","brand":"HORNIMANS ","img":"https://sgfm.elcorteingles.es/SGFM//00/88/5/0120666600885/0120666600885000g01011.jpg","price":"2,06 €","price_unit":"(0,10 € / Unidad)","categories":["Supermercado","Desayunos Dulces y pan","Desayunos, dulces y pan","Infusiones y tés","Infusiones multifuncionales","HORNIMANS Infusueños infusión de pasiflora lavanda y miel estuche 20 bolsitas"],"general_information":[],"ingredients":[],"ean":"8410091069473"},{"full_name":"HORNIMANS Infulínea infusión de manzana malva y saúco estuche 20 bolsitas","name":"Infulínea infusión de manzana malva y saúco estuche 20 bolsitas","brand":"HORNIMANS ","img":"https://sgfm.elcorteingles.es/SGFM//00/43/0/0120666600430/0120666600430000g01011.jpg","price":"2,06 €","price_unit":"(0,10 € / Unidad)","categories":["Supermercado","Desayunos Dulces y pan","Desayunos, dulces y pan","Infusiones y tés","Infusiones multifuncionales","HORNIMANS Infulínea infusión de manzana malva y saúco estuche 20 bolsitas"],"general_information":[],"ingredients":[],"ean":"8410091069572"},{"full_name":"HORNIMANS Infulax infusión con sen y menta favorece el tránsito intestinal estuche 20 bolsitas","name":"Infulax infusión con sen y menta favorece el tránsito intestinal estuche 20 bolsitas","brand":"HORNIMANS ","img":"https://sgfm.elcorteingles.es/SGFM/dctm/MEDIA02/CONTENIDOS/201408/08/00120666601313____1__600x600.jpg","price":"2,08 €","price_unit":"(104 € / Kilo)","categories":["Supermercado","Desayunos Dulces y pan","Desayunos, dulces y pan","Infusiones y tés","Infusiones multifuncionales","HORNIMANS Infulax infusión con sen y menta favorece el tránsito intestinal estuche 20 bolsitas"],"general_information":[],"ingredients":[],"ean":"8410091069459"},{"full_name":"HORNIMANS Plus Antiox infusión con té blanco, verde, frutos rojos e hibisco estuche 10 bolsitas","name":"Plus Antiox infusión con té blanco, verde, frutos rojos e hibisco estuche 10 bolsitas","brand":"HORNIMANS ","img":"https://sgfm.elcorteingles.es/SGFM/dctm/MEDIA03/201710/03/00120605100195____1__600x600.jpg","price":"1,59 €","price_unit":"(106 € / Kilo)","categories":["Supermercado","Desayunos Dulces y pan","Desayunos, dulces y pan","Infusiones y tés","Infusiones multifuncionales","HORNIMANS Plus Antiox infusión con té blanco, verde, frutos rojos e hibisco estuche 10 bolsitas"],"general_information":["Denominación del alimento: Complemento alimenticio. Té aromatizado con frutos rojos y enriquecido con vitamina B2","Nombre del operador: JACOBS DOUWE EGBERTS B.V","Dirección del operador: Oosterdoksstraat 80, 1011 DK Amsterdam The Netherlands","Cantidad Neta: 15 g","Número de raciones por envase: 10","Otras menciones obligatorias en la etiqueta: Bolsitas de infusión individuales de 1,5 g. Dosis de producto recomendada para consumo diario 1,5 g equivale a 1 bolsita. No superar la dosis diaria recomendada. Condiciones de utilización: -\tLos complementos alimenticios no deben utilizarse como un sustituto de una dieta variada. Una alimentación equilibrada y variada y un estilo de vida saludable son importantes. Conservar fuera del alcance de los niños"],"ingredients":[" Ingredientes: Té (47%) [blanco (24%), verde (23%)], hojas de zarzamora, remolacha, aroma, hibisco (5%), frutos rojos (3%) (arándano, frambuesa), vitaminas B (B3, B5, B2, B1, B8)."],"conservation":" Mantener en lugar seco","ean":"8410091070127"},{"full_name":"HORNIMANS Plus Energía infusión de té verde, cítricos y guaraná estuche 10 bolsitas","name":"Plus Energía infusión de té verde, cítricos y guaraná estuche 10 bolsitas","brand":"HORNIMANS ","img":"https://sgfm.elcorteingles.es/SGFM/dctm/MEDIA03/201710/03/00120605100187____1__600x600.jpg","price":"1,59 €","price_unit":"(106 € / Kilo)","categories":["Supermercado","Desayunos Dulces y pan","Desayunos, dulces y pan","Infusiones y tés","Infusiones multifuncionales","HORNIMANS Plus Energía infusión de té verde, cítricos y guaraná estuche 10 bolsitas"],"general_information":["Denominación del alimento: Complemento alimenticio. Té verde aromatizado con frutas cítricas, guaraná y enriquecido con vitaminas B","Nombre del operador: JACOBS DOUWE EGBERTS B.V","Dirección del operador: Oosterdoksstraat 80, 1011 DK Amsterdam The Netherlands","Cantidad Neta: 15 g","Número de raciones por envase: 10","Otras menciones obligatorias en la etiqueta: Bolsitas de infusión individuales de 1,5 g. Dosis de producto recomendada para consumo diario 1,5 g equivale a 1 bolsita. No superar la dosis diaria recomendada. Condiciones de utilización:  - Los complementos alimenticios no deben utilizarse como un sustituto de una dieta variada. Una alimentación equilibrada y variada y un estilo de vida saludable son importantes. - Conservar fuera del alcance de los niños."],"ingredients":[" Ingredientes: Té verde (47%), menta piperita, canela, lemongrass, aroma, mate,\nvitaminas B (B3, B5, B2, B1, B8), guaraná (2%), corteza de frutas cítricas (2%)\n(lima, limón)"],"conservation":" Mantener en lugar seco","ean":"8410091070042"},{"full_name":"HORNIMANS Plus Figura infusión con té verde, melón, alcachofa y alga fucus para control de peso estuche 10 bolsitas","name":"Plus Figura infusión con té verde, melón, alcachofa y alga fucus para control de peso estuche 10 bolsitas","brand":"HORNIMANS ","img":"https://sgfm.elcorteingles.es/SGFM/dctm/MEDIA03/201710/03/00120605100179____1__600x600.jpg","price":"1,59 €","price_unit":"(106 € / Kilo)","categories":["Supermercado","Desayunos Dulces y pan","Desayunos, dulces y pan","Infusiones y tés","Infusiones multifuncionales","HORNIMANS Plus Figura infusión con té verde, melón, alcachofa y alga fucus para control de peso estuche 10 bolsitas"],"general_information":["Denominación del alimento: Complemento alimenticio. Té verde aromatizado con melón, fucus y hojas de alcachofa.","Nombre del operador: JACOBS DOUWE EGBERTS B.V","Dirección del operador: Oosterdoksstraat 80, 1011 DK Amsterdam The Netherlands","Cantidad Neta: 15 g","Número de raciones por envase: 10","Otras menciones obligatorias en la etiqueta: Bolsitas de infusión individuales de 1,5 g. Dosis de producto recomendada para consumo diario, 2-3 bolsitas. No recomendado para niños. No superar la dosis diaria recomendada. Condiciones de utilización: - Los complementos alimenticios no deben utilizarse como un sustituto de una dieta variada. Una alimentación equilibrada y variada y un estilo de vida saludable son importantes. - Conservar fuera del alcance de los niños."],"ingredients":[" Ingredientes:Té verde (86,5%), aromas, trocitos de melón (2%), fucus (2%), hojas de alcachofa (2%)."],"conservation":" Mantener en lugar seco","ean":"8410091070080"},{"full_name":"SUSARON Adelgasana tisana impide la retención de grasas y líquidos envase 20 bolsitas","name":"Adelgasana tisana impide la retención de grasas y líquidos envase 20 bolsitas","brand":"SUSARON ","img":"https://sgfm.elcorteingles.es/SGFM/01/21/4/0120666601214/0120666601214000g01011.jpg","price":"2,25 €            ","price_unit":"(110 € / Kilo)","categories":["Supermercado","Desayunos Dulces y pan","Desayunos, dulces y pan","Infusiones y tés","Infusiones multifuncionales","SUSARON Adelgasana tisana impide la retención de grasas y líquidos envase 20 bolsitas"],"general_information":[],"ingredients":[],"ean":"8413630001729"},{"full_name":"SUSARON Laxana tisana facilita el tránsito intestinal envase 20 bolsitas","name":"Laxana tisana facilita el tránsito intestinal envase 20 bolsitas","brand":"SUSARON ","img":"https://sgfm.elcorteingles.es/SGFM/01/22/2/0120666601222/0120666601222000g01011.jpg","price":"2,32 €            ","price_unit":"(0,11 € / Unidad)","categories":["Supermercado","Desayunos Dulces y pan","Desayunos, dulces y pan","Infusiones y tés","Infusiones multifuncionales","SUSARON Laxana tisana facilita el tránsito intestinal envase 20 bolsitas"],"general_information":[],"ingredients":[],"ean":"8413630020096"},{"full_name":"SUSARON Antiox con té verde y cúrcuma sabor a piña envase 10 bolsitas","name":"Antiox con té verde y cúrcuma sabor a piña envase 10 bolsitas","brand":"SUSARON ","img":"https://sgfm.elcorteingles.es/SGFM/dctm/MEDIA03/201611/07/00120666601917____1__600x600.jpg","price":"1,33 €            ","price_unit":"(0,13 € / Unidad)","categories":["Supermercado","Desayunos Dulces y pan","Desayunos, dulces y pan","Infusiones y tés","Infusiones multifuncionales","SUSARON Antiox con té verde y cúrcuma sabor a piña envase 10 bolsitas"],"general_information":[],"ingredients":[],"ean":"8413630020010"},{"full_name":"SUSARON Duermesana con pasiflora y valeriana sabor naranja envase 10 bolsitas","name":"Duermesana con pasiflora y valeriana sabor naranja envase 10 bolsitas","brand":"SUSARON ","img":"https://sgfm.elcorteingles.es/SGFM/dctm/MEDIA03/201611/07/00120666601925____1__600x600.jpg","price":"1,35 €            ","price_unit":"(0,13 € / Unidad)","categories":["Supermercado","Desayunos Dulces y pan","Desayunos, dulces y pan","Infusiones y tés","Infusiones multifuncionales","SUSARON Duermesana con pasiflora y valeriana sabor naranja envase 10 bolsitas"],"general_information":[],"ingredients":[],"ean":"8413630020041"},{"full_name":"SUSARON Quemagrasas tisana con cola de caballo y té verde envase 10 bolsitas","name":"Quemagrasas tisana con cola de caballo y té verde envase 10 bolsitas","brand":"SUSARON ","img":"https://sgfm.elcorteingles.es/SGFM/dctm/MEDIA03/201705/09/00120666602055____1__600x600.jpg","price":"1,32 €            ","price_unit":"(100 € / Kilo)","categories":["Supermercado","Desayunos Dulces y pan","Desayunos, dulces y pan","Infusiones y tés","Infusiones multifuncionales","SUSARON Quemagrasas tisana con cola de caballo y té verde envase 10 bolsitas"],"general_information":[],"ingredients":[],"ean":"8413630020065"},{"full_name":"INTERMON OXFAM infusión digestiva ecológica con manzanilla rooibos y regaliz caja 20 bolsitas de comercio justo","name":"infusión digestiva ecológica con manzanilla rooibos y regaliz caja 20 bolsitas","brand":"INTERMON OXFAM ","img":"https://sgfm.elcorteingles.es/SGFM/dctm/MEDIA03/201705/23/00120605000023____1__600x600.jpg","price":"2,59 €","price_unit":"(86,33 € / Kilo)","categories":["Supermercado","Desayunos Dulces y pan","Desayunos, dulces y pan","Infusiones y tés","Infusiones multifuncionales","INTERMON OXFAM infusión digestiva ecológica con manzanilla rooibos y regaliz caja 20 bolsitas de comercio justo"],"general_information":["Denominación del alimento: Infusión funcional digestiva bio.","País de origen: España","Nombre del operador: Oxfam Intermón.","Dirección del operador: C/ Louis Pasteur 1, Parque tecnológico 46980 Paterna (Valencia).","Cantidad Neta: 30 g","Número de raciones por envase: 20"],"ingredients":[" Ingredientes:\nRoobois?* (30%), manzanilla?* (20%), Hinojo+, anís verde+,\nhierba luisa+, regaliz+. \n\n*Ingrediente procedente de comercio justo. \n\n+ Ingrediente procedente de\nagricultura ecológica."],"conservation":" Conservar en lugar fresco, seco y al resguardo de la luz.","ean":"8437007611731"},{"full_name":"INTERMON OXFAM infusión línea ecológica con té verde diente de león y grama caja 20 bolsitas de comercio justo","name":"infusión línea ecológica con té verde diente de león y grama caja 20 bolsitas","brand":"INTERMON OXFAM ","img":"https://sgfm.elcorteingles.es/SGFM/dctm/MEDIA03/201705/23/00120605000015____1__600x600.jpg","price":"2,59 €","price_unit":"(86,33 € / Kilo)","categories":["Supermercado","Desayunos Dulces y pan","Desayunos, dulces y pan","Infusiones y tés","Infusiones multifuncionales","INTERMON OXFAM infusión línea ecológica con té verde diente de león y grama caja 20 bolsitas de comercio justo"],"general_information":["Denominación del alimento: Infusión funcional línea bio.","País de origen: España","Nombre del operador: Oxfam Intermón.","Dirección del operador: C/ Louis Pasteur 1, Parque tecnológico 46980 Paterna (Valencia).","Cantidad Neta: 30 g","Número de raciones por envase: 20"],"ingredients":[" Ingredientes:\nTé verde Ceylán?* (50%), romero+,\ndiente de león+ (12,5%), tila+, grama+ (12,5%).\n\n\n*Ingrediente procedente de comercio justo. \n\n+ Ingrediente procedente de\nagricultura ecológica."],"conservation":"Modo de empleo: 1. Calentar agua hasta 80ºC aproximadamente (no hervir). 2. Servir el agua en una taza con una bolsita de infusión funcional bio. 3. Dejar reposar 2-4 minutos.  Las bolsitas de Oxfam Intermón también se pueden usar en microondas.","ean":"8437007611724"},{"full_name":"INTERMON OXFAM infusión relax ecológica con manzanilla tila y melisa caja 20 bolsitas de comercio justo","name":"infusión relax ecológica con manzanilla tila y melisa caja 20 bolsitas","brand":"INTERMON OXFAM ","img":"https://sgfm.elcorteingles.es/SGFM/dctm/MEDIA03/201705/23/00120605000031____1__600x600.jpg","price":"2,59 €","price_unit":"(86,33 € / Kilo)","categories":["Supermercado","Desayunos Dulces y pan","Desayunos, dulces y pan","Infusiones y tés","Infusiones multifuncionales","INTERMON OXFAM infusión relax ecológica con manzanilla tila y melisa caja 20 bolsitas de comercio justo"],"general_information":[],"ingredients":[],"ean":"8437007611748"},{"full_name":"BONOMELLI infusión depurativa con cardo mariano, cola de caballo, cúrcuma y diente de león estuche 32 g","name":"infusión depurativa con cardo mariano, cola de caballo, cúrcuma y diente de león estuche 32 g","brand":"BONOMELLI ","img":"https://sgfm.elcorteingles.es/SGFM/dctm/MEDIA03/201712/28/00120666601891____6__600x600.jpg","price":"2,19 €","price_unit":"(68,44 € / Kilo)","categories":["Supermercado","Desayunos Dulces y pan","Desayunos, dulces y pan","Infusiones y tés","Infusiones multifuncionales","BONOMELLI infusión depurativa con cardo mariano, cola de caballo, cúrcuma y diente de león estuche 32 g"],"general_information":[],"ingredients":[],"ean":"8001840387179"},{"full_name":"BONOMELLI infusión relajante con manzanilla, espino, pasionaria y valeriana estuche 32 g","name":"infusión relajante con manzanilla, espino, pasionaria y valeriana estuche 32 g","brand":"BONOMELLI ","img":"https://sgfm.elcorteingles.es/SGFM/dctm/MEDIA03/201712/28/00120666601909____6__600x600.jpg","price":"2,19 €","price_unit":"(68,44 € / Kilo)","categories":["Supermercado","Desayunos Dulces y pan","Desayunos, dulces y pan","Infusiones y tés","Infusiones multifuncionales","BONOMELLI infusión relajante con manzanilla, espino, pasionaria y valeriana estuche 32 g"],"general_information":["Denominación del alimento: Infusión relajante - Complemento alimenticio: mezcla de hierbas y extracto de hierbas en bolsas de infusión.","País de origen: Italia","Nombre del operador: Inasa Import S.L","Dirección del operador: Calle Zurbarán 7. entreplanta 4-28010 Madrid","Lugar de procedencia del alimento: Italia","Cantidad Neta: 34.5 g","Número de raciones por envase: 23","Otras menciones obligatorias en la etiqueta: Le aconsejamos consumir 1 taza de infusión por la noche. En los momentos de estrés, es posible consumir una taza de infusión Relajante Bonoelli durante el día. Advertencia: No exceda la dosis diaria recomendada. Mantener fuera del alcance de los niños menores de 3 años. El producto no sustituye una dieta variada."],"ingredients":[" Flor de manzanilla (Matricaria chamomilla) 26%, hoja de naranjo (Citrus sinensis), flor de lima (Citrus limetta), hoja de melisa (Melissa officinalis) 17,5%, Aromas naturales, Flor de espino (Crataegus oxyacantha) 5%, Pasionaria parte aérea (Passifllora incarnata) 3%, extracto seco de raíz de valeriana (Valeriana officinalis) 2%, piel de mandarina, piel de naranja."],"conservation":" Conservar en lugar fresco y seco.","ean":"8001840388671"},{"full_name":"BONOMELLI infusión vientre hinchado con hinojo, anís, alcaravea y jengibre estuche 35 g","name":"infusión vientre hinchado con hinojo, anís, alcaravea y jengibre estuche 35 g","brand":"BONOMELLI ","img":"https://sgfm.elcorteingles.es/SGFM/dctm/MEDIA03/201712/28/00120666602105____6__600x600.jpg","price":"2,09 €","price_unit":"(59,71 € / Kilo)","categories":["Supermercado","Desayunos Dulces y pan","Desayunos, dulces y pan","Infusiones y tés","Infusiones multifuncionales","BONOMELLI infusión vientre hinchado con hinojo, anís, alcaravea y jengibre estuche 35 g"],"general_information":["Denominación del alimento: Infusión vientre hinchado - Complemento alimenticio: mezcla de hierbas y extracto de hierbas en bolsitas de infusión.","País de origen: Italia","Nombre del operador: Inasa Import S.L","Dirección del operador: Calle Zurbarán 7. entreplanta 4-28010 Madrid","Lugar de procedencia del alimento: Italia","Cantidad Neta: 32 g","Número de raciones por envase: 16","Otras menciones obligatorias en la etiqueta: Advertencia: No exceda la dosis diaria recomendada. Mantener fuera del alcance de los niños menores de 3 años. El producto no sustituye una dieta variada."],"ingredients":[" Fruto de hinojo (Foeniculum vulgare) 64%, corteza de canela (Cinnamomum cassia) 10%, fruto de anís verde (Pimpinella anisum) 8%, flor de alcaravea (Carum carvi) 8%, extracto seco de rizoma de jengibre (Zingiber officinale) 5%, flor de manzanilla (Matricaria chamomilla)."],"conservation":" Conservar en lugar fresco y seco.","ean":"8001840387216"},{"full_name":"BONOMELLI infusión detox con abedul, diente de león, alcachofa, goji, menta y vitamina C estuche 32 g","name":"infusión detox con abedul, diente de león, alcachofa, goji, menta y vitamina C estuche 32 g","brand":"BONOMELLI ","img":"https://sgfm.elcorteingles.es/SGFM/dctm/MEDIA03/201712/28/00120666602196____6__600x600.jpg","price":"1,99 €","price_unit":"(62,19 € / Kilo)","categories":["Supermercado","Desayunos Dulces y pan","Desayunos, dulces y pan","Infusiones y tés","Infusiones multifuncionales","BONOMELLI infusión detox con abedul, diente de león, alcachofa, goji, menta y vitamina C estuche 32 g"],"general_information":[],"ingredients":[],"ean":"8001840387193"},{"full_name":"PAGES infusión bio digestiva ecológica con regaliz, menta e hinojo 20 bolsitas caja 30 g","name":"infusión bio digestiva ecológica con regaliz, menta e hinojo 20 bolsitas caja 30 g","brand":"PAGES ","img":"https://sgfm.elcorteingles.es/SGFM/dctm/MEDIA03/201707/17/00120605000049____1__600x600.jpg","price":"3,18 €","price_unit":"(106 € / Kilo)","categories":["Supermercado","Desayunos Dulces y pan","Desayunos, dulces y pan","Infusiones y tés","Infusiones multifuncionales","PAGES infusión bio digestiva ecológica con regaliz, menta e hinojo 20 bolsitas caja 30 g"],"general_information":[],"ingredients":[],"ean":"3398984830025"},{"full_name":"PAGES infusión bio línea ecológica con mate, té verde,  piña y arándano 20 bolsitas caja 30 g","name":"infusión bio línea ecológica con mate, té verde,  piña y arándano 20 bolsitas caja 30 g","brand":"PAGES ","img":"https://sgfm.elcorteingles.es/SGFM/dctm/MEDIA03/201707/17/00120605000056____1__600x600.jpg","price":"3,18 €","price_unit":"(106 € / Kilo)","categories":["Supermercado","Desayunos Dulces y pan","Desayunos, dulces y pan","Infusiones y tés","Infusiones multifuncionales","PAGES infusión bio línea ecológica con mate, té verde,  piña y arándano 20 bolsitas caja 30 g"],"general_information":[],"ingredients":[],"ean":"3398984830049"},{"full_name":"ALMA tisana depurativa caja 30 g","name":"tisana depurativa caja 30 g","brand":"ALMA ","img":"https://sgfm.elcorteingles.es/SGFM/dctm/MEDIA03/201705/12/00120666601859____1__600x600.jpg","price":"5,20 €","price_unit":"(173,33 € / Kilo)","categories":["Supermercado","Desayunos Dulces y pan","Desayunos, dulces y pan","Infusiones y tés","Infusiones multifuncionales","ALMA tisana depurativa caja 30 g"],"general_information":[],"ingredients":[],"ean":"8412869300702"},{"full_name":"LA BRASILEÑA Non Stress infusión especiada sin teína caja 15 bolsitas biodegradables envasadas en sobres individuales","name":"Non Stress infusión especiada sin teína caja 15 bolsitas","brand":"LA BRASILEÑA ","img":"https://sgfm.elcorteingles.es/SGFM/dctm/MEDIA03/201709/27/00120666602147____1__600x600.jpg","price":"5,50 €","price_unit":"(0,37 € / Unidad)","categories":["Supermercado","Desayunos Dulces y pan","Desayunos, dulces y pan","Infusiones y tés","Infusiones multifuncionales","LA BRASILEÑA Non Stress infusión especiada sin teína caja 15 bolsitas biodegradables envasadas en sobres individuales"],"general_information":[],"ingredients":[],"ean":"8410029003395"},{"full_name":"YOGI Dulces Sueños honeybush, raíz de valeriana y rooibos ecológico 12 bolsitas estuche 21 g","name":"Dulces Sueños honeybush, raíz de valeriana y rooibos ecológico 12 bolsitas estuche 21 g","brand":"YOGI ","img":"https://sgfm.elcorteingles.es/SGFM/dctm/MEDIA03/201607/11/00120755100714____1__600x600.jpg","price":"2,86 €","price_unit":"(136,19 € / Kilo)","categories":["Supermercado","Desayunos Dulces y pan","Desayunos, dulces y pan","Infusiones y tés","Infusiones multifuncionales","YOGI Dulces Sueños honeybush, raíz de valeriana y rooibos ecológico 12 bolsitas estuche 21 g"],"general_information":["Denominación del alimento: Infusión ayurvédica de hierbas y especias","Nombre del operador: Nutrition & Santé Iberia, S.L.","Dirección del operador: Paseo de Gracia, nº 11 , Escalera B, 1ª planta. 08007 Barcelona","Cantidad Neta: 21.6 g","Número de raciones por envase: 12","Otras menciones obligatorias en la etiqueta: Agricultura no UE, Vegano, Ecológico"],"ingredients":[" Rooibos* (26%), honeybush* (13%), romero*, canela*, hinojo*, cilantro*, tomillo*, raíz de valeriana* (5%), flores de lavanda*, lúpulo*, anís*, extracto de vainilla*. *agricultura ecológica"],"conservation":"Modo de empleo: Preparación para el consumo seguro: 250 ml 100º C, 5-6 min. Cantidad recomendada: 2 a 3 tazas por noche.","ean":"4012824402973"},{"full_name":"YOGI Energía Detox hierba limón, diente de león y regaliz ecológico 12 bolsitas estuche 21 g","name":"Energía Detox hierba limón, diente de león y regaliz ecológico 12 bolsitas estuche 21 g","brand":"YOGI ","img":"https://sgfm.elcorteingles.es/SGFM/dctm/MEDIA03/201607/11/00120755100722____1__600x600.jpg","price":"2,86 €","price_unit":"(136,19 € / Kilo)","categories":["Supermercado","Desayunos Dulces y pan","Desayunos, dulces y pan","Infusiones y tés","Infusiones multifuncionales","YOGI Energía Detox hierba limón, diente de león y regaliz ecológico 12 bolsitas estuche 21 g"],"general_information":["Denominación del alimento: Infusión ayurvédica de hierbas y especias","Nombre del operador: Nutrition & Santé Iberia, S.L.","Dirección del operador: Paseo de Gracia, nº 11 , Escalera B, 1ª planta. 08007 Barcelona","Cantidad Neta: 21.6 g","Número de raciones por envase: 12","Otras menciones obligatorias en la etiqueta: Agricultura no UE, Vegano, Ecológico"],"ingredients":[" Hierba limón* (25%), diente de león*(18%), regaliz* (11%), jengibre*, canela*, mirto limón*, menta piperita*, cáscara de limón*, ortiga*, cúrcuma*, bayas de enebro*. *agricultura ecológica"],"conservation":"Modo de empleo: Preparación para el consumo seguro: 250 ml 100º C, 5 min","ean":"4012824402997"},{"full_name":"YOGI jengibre naranja con canela y vainilla ecológico 12 bolsitas estuche 21 g","name":"jengibre naranja con canela y vainilla ecológico 12 bolsitas estuche 21 g","brand":"YOGI ","img":"https://sgfm.elcorteingles.es/SGFM/dctm/MEDIA03/201607/11/00120755100763____1__600x600.jpg","price":"2,86 €","price_unit":"(136,19 € / Kilo)","categories":["Supermercado","Desayunos Dulces y pan","Desayunos, dulces y pan","Infusiones y tés","Infusiones multifuncionales","YOGI jengibre naranja con canela y vainilla ecológico 12 bolsitas estuche 21 g"],"general_information":["Denominación del alimento: Infusión ayurvédica de hierbas, especias y frutas","Nombre del operador: Nutrition & Santé Iberia, S.L.","Dirección del operador: Paseo de Gracia, nº 11 , Escalera B, 1ª planta. 08007 Barcelona","Cantidad Neta: 21.6 g","Número de raciones por envase: 12","Otras menciones obligatorias en la etiqueta: Agricultura no UE, Vegano, Ecológico"],"ingredients":[" Jengibre* (25%), canela* (19%), hierba limón*, regaliz*, cáscara de naranja* (7%), anís*, clavos*, extracto de vainilla* (3%), menta piperita*, aceite esencial de naranja* (2%). *agricultura ecológica"],"conservation":"Modo de empleo: Preparación para el consumo seguro: 250 ml 100º C, 5-7 min","ean":"4012824403055"},{"full_name":"YOGI Regúlate hojas de sen, menta piperita y cilantro ecológico 12 bolsitas estuche 21 g","name":"Regúlate hojas de sen, menta piperita y cilantro ecológico 12 bolsitas estuche 21 g","brand":"YOGI ","img":"https://sgfm.elcorteingles.es/SGFM/dctm/MEDIA03/201607/11/00120755100771____1__600x600.jpg","price":"2,86 €","price_unit":"(136,19 € / Kilo)","categories":["Supermercado","Desayunos Dulces y pan","Desayunos, dulces y pan","Infusiones y tés","Infusiones multifuncionales","YOGI Regúlate hojas de sen, menta piperita y cilantro ecológico 12 bolsitas estuche 21 g"],"general_information":["Denominación del alimento: Infusión ayurvédica de hierbas y especias","Nombre del operador: Nutrition & Santé Iberia, S.L.","Dirección del operador: Paseo de Gracia, nº 11 , Escalera B, 1ª planta. 08007 Barcelona","Cantidad Neta: 21.6 g","Número de raciones por envase: 12","Otras menciones obligatorias en la etiqueta: No tomar durante el embarazo, la lactancia, la menstruación o en caso de molestias estomacales o intestinales de origen desconocido. No recomendado para niños menores de 12 años. No tomar esta infusión durante más de dos semanas sin consultar un médico. Agricultura no UE, Vegano, Ecológico"],"ingredients":[" Hojas de sen* (47%), menta piperita* (22%), cilantro* (10%), cardamomo*, hierbabuena*, anís*, alcaravea*, jengibre*, regaliz*, hinojo*, pimienta negra*. * agricultura ecológica"],"conservation":"Modo de empleo: Preparación para el consumo seguro: 250 ml 100º C, 5 min. De 1 a 2 tazas al día. Se recomienda consumir la infusión por la noche después de cenar.","ean":"4012824403093"},{"full_name":"EL CORTE INGLES infusión Rooibos 20 bolsitas estuche 35 g","name":"infusión Rooibos 20 bolsitas estuche 35 g","brand":"EL CORTE INGLES ","img":"https://sgfm.elcorteingles.es/SGFM/dctm/MEDIA03/201605/05/00120666601750____1__600x600.jpg","price":"0,87 €","price_unit":"(24,86 € / Kilo)","categories":["Supermercado","Desayunos Dulces y pan","Desayunos, dulces y pan","Infusiones y tés","Otras infusiones","EL CORTE INGLES infusión Rooibos 20 bolsitas estuche 35 g"],"general_information":["Denominación del alimento: Rooibos","Nombre del operador: Envasado para  El Corte Inglés por                      Pompadour Ibérica, S.A.                                              Ctra. de Madrid, Km 405  03114 Alicante (España)","Cantidad Neta: 35 g"],"ingredients":[" Ingredientes: 100% Rooibos (Aspalathus linearis)"],"conservation":" Conservar en lugar fresco y seco.","ean":"8433329066242"},{"full_name":"POMPADOUR té rooibos estuche 25 bolsitas","name":"té rooibos estuche 25 bolsitas","brand":"POMPADOUR ","img":"https://sgfm.elcorteingles.es/SGFM/dctm/MEDIA03/201703/01/00120648300737____1__600x600.jpg","price":"1,89 €","price_unit":"(0,08 € / Unidad)","categories":["Supermercado","Desayunos Dulces y pan","Desayunos, dulces y pan","Infusiones y tés","Otras infusiones","POMPADOUR té rooibos estuche 25 bolsitas"],"general_information":["Denominación del alimento: ROOIBOS","Nombre del operador: POMPADOUR IBÉRICA, S.A","Dirección del operador: CTRA. A MADRID KM 405, POL. IND. LAS ATALAYAS PARCELA 8A 03114 ALICANTE","Cantidad Neta: 43.75 g"],"ingredients":[" 100% Rooibos"],"conservation":" Mantener en lugar fresco y seco.","ean":"8412900100148"},{"full_name":"POMPADOUR infusión de Rooibos de Sudáfrica con caramelo sin teína 10 cápsulas estuche 20 g compatibles con máquinas de café Nespresso","name":"infusión de Rooibos de Sudáfrica con caramelo sin teína 10 cápsulas estuche 20 g","brand":"POMPADOUR ","img":"https://sgfm.elcorteingles.es/SGFM/00/99/3/0200204600993/0200204600993000g01011.jpg","price":"3,42 €","price_unit":"(171 € / Kilo)","categories":["Supermercado","Desayunos Dulces y pan","Desayunos, dulces y pan","Infusiones y tés","Otras infusiones","POMPADOUR infusión de Rooibos de Sudáfrica con caramelo sin teína 10 cápsulas estuche 20 g compatibles con máquinas de café Nespresso"],"general_information":["Denominación del alimento: Infusión de rooibos aromatizada en cápsulas","Nombre del operador: POMPADOUR IBÉRICA, S.A","Dirección del operador: CTRA. A MADRID KM 405, POL. IND. LAS ATALAYAS PARCELA 8A 03114 ALICANTE","Cantidad Neta: 20 g"],"ingredients":[" Rooibos, Caramelo, aroma de caramelo (9%)"],"conservation":" Mantener en lugar fresco y seco.","ean":"8412900800048"},{"full_name":"POMPADOUR infusión de jengibre al 51% con limón en bolsitas individuales estuche 20 unidades","name":"infusión de jengibre al 51% con limón en bolsitas individuales estuche 20 unidades","brand":"POMPADOUR ","img":"https://sgfm.elcorteingles.es/SGFM/dctm/MEDIA02/CONTENIDOS/201508/31/00120666601438____1__600x600.jpg","price":"1,92 €","price_unit":"(54,86 € / Kilo)","categories":["Supermercado","Desayunos Dulces y pan","Desayunos, dulces y pan","Infusiones y tés","Otras infusiones","POMPADOUR infusión de jengibre al 51% con limón en bolsitas individuales estuche 20 unidades"],"general_information":["Denominación del alimento: JENGIBRE CON LIMÓN","Nombre del operador: POMPADOUR IBÉRICA, S.A","Dirección del operador: CTRA. A MADRID KM 405, POL. IND. LAS ATALAYAS PARCELA 8A 03114 ALICANTE","Cantidad Neta: 35 g"],"ingredients":[" Jengibre (51%), Hierba de Limón (25%), Cáscara de Limón (10%), Mirto de Limón (8%), Regaliz"],"conservation":" Mantener en lugar fresco y seco.","ean":"8412900401184"},{"full_name":"POMPADOUR infusiones con sabor a tarta de limón estuche 18 bolsitas","name":"infusiones con sabor a tarta de limón estuche 18 bolsitas","brand":"POMPADOUR ","img":"https://sgfm.elcorteingles.es/SGFM/dctm/MEDIA03/201707/12/00120666602113____1__600x600.jpg","price":"2,90 €","price_unit":"(0,16 € / Unidad)","categories":["Supermercado","Desayunos Dulces y pan","Desayunos, dulces y pan","Infusiones y tés","Otras infusiones","POMPADOUR infusiones con sabor a tarta de limón estuche 18 bolsitas"],"general_information":["Denominación del alimento: Cake de limón","País de origen: España","Nombre del operador: POMPADOUR IBÉRICA, S.A","Dirección del operador: CTRA. A MADRID KM 405, POL. IND. LAS ATALAYAS PARCELA 8A 03114 ALICANTE","Cantidad Neta: 40.5 g","Número de raciones por envase: 18"],"ingredients":[" Mezcla de manzana, escaramujo, aroma de tarta de\nlimón (8%), piel de naranja, hojas de stevia, acidulante: ácido cítrico y\ncáscara de limón"],"conservation":" Conservar a Temperatura Ambiente","ean":"8412900252090"},{"full_name":"POMPADOUR infusiones con sabor a tarta de fresas estuche 18 bolsitas","name":"infusiones con sabor a tarta de fresas estuche 18 bolsitas","brand":"POMPADOUR ","img":"https://sgfm.elcorteingles.es/SGFM/dctm/MEDIA03/201707/12/00120666602139____1__600x600.jpg","price":"2,90 €","price_unit":"(0,16 € / Unidad)","categories":["Supermercado","Desayunos Dulces y pan","Desayunos, dulces y pan","Infusiones y tés","Otras infusiones","POMPADOUR infusiones con sabor a tarta de fresas estuche 18 bolsitas"],"general_information":["Denominación del alimento: Tarta de queso con fresas","País de origen: España","Nombre del operador: POMPADOUR IBÉRICA, S.A","Dirección del operador: CTRA. A MADRID KM 405, POL. IND. LAS ATALAYAS PARCELA 8A 03114 ALICANTE","Cantidad Neta: 40.5 g","Número de raciones por envase: 18"],"ingredients":[" Mezcla de manzana, hibisco, aroma de tarta de queso\ncon fresas,  escaramujo, hojas de stevia\ny fresas"],"conservation":" Conservar a Temperatura Ambiente","ean":"8412900252113"},{"full_name":"POMPADOUR infusiones con sabor a tarta de manzana con caramelo estuche 18 bolsitas","name":"infusiones con sabor a tarta de manzana con caramelo estuche 18 bolsitas","brand":"POMPADOUR ","img":"https://sgfm.elcorteingles.es/SGFM/dctm/MEDIA03/201707/12/00120666602121____1__600x600.jpg","price":"2,90 €","price_unit":"(0,16 € / Unidad)","categories":["Supermercado","Desayunos Dulces y pan","Desayunos, dulces y pan","Infusiones y tés","Otras infusiones","POMPADOUR infusiones con sabor a tarta de manzana con caramelo estuche 18 bolsitas"],"general_information":["Denominación del alimento: Tarta de manzana","País de origen: España","Nombre del operador: POMPADOUR IBÉRICA, S.A","Dirección del operador: CTRA. A MADRID KM 405, POL. IND. LAS ATALAYAS PARCELA 8A 03114 ALICANTE","Cantidad Neta: 40.5 g","Número de raciones por envase: 18"],"ingredients":[" Mezcla de manzana (51%),  escaramujo,  hibisco, aroma de tarta de manzana, hojas de\nstevia y aroma de caramelo"],"conservation":" Conservar a Temperatura Ambiente","ean":"8412900252106"},{"full_name":"HORNIMANS infusión frutal manzana - canela sin teína estuche 20 bolsitas","name":"infusión frutal manzana - canela sin teína estuche 20 bolsitas","brand":"HORNIMANS ","img":"https://sgfm.elcorteingles.es/SGFM/dctm/MEDIA03/201606/13/00120666601297____1__600x600.jpg","price":"2,13 €","price_unit":"(0,11 € / Unidad)","categories":["Supermercado","Desayunos Dulces y pan","Desayunos, dulces y pan","Infusiones y tés","Otras infusiones","HORNIMANS infusión frutal manzana - canela sin teína estuche 20 bolsitas"],"general_information":["Denominación del alimento: Infusión de plantas y fruta aromatizada","Nombre del operador: JACOBS DOUWE EGBERTS B.V.","Dirección del operador: Oosterdoksstraat 80, 1011 DK Amsterdam The Netherlands","Cantidad Neta: 0.04 Kilogramos","Número de raciones por envase: 20","Otras menciones obligatorias en la etiqueta: Contiene regaliz: las personas que padezcan hipertensión deben evitar un consumo excesivo."],"ingredients":[" Ingredientes: Trozos de Manzana (55%), Hibisco, Canela (11%), Aromas, Regaliz, Achicoria."],"conservation":" Conservar en un lugar fresco y seco.","ean":"8410091103658"},{"full_name":"HORNIMANS infusión Rooibos con especias sin teína estuche 20 bolsitas","name":"infusión Rooibos con especias sin teína estuche 20 bolsitas","brand":"HORNIMANS ","img":"https://sgfm.elcorteingles.es/SGFM/00/06/7/0120666600067/0120666600067000g01011.jpg","price":"2,02 €","price_unit":"(0,10 € / Unidad)","categories":["Supermercado","Desayunos Dulces y pan","Desayunos, dulces y pan","Infusiones y tés","Otras infusiones","HORNIMANS infusión Rooibos con especias sin teína estuche 20 bolsitas"],"general_information":["Denominación del alimento: Rooibos con Especias","Nombre del operador: JACOBS DOUWE EGBERTS B.V.","Dirección del operador: Oosterdoksstraat 80, 1011 DK Amsterdam The Netherlands","Cantidad Neta: 0.03 Kilogramos","Número de raciones por envase: 20"],"ingredients":[" Ingredientes: Rooibos (88%), Canela (7%), Cardamomo, Jengibre."],"conservation":" Conservar en un lugar fresco y seco.","ean":"8410091024953"},{"full_name":"HORNIMANS Frutal infusión sin teína Rooibos frambuesa estuche 20 bolsitas","name":"Frutal infusión sin teína Rooibos frambuesa estuche 20 bolsitas","brand":"HORNIMANS ","img":"https://sgfm.elcorteingles.es/SGFM/00/29/9/0120666600299/0120666600299000g01011.jpg","price":"2,05 €","price_unit":"(0,10 € / Unidad)","categories":["Supermercado","Desayunos Dulces y pan","Desayunos, dulces y pan","Infusiones y tés","Otras infusiones","HORNIMANS Frutal infusión sin teína Rooibos frambuesa estuche 20 bolsitas"],"general_information":["Denominación del alimento: Infusión de plantas y fruta aromatizada","Nombre del operador: JACOBS DOUWE EGBERTS B.V.","Dirección del operador: Oosterdoksstraat 80, 1011 DK Amsterdam The Netherlands","Cantidad Neta: 0.03 Kilogramos","Número de raciones por envase: 20"],"ingredients":[" Ingredientes: rooibos (57%), hibisco (19%), aromas, escaramujo, trozos de frambuesa (0,5%)."],"conservation":" Conservar en un lugar fresco y seco.","ean":"8410091103634"},{"full_name":"NOBLEZA GAUCHA yerba mate paquete 1 kg","name":"yerba mate paquete 1 kg","brand":"NOBLEZA GAUCHA ","img":"https://sgfm.elcorteingles.es/SGFM/00/85/7/0200266600857/0200266600857000g01011.jpg","price":"8,05 €","price_unit":"(8,05 € / Kilo)","categories":["Supermercado","Desayunos Dulces y pan","Desayunos, dulces y pan","Infusiones y tés","Otras infusiones","NOBLEZA GAUCHA yerba mate paquete 1 kg"],"general_information":["Denominación del alimento: Yerba mate","País de origen: Argentina","Nombre del operador: Mariano Nicolas García La Mulata","Dirección del operador: C/Francisco Catoira, 36 bajos - 15007 A Coruña","Cantidad Neta: 1 Kilogramos"],"ingredients":[" Yerba mate"],"conservation":" Conservar en lugar fresco y seco.","ean":"7790060054008"},{"full_name":"HORNIMANS Sensaciones infusión Choco-Mint 100 % natural estuche 20 bolsitas","name":"Sensaciones infusión Choco-Mint 100 % natural estuche 20 bolsitas","brand":"HORNIMANS ","img":"https://sgfm.elcorteingles.es/SGFM/01/00/8/0120666601008/0120666601008000g01011.jpg","price":"1,98 €","price_unit":"(0,10 € / Unidad)","categories":["Supermercado","Desayunos Dulces y pan","Desayunos, dulces y pan","Infusiones y tés","Otras infusiones","HORNIMANS Sensaciones infusión Choco-Mint 100 % natural estuche 20 bolsitas"],"general_information":["Denominación del alimento: Té aromatizado","Nombre del operador: JACOBS DOUWE EGBERTS B.V.","Dirección del operador: Oosterdoksstraat 80, 1011 DK Amsterdam The Netherlands","Cantidad Neta: 0.03 Kilogramos","Número de raciones por envase: 20","Otras menciones obligatorias en la etiqueta: Contiene regaliz: las personas que padezcan hipertensión deben evitar un consumo excesivo."],"ingredients":[" Ingredientes: Té, Rooibos Verde, Menta piperita (15%), Aromas, Granos de cacao (5%), Regaliz."],"conservation":" Conservar en un lugar fresco y seco.","ean":"8410091108554"},{"full_name":"HORNIMANS Sensaciones infusión Minty Morocco 100% natural estuche 20 bolsitas","name":"Sensaciones infusión Minty Morocco 100% natural estuche 20 bolsitas","brand":"HORNIMANS ","img":"https://sgfm.elcorteingles.es/SGFM/01/01/6/0120666601016/0120666601016000g01011.jpg","price":"1,98 €","price_unit":"(0,10 € / Unidad)","categories":["Supermercado","Desayunos Dulces y pan","Desayunos, dulces y pan","Infusiones y tés","Otras infusiones","HORNIMANS Sensaciones infusión Minty Morocco 100% natural estuche 20 bolsitas"],"general_information":["Denominación del alimento: Infusión de plantas y fruta aromatizada","Nombre del operador: JACOBS DOUWE EGBERTS B.V.","Dirección del operador: Oosterdoksstraat 80, 1011 DK Amsterdam The Netherlands","Cantidad Neta: 0.04 Kilogramos","Número de raciones por envase: 20","Otras menciones obligatorias en la etiqueta: Contiene regaliz: las personas que padezcan hipertensión deben evitar un consumo excesivo."],"ingredients":[" Igredientes: Canela (23%), Achicoria, Escaramujo, Regaliz (18%), Hierbabuena (8,5%), Piel de Naranja, Aroma"],"conservation":" Conservar en un lugar fresco y seco.","ean":"8410091108516"},{"full_name":"HORNIMANS infusión herbal de rosa mosqueta y fresa 100% natural estuche 20 bolsitas","name":"infusión herbal de rosa mosqueta y fresa 100% natural estuche 20 bolsitas","brand":"HORNIMANS ","img":"https://sgfm.elcorteingles.es/SGFM/00/77/8/0120666600778/0120666600778000g01011.jpg","price":"2,06 €","price_unit":"(0,10 € / Unidad)","categories":["Supermercado","Desayunos Dulces y pan","Desayunos, dulces y pan","Infusiones y tés","Otras infusiones","HORNIMANS infusión herbal de rosa mosqueta y fresa 100% natural estuche 20 bolsitas"],"general_information":["Denominación del alimento: Infusión de plantas y frutas aromatizada","Nombre del operador: JACOBS DOUWE EGBERTS B.V.","Dirección del operador: Oosterdoksstraat 80, 1011 DK Amsterdam The Netherlands","Cantidad Neta: 0.04 Kilogramos","Número de raciones por envase: 20"],"ingredients":[" Ingredientes: Rosa canina L. (Rosa Mosqueta) (48%), Hibisco, Aromas, Rooibos, Trozos de Manzana, Trozos de Fresa (0,8%)."],"conservation":" Conservar en un lugar fresco y seco.","ean":"8410091025660"},{"full_name":"SILVER INF rooibos con vainilla 25 bolsitas estuche 45 g","name":"rooibos con vainilla 25 bolsitas estuche 45 g","brand":"SILVER INF ","img":"https://sgfm.elcorteingles.es/SGFM/dctm/MEDIA03/201607/26/00120648302527____2__600x600.jpg","price":"2,20 €","price_unit":"(48,89 € / Kilo)","categories":["Supermercado","Desayunos Dulces y pan","Desayunos, dulces y pan","Infusiones y tés","Otras infusiones","SILVER INF rooibos con vainilla 25 bolsitas estuche 45 g"],"general_information":[],"ingredients":[],"ean":"8436043641047"},{"full_name":"SILVER INF té de la India con canela 25 bolsitas estuche 40 g","name":"té de la India con canela 25 bolsitas estuche 40 g","brand":"SILVER INF ","img":"https://sgfm.elcorteingles.es/SGFM/dctm/MEDIA03/201608/17/00120648300307____4__600x600.jpg","price":"2,16 €","price_unit":"(54 € / Kilo)","categories":["Supermercado","Desayunos Dulces y pan","Desayunos, dulces y pan","Infusiones y tés","Otras infusiones","SILVER INF té de la India con canela 25 bolsitas estuche 40 g"],"general_information":[],"ingredients":[],"ean":"8423620200001"},{"full_name":"MILFORD infusión frutal con sabor a cereza y plátano 20 bolsitas caja 50 g","name":"infusión frutal con sabor a cereza y plátano 20 bolsitas caja 50 g","brand":"MILFORD ","img":"https://sgfm.elcorteingles.es/SGFM/dctm/MEDIA03/201707/17/00120666602063____1__600x600.jpg","price":"2,44 €","price_unit":"(48,80 € / Kilo)","categories":["Supermercado","Desayunos Dulces y pan","Desayunos, dulces y pan","Infusiones y tés","Otras infusiones","MILFORD infusión frutal con sabor a cereza y plátano 20 bolsitas caja 50 g"],"general_information":[],"ingredients":[],"ean":"9002221007302"},{"full_name":"MILFORD té al limón instantáneo tarro 400 g","name":"té al limón instantáneo tarro 400 g","brand":"MILFORD ","img":"https://sgfm.elcorteingles.es/SGFM/00/40/6/0120648300406/0120648300406000g01011.jpg","price":"2,32 €","price_unit":"(5,80 € / Kilo)","categories":["Supermercado","Desayunos Dulces y pan","Desayunos, dulces y pan","Infusiones y tés","Otras infusiones","MILFORD té al limón instantáneo tarro 400 g"],"general_information":["Denominación del alimento: Bebida de té al limón","Nombre del operador: Milford,S.L.","Dirección del operador: Avda. de la Técnica 5 Nave B, 28522 Rivas Vaciamadrid,Madrid","Cantidad Neta: 400 g"],"ingredients":[" Azúcar, dextrosa, acidulante, ácido citrico, extracto de te negro, vitamina C, aroma, jarabe de glucosa, zumo de limón"],"conservation":" Mantener en un lugar fresco y seco.","ean":"4002221008007"},{"full_name":"MILFORD té al melocotón instantáneo tarro 400 g","name":"té al melocotón instantáneo tarro 400 g","brand":"MILFORD ","img":"https://sgfm.elcorteingles.es/SGFM/dctm/MEDIA03/201707/17/00120648303442____1__600x600.jpg","price":"2,50 €","price_unit":"(6,25 € / Kilo)","categories":["Supermercado","Desayunos Dulces y pan","Desayunos, dulces y pan","Infusiones y tés","Otras infusiones","MILFORD té al melocotón instantáneo tarro 400 g"],"general_information":["Denominación del alimento: Te soluble de Melocotón","Nombre del operador: Milford,S.L.","Dirección del operador: Avda. de la Técnica 5 Nave B, 28522 Rivas Vaciamadrid,Madrid","Cantidad Neta: 400 g"],"ingredients":[" Azucar, dextrosa, acidulante: acido citrico, extracto de te negro soluble en agua fria (1,5%), pulpa de melocoton concentrado, maltodextrina, aroma."],"conservation":" Conservar bien cerrado en un lugar fresco y seco","ean":"4009137690807"},{"full_name":"LIPTON té frutas del bosque 20 bolsitas estuche 53 g","name":"té frutas del bosque 20 bolsitas estuche 53 g","brand":"LIPTON ","img":"https://sgfm.elcorteingles.es/SGFM/dctm/MEDIA03/201602/23/00120648302253____1__600x600.jpg","price":"1,97 €            ","price_unit":"(35,66 € / Kilo)","categories":["Supermercado","Desayunos Dulces y pan","Desayunos, dulces y pan","Infusiones y tés","Otras infusiones","LIPTON té frutas del bosque 20 bolsitas estuche 53 g"],"general_information":["Denominación del alimento: Té negro aromatizado con frutas del bosque y cereza","Nombre del operador: Unilever España S.A.","Dirección del operador: C/Tecnología 19, 08840 Viladecans (Barcelona)","Cantidad Neta: 34 g"],"ingredients":[" Té negro, aroma, fresa (0,9%), frambuesa (0,6%), grosella roja (0,6), zarzamora (0,3%), cereza (0,3%)."],"conservation":" Mantener en lugar fresco y seco","ean":"7310390855108"},{"full_name":"LIPTON té vainilla caramel 20 bolsitas estuche 58 g","name":"té vainilla caramel 20 bolsitas estuche 58 g","brand":"LIPTON ","img":"https://sgfm.elcorteingles.es/SGFM/dctm/MEDIA03/201602/23/00120648302261____1__600x600.jpg","price":"1,97 €            ","price_unit":"(31,90 € / Kilo)","categories":["Supermercado","Desayunos Dulces y pan","Desayunos, dulces y pan","Infusiones y tés","Otras infusiones","LIPTON té vainilla caramel 20 bolsitas estuche 58 g"],"general_information":["Denominación del alimento: Té negro aromatizado con caramelo y vainilla","País de origen: Bélgica","Nombre del operador: Unilever","Dirección del operador: 900 812 511","Cantidad Neta: 34 g"],"ingredients":[" Té negro, aroma, caramelo (3,4%), almidón de maíz, azúcar, vainilla (0,4%)."],"conservation":"Modo de empleo: Té preparado con una bolsita en 200ml de agua recién hervida durante 2-3 minutos (sin azúcar ni leche).","ean":"8722700001232"},{"full_name":"LIPTON infusión herbal Morocco 20 bolsitas paquete 46 g","name":"infusión herbal Morocco 20 bolsitas paquete 46 g","brand":"LIPTON ","img":"https://sgfm.elcorteingles.es/SGFM/dctm/MEDIA03/201602/23/00120666600869____1__600x600.jpg","price":"1,97 €            ","price_unit":"(0,09 € / Unidad)","categories":["Supermercado","Desayunos Dulces y pan","Desayunos, dulces y pan","Infusiones y tés","Otras infusiones","LIPTON infusión herbal Morocco 20 bolsitas paquete 46 g"],"general_information":["Denominación del alimento: Escaramujo aromatizado con canela, menta y especias","País de origen: Bélgica","Nombre del operador: Unilever","Dirección del operador: Unilever España S.A.\nC/ Tecnología 19,\n08840 Viladecans (Barcelona)\nServicio al consumidor\n900 812 511","Cantidad Neta: 40 g"],"ingredients":[" Ingredientes: Canela (27%), raíz de achicoria, escaramujo (19,6%), regaliz (18%), piel de naranja, aroma, menta (2,5%).Contiene regaliz: Las personas que padezcan hipertensión deberán evitar un consumo excesivo."],"conservation":"Modo de empleo: ** Infusión preparada con 1 bolsita en 200 ml de agua recién hervida durante 4-5 minutos, sin azúcar ni leche","ean":"8722700004332"},{"full_name":"LIPTON infusión Temptation de frambuesas y fresas estuche 20 bolsitas","name":"infusión Temptation de frambuesas y fresas estuche 20 bolsitas","brand":"LIPTON ","img":"https://sgfm.elcorteingles.es/SGFM/00/89/3/0120666600893/0120666600893000g01011.jpg","price":"1,97 €            ","price_unit":"(0,09 € / Unidad)","categories":["Supermercado","Desayunos Dulces y pan","Desayunos, dulces y pan","Infusiones y tés","Otras infusiones","LIPTON infusión Temptation de frambuesas y fresas estuche 20 bolsitas"],"general_information":["Denominación del alimento: Escaramujo, hibisco, hoja de mora aromatizados con fresa y frambuesa","País de origen: Bélgica","Nombre del operador: Unilever","Dirección del operador: Unilever España S.A.\nC/ Tecnología 19,\n08840 Viladecans (Barcelona)\nSERVICIO AL CONSUMIDOR\n900 812 511","Cantidad Neta: 40 g"],"ingredients":[" Ingredientes: Escaramujo (40%), hibisco (34,6%), aroma, hojas de mora, fresa (0,9%), frambuesa (0,9%), maltodextrina."],"conservation":"Modo de empleo: ** Infusión preparada con 1 bolsita en 200 ml de agua recién hervida durante 4-5 minutos, sin azúcar ni leche","ean":"8722700472148"},{"full_name":"LA BRASILEÑA infusión de rooibos con chocolate sin teína caja 15 bolsitas biodegradables envasadas en sobres individuales","name":"infusión de rooibos con chocolate sin teína caja 15 bolsitas","brand":"LA BRASILEÑA ","img":"https://sgfm.elcorteingles.es/SGFM/dctm/MEDIA03/201709/27/00120648303566____1__600x600.jpg","price":"5,50 €","price_unit":"(0,37 € / Unidad)","categories":["Supermercado","Desayunos Dulces y pan","Desayunos, dulces y pan","Infusiones y tés","Otras infusiones","LA BRASILEÑA infusión de rooibos con chocolate sin teína caja 15 bolsitas biodegradables envasadas en sobres individuales"],"general_information":[],"ingredients":[],"ean":"8410029003357"},{"full_name":"LA BRASILEÑA infusión de rooibos con yogur y arándanos sin teína caja 15 bolsitas biodegradables envasadas en sobres individuales","name":"infusión de rooibos con yogur y arándanos sin teína caja 15 bolsitas","brand":"LA BRASILEÑA ","img":"https://sgfm.elcorteingles.es/SGFM/dctm/MEDIA03/201709/27/00120648303608____1__600x600.jpg","price":"5,50 €","price_unit":"(0,37 € / Unidad)","categories":["Supermercado","Desayunos Dulces y pan","Desayunos, dulces y pan","Infusiones y tés","Otras infusiones","LA BRASILEÑA infusión de rooibos con yogur y arándanos sin teína caja 15 bolsitas biodegradables envasadas en sobres individuales"],"general_information":[],"ingredients":[],"ean":"8410029003364"},{"full_name":"LA BRASILEÑA infusión de limón y jengibre orgánico con un toque de pimienta sin teína caja 15 bolsitas biodegradables envasadas en sobres individuales","name":"infusión de limón y jengibre orgánico con un toque de pimienta sin teína caja 15 bolsitas","brand":"LA BRASILEÑA ","img":"https://sgfm.elcorteingles.es/SGFM/dctm/MEDIA03/201709/27/00120666602188____1__600x600.jpg","price":"5,50 €","price_unit":"(0,37 € / Unidad)","categories":["Supermercado","Desayunos Dulces y pan","Desayunos, dulces y pan","Infusiones y tés","Otras infusiones","LA BRASILEÑA infusión de limón y jengibre orgánico con un toque de pimienta sin teína caja 15 bolsitas biodegradables envasadas en sobres individuales"],"general_information":[],"ingredients":[],"ean":"8410029003401"},{"full_name":"LA BRASILEÑA Oolong té azul suave y dulce caja 15 bolsitas biodegradables envasadas en sobres individuales","name":"Oolong té azul suave y dulce caja 15 bolsitas","brand":"LA BRASILEÑA ","img":"https://sgfm.elcorteingles.es/SGFM/dctm/MEDIA03/201709/27/00120648303558____1__600x600.jpg","price":"5,50 €","price_unit":"(0,37 € / Unidad)","categories":["Supermercado","Desayunos Dulces y pan","Desayunos, dulces y pan","Infusiones y tés","Otras infusiones","LA BRASILEÑA Oolong té azul suave y dulce caja 15 bolsitas biodegradables envasadas en sobres individuales"],"general_information":[],"ingredients":[],"ean":"8410029003326"},{"full_name":"LA BRASILEÑA infusión de mate con frutas flores y cacao con teína caja 15 bolsitas biodegradables envasadas en sobres individuales","name":"infusión de mate con frutas flores y cacao con teína caja 15 bolsitas","brand":"LA BRASILEÑA ","img":"https://sgfm.elcorteingles.es/SGFM/dctm/MEDIA03/201709/27/00120666602162____1__600x600.jpg","price":"5,50 €","price_unit":"(0,37 € / Unidad)","categories":["Supermercado","Desayunos Dulces y pan","Desayunos, dulces y pan","Infusiones y tés","Otras infusiones","LA BRASILEÑA infusión de mate con frutas flores y cacao con teína caja 15 bolsitas biodegradables envasadas en sobres individuales"],"general_information":[],"ingredients":[],"ean":"8410029003319"},{"full_name":"LA BRASILEÑA Remedio de la Abuela infusión de frutas y flores sin teína caja 15 bolsitas biodegradables envasadas en sobres individuales","name":"Remedio de la Abuela infusión de frutas y flores sin teína caja 15 bolsitas","brand":"LA BRASILEÑA ","img":"https://sgfm.elcorteingles.es/SGFM/dctm/MEDIA03/201709/27/00120666602170____1__600x600.jpg","price":"5,50 €","price_unit":"(0,37 € / Unidad)","categories":["Supermercado","Desayunos Dulces y pan","Desayunos, dulces y pan","Infusiones y tés","Otras infusiones","LA BRASILEÑA Remedio de la Abuela infusión de frutas y flores sin teína caja 15 bolsitas biodegradables envasadas en sobres individuales"],"general_information":[],"ingredients":[],"ean":"8410029003371"},{"full_name":"NECTARAN GOURMET infusion de rooibos original y ecológica estuche 100 g","name":"infusion de rooibos original y ecológica estuche 100 g","brand":"NECTARAN GOURMET ","img":"https://sgfm.elcorteingles.es/SGFM/dctm/MEDIA03/201612/19/00120666601958____1__600x600.jpg","price":"3,15 €","categories":["Supermercado","Desayunos Dulces y pan","Desayunos, dulces y pan","Infusiones y tés","Otras infusiones","NECTARAN GOURMET infusion de rooibos original y ecológica estuche 100 g"],"general_information":[],"ingredients":[],"ean":"8436043644611"},{"full_name":"NECTARAN GOURMET infusión de rooibos con vainilla ecológica estuche 100 g","name":"infusión de rooibos con vainilla ecológica estuche 100 g","brand":"NECTARAN GOURMET ","img":"https://sgfm.elcorteingles.es/SGFM/dctm/MEDIA03/201612/19/00120666601966____1__600x600.jpg","price":"3,15 €","categories":["Supermercado","Desayunos Dulces y pan","Desayunos, dulces y pan","Infusiones y tés","Otras infusiones","NECTARAN GOURMET infusión de rooibos con vainilla ecológica estuche 100 g"],"general_information":[],"ingredients":[],"ean":"8436043644550"},{"full_name":"NECTARAN GOURMET infusión de rooibos con vainilla ecológica estuche 15 bolsitas","name":"infusión de rooibos con vainilla ecológica estuche 15 bolsitas","brand":"NECTARAN GOURMET ","img":"https://sgfm.elcorteingles.es/SGFM/dctm/MEDIA03/201612/19/00120666601933____1__600x600.jpg","price":"3,15 €","categories":["Supermercado","Desayunos Dulces y pan","Desayunos, dulces y pan","Infusiones y tés","Otras infusiones","NECTARAN GOURMET infusión de rooibos con vainilla ecológica estuche 15 bolsitas"],"general_information":[],"ingredients":[],"ean":"8436043644567"},{"full_name":"NECTARAN BIO infusión de frutos rojos ecológica estuche 100 g","name":"infusión de frutos rojos ecológica estuche 100 g","brand":"NECTARAN BIO ","img":"https://sgfm.elcorteingles.es/SGFM/dctm/MEDIA03/201707/20/00120605000072____1__600x600.jpg","price":"1,99 €","price_unit":"(19,90 € / Kilo)","categories":["Supermercado","Desayunos Dulces y pan","Desayunos, dulces y pan","Infusiones y tés","Otras infusiones","NECTARAN BIO infusión de frutos rojos ecológica estuche 100 g"],"general_information":[],"ingredients":[],"ean":"8436043645847"},{"full_name":"NECTARAN BIO anís verde ecológico estuche 100 g","name":"anís verde ecológico estuche 100 g","brand":"NECTARAN BIO ","img":"https://sgfm.elcorteingles.es/SGFM/dctm/MEDIA03/201707/20/00120605000080____1__600x600.jpg","price":"1,99 €","price_unit":"(19,90 € / Kilo)","categories":["Supermercado","Desayunos Dulces y pan","Desayunos, dulces y pan","Infusiones y tés","Otras infusiones","NECTARAN BIO anís verde ecológico estuche 100 g"],"general_information":[],"ingredients":[],"ean":"8436043645830"},{"full_name":"ALTERNATIVA 3 roiboos con canela y naranja ecológico 20 bolsitas caja 30 g","name":"roiboos con canela y naranja ecológico 20 bolsitas caja 30 g","brand":"ALTERNATIVA 3 ","img":"https://sgfm.elcorteingles.es/SGFM/dctm/MEDIA03/201603/07/00120666601743____1__600x600.jpg","price":"3,59 €","price_unit":"(119,67 € / Kilo)","categories":["Supermercado","Desayunos Dulces y pan","Desayunos, dulces y pan","Infusiones y tés","Otras infusiones","ALTERNATIVA 3 roiboos con canela y naranja ecológico 20 bolsitas caja 30 g"],"general_information":["Denominación del alimento: Rooibos con canela y corteza de naranja","País de origen: Sudáfrica","Nombre del operador: Alternativa 3, S.C.C.L.","Dirección del operador: Ctra. Castellar, 526, 08227 Terrassa, Barcelona","Cantidad Neta: 30 g"],"ingredients":[" Rooibos, canela en rama, corteza de naranja, jenjibre, aceite esencial de naranja."],"conservation":" Conservar en lugar fresco y seco","ean":"8435030572197"},{"full_name":"CUIDA TE infusión con sabor a frutas del bosque lata 100 g","name":"infusión con sabor a frutas del bosque lata 100 g","brand":"CUIDA TE ","img":"https://sgfm.elcorteingles.es/SGFM/dctm/MEDIA03/201609/09/00120666601883____1__600x600.jpg","price":"4,24 €","price_unit":"(42,40 € / Kilo)","categories":["Supermercado","Desayunos Dulces y pan","Desayunos, dulces y pan","Infusiones y tés","Otras infusiones","CUIDA TE infusión con sabor a frutas del bosque lata 100 g"],"general_information":["Denominación del alimento: Infusión","Nombre del operador: Expressate, S.L.","Dirección del operador: Carrer Tecnologia, 29-31 08840 Viladecans (Barcelona)","Cantidad Neta: 100 g"],"ingredients":[" Hibisco flor (53.5%), manzana (25.0%), pétalos de rosa (10.0%), aroma líquido de frutos rojos (7%), escaramujo sin semilla (4%) y fresa deshidratada (0.5%). Puede contener trazas de almendras."],"conservation":" En un lugar fresco y seco. Temperatura recomendada < 15°C.","ean":"8436011999552"},{"full_name":"ALMA infusión de ratafia ecológica estuche 15 bolsitas","name":"infusión de ratafia ecológica estuche 15 bolsitas","brand":"ALMA ","img":"https://sgfm.elcorteingles.es/SGFM/dctm/MEDIA03/201705/12/00120666601875____1__600x600.jpg","price":"5,20 €","price_unit":"(99,05 € / Kilo)","categories":["Supermercado","Desayunos Dulces y pan","Desayunos, dulces y pan","Infusiones y tés","Otras infusiones","ALMA infusión de ratafia ecológica estuche 15 bolsitas"],"general_information":[],"ingredients":[],"ean":"8412869300634"},{"full_name":"ALMA infusión de hierba luisa ecológica estuche 15 bolsitas","name":"infusión de hierba luisa ecológica estuche 15 bolsitas","brand":"ALMA ","img":"https://sgfm.elcorteingles.es/SGFM/dctm/MEDIA03/201705/12/00120666601818____1__600x600.jpg","price":"5,20 €","price_unit":"(173,33 € / Kilo)","categories":["Supermercado","Desayunos Dulces y pan","Desayunos, dulces y pan","Infusiones y tés","Otras infusiones","ALMA infusión de hierba luisa ecológica estuche 15 bolsitas"],"general_information":[],"ingredients":[],"ean":"8412869300641"},{"full_name":"ALMA infusión de fresas con nata ecológica estuche 15 bolsitas","name":"infusión de fresas con nata ecológica estuche 15 bolsitas","brand":"ALMA ","img":"https://sgfm.elcorteingles.es/SGFM/dctm/MEDIA03/201705/12/00120666601792____1__600x600.jpg","price":"5,87 €","price_unit":"(195,67 € / Kilo)","categories":["Supermercado","Desayunos Dulces y pan","Desayunos, dulces y pan","Infusiones y tés","Otras infusiones","ALMA infusión de fresas con nata ecológica estuche 15 bolsitas"],"general_information":[],"ingredients":[],"ean":"8412869300566"},{"full_name":"ALMA infusión de roiboos, canela y menta ecológica estuche 15 bolsitas","name":"infusión de roiboos, canela y menta ecológica estuche 15 bolsitas","brand":"ALMA ","img":"https://sgfm.elcorteingles.es/SGFM/dctm/MEDIA03/201705/12/00120666601834____1__600x600.jpg","price":"5,59 €","price_unit":"(186,33 € / Kilo)","categories":["Supermercado","Desayunos Dulces y pan","Desayunos, dulces y pan","Infusiones y tés","Otras infusiones","ALMA infusión de roiboos, canela y menta ecológica estuche 15 bolsitas"],"general_information":[],"ingredients":[],"ean":"8412869300603"},{"full_name":"ALMA infusión de frutas de bosque ecológica 15 bolsitas","name":"infusión de frutas de bosque ecológica  15 bolsitas","brand":"ALMA ","img":"https://sgfm.elcorteingles.es/SGFM/dctm/MEDIA03/201705/23/00120666601784____1__600x600.jpg","price":"5,20 €","price_unit":"(115,56 € / Kilo)","categories":["Supermercado","Desayunos Dulces y pan","Desayunos, dulces y pan","Infusiones y tés","Otras infusiones","ALMA infusión de frutas de bosque ecológica 15 bolsitas"],"general_information":[],"ingredients":[],"ean":"8412869300894"},{"full_name":"MUSHUTEA infusión de té de frutas del bosque caja 100 g","name":"infusión de té de frutas del bosque caja 100 g","brand":"MUSHUTEA ","img":"https://sgfm.elcorteingles.es/SGFM/dctm/MEDIA03/201707/24/00120666602097____1__600x600.jpg","price":"2,68 €","price_unit":"(26,80 € / Kilo)","categories":["Supermercado","Desayunos Dulces y pan","Desayunos, dulces y pan","Infusiones y tés","Otras infusiones","MUSHUTEA infusión de té de frutas del bosque caja 100 g"],"general_information":[],"ingredients":[],"ean":"8435336201913"},{"full_name":"MUSHUTEA infusión de frutas del bosque lata 75 g","name":"infusión de frutas del bosque lata 75 g","brand":"MUSHUTEA ","img":"https://sgfm.elcorteingles.es/SGFM/dctm/MEDIA03/201706/30/00120666602089____1__600x600.jpg","price":"3,17 €","price_unit":"(42,27 € / Kilo)","categories":["Supermercado","Desayunos Dulces y pan","Desayunos, dulces y pan","Infusiones y tés","Otras infusiones","MUSHUTEA infusión de frutas del bosque lata 75 g"],"general_information":[],"ingredients":[],"ean":"8436562330071"},{"full_name":"MUSHUTEA té rooibos con caramelo de coco y almendra lata 75 g","name":"té rooibos con caramelo de coco y almendra lata 75 g","brand":"MUSHUTEA ","img":"https://sgfm.elcorteingles.es/SGFM/dctm/MEDIA03/201706/30/00120666602071____1__600x600.jpg","price":"3,17 €","price_unit":"(42,27 € / Kilo)","categories":["Supermercado","Desayunos Dulces y pan","Desayunos, dulces y pan","Infusiones y tés","Otras infusiones","MUSHUTEA té rooibos con caramelo de coco y almendra lata 75 g"],"general_information":[],"ingredients":[],"ean":"8436562330156"},{"full_name":"MULLER malta molida sin cafeína paquete 200 g","name":"malta molida sin cafeína paquete 200 g","brand":"MULLER ","img":"https://sgfm.elcorteingles.es/SGFM/dctm/MEDIA02/CONTENIDOS/201511/25/00200243500923____1__600x600.jpg","price":"0,83 €","price_unit":"(4,15 € / Kilo)","categories":["Supermercado","Desayunos Dulces y pan","Desayunos, dulces y pan","Infusiones y tés","Otras infusiones","MULLER malta molida sin cafeína paquete 200 g"],"general_information":["Denominación del alimento: Cebada Tostada","Nombre del operador: MOLABE, S.A.","Dirección del operador: Polígono Ugaldeguren III, P25-4 48170 ZAMUDIO","Cantidad Neta: 200 g"],"ingredients":[" Cebada tostada caramelizada. Contiene gluten"],"conservation":" Una vez abierto, mantener en el envase o recipiente cerrado. Preservar de la humedad","ean":"8410392000366"},{"full_name":"TARAGUI yerba mate paquete 1 kg","name":"yerba mate paquete 1 kg","brand":"TARAGUI ","img":"https://sgfm.elcorteingles.es/SGFM/dctm/MEDIA03/201608/26/00120666601404____2__600x600.jpg","price":"6,20 €","price_unit":"(6,20 € / Kilo)","categories":["Supermercado","Desayunos Dulces y pan","Desayunos, dulces y pan","Infusiones y tés","Otras infusiones","TARAGUI yerba mate paquete 1 kg"],"general_information":["Denominación del alimento: Yerba Mate","Nombre del operador: Bolton Cile España","Dirección del operador: C/ Ombú nº 3 28045 Madrid, España","Cantidad Neta: 1000 g"],"ingredients":[" Yerba mate (Ilex paraguaniensis)"],"ean":"7790387110159"},{"full_name":"CRUZ DE MALTA yerba mate elaborada con palo paquete 1 kg","name":"yerba mate elaborada con palo paquete 1 kg","brand":"CRUZ DE MALTA ","img":"https://sgfm.elcorteingles.es/SGFM/dctm/MEDIA02/CONTENIDOS/201502/17/00120666600653____2__600x600.jpg","price":"8,35 €","price_unit":"(8,35 € / Kilo)","categories":["Supermercado","Desayunos Dulces y pan","Desayunos, dulces y pan","Infusiones y tés","Otras infusiones","CRUZ DE MALTA yerba mate elaborada con palo paquete 1 kg"],"general_information":[],"ingredients":[],"ean":"7790070507105"},{"full_name":"PIPORÉ yerba mate elaborada con palo sin gluten paquete 500 g","name":"yerba mate elaborada con palo sin gluten paquete 500 g","brand":"PIPORÉ ","img":"https://sgfm.elcorteingles.es/SGFM/dctm/MEDIA02/CONTENIDOS/201508/28/00120666601412____1__600x600.jpg","price":"3,80 €","price_unit":"(7,60 € / Kilo)","categories":["Supermercado","Desayunos Dulces y pan","Desayunos, dulces y pan","Infusiones y tés","Otras infusiones","PIPORÉ yerba mate elaborada con palo sin gluten paquete 500 g"],"general_information":["Denominación del alimento: Yerba mate","País de origen: Argentina","Nombre del operador: Mariano Nicolas García La Mulata","Dirección del operador: C/Francisco Catoira, 36 bajos - 15007 A Coruña","Cantidad Neta: 500 g"],"ingredients":[" Yerba mate"],"conservation":" Conservar en lugar fresco y seco.","ean":"7793750000026"}]