[{"full_name":"ALIADA bebida isotónica sabor cítrico botella 1,5 l","name":"bebida isotónica sabor cítrico botella 1,5 l","brand":"ALIADA ","img":"https://sgfm.elcorteingles.es/SGFM/dctm/MEDIA03/201610/28/00118623901370____1__600x600.jpg","price":"0,83 €","price_unit":"(0,55 € / Litro)","categories":["Supermercado","Bebidas","Agua, Refrescos y Zumos","Isotónicas y energéticas","Bebidas isotónicas","ALIADA bebida isotónica sabor cítrico botella 1,5 l"],"general_information":["Denominación del alimento: BEBIDA REFRESCANTE AROMATIZADA","Nombre del operador: Elaborado para el / Produzido para o\nGrupo El Corte Inglés\nHermosilla, 112   28009 Madrid ? España / Espanha\npor CIF: A81224495","Número de raciones por envase: 6.0"],"ingredients":[" Ingredientes: Agua mineral natural (93%), azúcar, dextrosa, acidulante  ácido cítrico, cloruro sódico,correctores de acidez:fosfatos de potasio, citrato de sodio, antioxidante acido ascorbico,estabilizantes  E-414 y E- 445, aroma de limón."],"conservation":" Conservar en lugar limpio, fresco y seco. Proteger de la luz solar y de olores agresivos. Una vez abierto el envase, consérvese refrigerado y consumir en 2-3 días tras su apertura. No reutilizar el envase","ean":"8433329002097"},{"full_name":"ALIADA bebida isotónica sabor naranja botella 1,5 l","name":"bebida isotónica sabor naranja botella 1,5 l","brand":"ALIADA ","img":"https://sgfm.elcorteingles.es/SGFM/dctm/MEDIA03/201610/28/00118623901388____1__600x600.jpg","price":"0,83 €","price_unit":"(0,55 € / Litro)","categories":["Supermercado","Bebidas","Agua, Refrescos y Zumos","Isotónicas y energéticas","Bebidas isotónicas","ALIADA bebida isotónica sabor naranja botella 1,5 l"],"general_information":["Denominación del alimento: BEBIDA REFRESCANTE AROMATIZADA CON AZUCAR Y EDULCORANTES","Nombre del operador: Elaborado para el / Produzido para o\nGrupo El Corte Inglés\nHermosilla, 112   28009 Madrid ? España / Espanha\npor CIF: A81224495","Número de raciones por envase: 6.0"],"ingredients":[" Ingredientes: Agua mineral natural (94%), azúcar,  acidulante ácido cítrico, cloruro sódico, correctores de acidez:fosfatos de potasio, citrato de sodio, establizantes E-414 y E-445,  antioxidante ácido ascórbico, colorante E-160a, edulcorantes acesulfamo k y sucralosa y aroma de naranja."],"conservation":" Conservar en lugar limpio, fresco y seco. Proteger de la luz solar y de olores agresivos. Una vez abierto el envase, consérvese refrigerado y consumir en 2-3 días tras su apertura. No reutilizar el envase","ean":"8433329002103"},{"full_name":"ALIADA bebida isotónica sabor cítricos botella 50 cl con tapón Sport","name":"bebida isotónica sabor cítricos botella 50 cl","brand":"ALIADA ","img":"https://sgfm.elcorteingles.es/SGFM/01/35/4/0118623901354/0118623901354000g01011.jpg","price":"0,47 €","price_unit":"(0,94 € / Litro)","categories":["Supermercado","Bebidas","Agua, Refrescos y Zumos","Isotónicas y energéticas","Bebidas isotónicas","ALIADA bebida isotónica sabor cítricos botella 50 cl con tapón Sport"],"general_information":["Denominación del alimento: BEBIDA REFRESCANTE AROMATIZADA","Nombre del operador: Elaborado para el \nGrupo El Corte Inglés\nHermosilla, 112   28009 Madrid ? España \npor CIF: A81224495"],"ingredients":[" Ingredientes: Agua mineral natural (93%), azúcar, dextrosa, acidulante  ácido cítrico, cloruro sódico,correctores de acidez:fosfatos de potasio, citrato de sodio, antioxidante acido ascorbico,estabilizantes  E-414 y E- 445, aroma de limón."],"conservation":" Conservar en lugar limpio, fresco y seco. Proteger de la luz solar y de olores agresivos. Una vez abierto el envase, consérvese refrigerado y consumir en 2-3 días tras su apertura. No reutilizar el envase","ean":"8433329002073"},{"full_name":"ALIADA bebida isotónica sabor naranja botella 50 cl con tapón Sport","name":"bebida isotónica sabor naranja botella 50 cl","brand":"ALIADA ","img":"https://sgfm.elcorteingles.es/SGFM/01/36/2/0118623901362/0118623901362000g01011.jpg","price":"0,47 €","price_unit":"(0,94 € / Litro)","categories":["Supermercado","Bebidas","Agua, Refrescos y Zumos","Isotónicas y energéticas","Bebidas isotónicas","ALIADA bebida isotónica sabor naranja botella 50 cl con tapón Sport"],"general_information":["Denominación del alimento: BEBIDA REFRESCANTE AROMATIZADA CON AZUCAR Y EDULCORANTES","Nombre del operador: Elaborado para el / Produzido para o\nGrupo El Corte Inglés\nHermosilla, 112   28009 Madrid ? España / Espanha\npor CIF: A81224495"],"ingredients":[" Ingredientes: Agua mineral natural (94%), azúcar,  acidulante ácido cítrico, cloruro sódico, correctores de acidez:fosfatos de potasio, citrato de sodio, establizantes E-414 y E-445,  antioxidante ácido ascórbico, colorante E-160a, edulcorantes acesulfamo k y sucralosa y aroma de naranja."],"conservation":" Conservar en lugar limpio, fresco y seco. Proteger de la luz solar y de olores agresivos. Una vez abierto el envase, consérvese refrigerado y consumir en 2-3 días tras su apertura. No reutilizar el envase","ean":"8433329002080"},{"full_name":"AQUARIUS bebida isotónica sabor limón pack 4 botellas 1,5 l","name":"bebida isotónica sabor limón pack 4 botellas 1,5 l","brand":"AQUARIUS ","img":"https://sgfm.elcorteingles.es/SGFM/dctm/MEDIA03/201705/23/00118623901651____1__600x600.jpg","price":"5,52 €","price_unit":"(0,92 € / Litro)","categories":["Supermercado","Bebidas","Agua, Refrescos y Zumos","Isotónicas y energéticas","Bebidas isotónicas","AQUARIUS bebida isotónica sabor limón pack 4 botellas 1,5 l"],"general_information":["Denominación del alimento: Bebida refrescante aromatizada.","Nombre del operador: Coca-Cola European Partners Iberia, S.L.U.","Dirección del operador: C/Ribera del Loira 20-22, 28042 - Madrid (España).","Cantidad Neta: 4 Unidad"],"ingredients":[" Agua, azúcar, correctores de acidez: ácido cítrico y citrato sódico, aromas, potenciadores del sabor: cloruro sódico, fosfato potásico y fosfato cálcico, antioxidante ácido ascórbico y estabilizantes: E-414 y E-445."],"ean":"5449000168399"},{"full_name":"AQUARIUS bebida isotónica sabor naranja pack 4 botellas 1,5 l","name":"bebida isotónica sabor naranja pack 4 botellas 1,5 l","brand":"AQUARIUS ","img":"https://sgfm.elcorteingles.es/SGFM/dctm/MEDIA03/201705/23/00118623901669____1__600x600.jpg","price":"5,52 €","price_unit":"(0,92 € / Litro)","categories":["Supermercado","Bebidas","Agua, Refrescos y Zumos","Isotónicas y energéticas","Bebidas isotónicas","AQUARIUS bebida isotónica sabor naranja pack 4 botellas 1,5 l"],"general_information":["Denominación del alimento: Bebida refrescante aromatizada.","Nombre del operador: Coca-Cola European Partners Iberia, S.L.U.","Dirección del operador: C/Ribera del Loira 20-22, 28042 - Madrid (España).","Cantidad Neta: 4 Unidad"],"ingredients":[" Agua, azúcar, correctores de acidez: ácido cítrico y citrato sódico, potenciadores del sabor: cloruro sódico, fosfato potásico y fosfato cálcico, antioxidante ácido ascórbico, estabilizantes: E-414 y E-445, aromas y colorante mezcla de carotenos."],"ean":"5449000168405"},{"full_name":"AQUARIUS bebida isotónica limón pack 2 botella 1,5 l","name":"bebida isotónica limón pack 2 botella 1,5 l","brand":"AQUARIUS ","img":"https://sgfm.elcorteingles.es/SGFM/dctm/MEDIA03/201705/23/00118623901610____1__600x600.jpg","price":"2,90 €","price_unit":"(0,97 € / Litro)","categories":["Supermercado","Bebidas","Agua, Refrescos y Zumos","Isotónicas y energéticas","Bebidas isotónicas","AQUARIUS bebida isotónica limón pack 2 botella 1,5 l"],"general_information":["Denominación del alimento: Bebida refrescante aromatizada.","Nombre del operador: Coca-Cola European Partners Iberia, S.L.U.","Dirección del operador: C/Ribera del Loira 20-22, 28042 - Madrid (España).","Cantidad Neta: 2 Unidad"],"ingredients":[],"ean":"5449000188137"},{"full_name":"AQUARIUS bebida isotónica naranja pack 2 botella 1,5 l","name":"bebida isotónica naranja pack 2 botella 1,5 l","brand":"AQUARIUS ","img":"https://sgfm.elcorteingles.es/SGFM/dctm/MEDIA03/201705/23/00118623901628____1__600x600.jpg","price":"2,90 €","price_unit":"(0,97 € / Litro)","categories":["Supermercado","Bebidas","Agua, Refrescos y Zumos","Isotónicas y energéticas","Bebidas isotónicas","AQUARIUS bebida isotónica naranja pack 2 botella 1,5 l"],"general_information":["Denominación del alimento: Bebida refrescante aromatizada.","Nombre del operador: Coca-Cola European Partners Iberia, S.L.U.","Dirección del operador: C/Ribera del Loira 20-22, 28042 - Madrid (España).","Cantidad Neta: 2 Unidad"],"ingredients":[],"ean":"5449000188717"},{"full_name":"AQUARIUS bebida isotónica sabor limón botella 1,5 l","name":"bebida isotónica sabor limón botella 1,5 l","brand":"AQUARIUS ","img":"https://sgfm.elcorteingles.es/SGFM/dctm/MEDIA03/201705/23/00118623900364____1__600x600.jpg","price":"1,51 €","price_unit":"(1,01 € / Litro)","categories":["Supermercado","Bebidas","Agua, Refrescos y Zumos","Isotónicas y energéticas","Bebidas isotónicas","AQUARIUS bebida isotónica sabor limón botella 1,5 l"],"general_information":["Denominación del alimento: Bebida refrescante aromatizada.","Nombre del operador: CC European Partners Iberia, S.L.U.","Dirección del operador: C/Ribera del Loira 20-22, 28042 - Madrid (España).","Cantidad Neta: 1.50 Litros"],"ingredients":[" Agua, azúcar, correctores de acidez: ácido cítrico y citrato sódico, aromas, potenciadores del sabor: cloruro sódico, fosfato potásico y fosfato cálcico, antioxidante ácido ascórbico y estabilizantes: E-414 y E-445."],"conservation":" Proteger de la luz solar. Preservar de olores agresivos. Conservar en lugar limpio, fresco y seco. Envases de 1 litro ó más: Conservar refrigerado una vez abierto y consumir preferiblemente antes de 10 días.","ean":"5449000164957"},{"full_name":"AQUARIUS bebida isotónica sabor naranja botella 1,5 l","name":"bebida isotónica sabor naranja botella 1,5 l","brand":"AQUARIUS ","img":"https://sgfm.elcorteingles.es/SGFM/dctm/MEDIA03/201705/23/00118623900430____2__600x600.jpg","price":"1,51 €","price_unit":"(1,01 € / Litro)","categories":["Supermercado","Bebidas","Agua, Refrescos y Zumos","Isotónicas y energéticas","Bebidas isotónicas","AQUARIUS bebida isotónica sabor naranja botella 1,5 l"],"general_information":["Denominación del alimento: Bebida refrescante aromatizada.","Nombre del operador: CC European Partners Iberia, S.L.U.","Dirección del operador: C/Ribera del Loira 20-22, 28042 - Madrid (España).","Cantidad Neta: 1.50 Litros"],"ingredients":[" Agua, azúcar, correctores de acidez: ácido cítrico y citrato sódico, potenciadores del sabor: cloruro sódico, fosfato potásico y fosfato cálcico, antioxidante ácido ascórbico, estabilizantes: E-414 y E-445, aromas y colorante mezcla de carotenos."],"conservation":" Proteger de la luz solar. Preservar de olores agresivos. Conservar en lugar limpio, fresco y seco. Envases de 1 litro ó más: Conservar refrigerado una vez abierto y consumir preferiblemente antes de 10 días.","ean":"5449000133847"},{"full_name":"AQUARIUS ZERO bebida isotónica sin azúcar sabor limón botella 1,5 l","name":"bebida isotónica sin azúcar sabor limón botella 1,5 l","brand":"AQUARIUS ZERO ","img":"https://sgfm.elcorteingles.es/SGFM/dctm/MEDIA03/201705/23/00118623901339____3__600x600.jpg","price":"1,51 €","price_unit":"(1,01 € / Litro)","categories":["Supermercado","Bebidas","Agua, Refrescos y Zumos","Isotónicas y energéticas","Bebidas isotónicas","AQUARIUS ZERO bebida isotónica sin azúcar sabor limón botella 1,5 l"],"general_information":["Denominación del alimento: Bebida refrescante aromatizada. con edulcorantes.","Nombre del operador: Coca-Cola European Partners Iberia, S.L.U.","Dirección del operador: C/Ribera del Loira 20-22, 28042 - Madrid (España).","Cantidad Neta: 1.5 Litros"],"ingredients":[" Agua, correctores de acidez: E-330 y E-576, potenciadores del sabor: cloruro sódico, fosfato potásico y fosfato cálcico, edulcorantes: E-950, E-955 y aspartamo, estabilizantes: E-414 y E-445 y aromas. Contiene una fuente de fenilalanina."],"ean":"5449000171771"},{"full_name":"AQUARIUS bebida isotónica sabor limón botella 50 cl","name":"bebida isotónica sabor limón botella 50 cl","brand":"AQUARIUS ","img":"https://sgfm.elcorteingles.es/SGFM/dctm/MEDIA03/201705/23/00118623900380____2__600x600.jpg","price":"0,98 €","price_unit":"(1,96 € / Litro)","categories":["Supermercado","Bebidas","Agua, Refrescos y Zumos","Isotónicas y energéticas","Bebidas isotónicas","AQUARIUS bebida isotónica sabor limón botella 50 cl"],"general_information":["Denominación del alimento: Bebida refrescante aromatizada.","Nombre del operador: Coca-Cola European Partners Iberia, S.L.U.","Dirección del operador: C/Ribera del Loira 20-22, 28042 - Madrid (España).","Cantidad Neta: 0.5 Litros"],"ingredients":[" Agua, azúcar, correctores de acidez: ácido cítrico y citrato sódico, aromas, potenciadores del sabor: cloruro sódico, fosfato potásico y fosfato cálcico, antioxidante ácido ascórbico y estabilizantes: E-414 y E-445."],"ean":"0000050112784"},{"full_name":"AQUARIUS bebida isotónica sabor naranja botella 50 cl","name":"bebida isotónica sabor naranja botella 50 cl","brand":"AQUARIUS ","img":"https://sgfm.elcorteingles.es/SGFM/dctm/MEDIA03/201705/23/00118623900398____2__600x600.jpg","price":"0,98 €","price_unit":"(1,96 € / Litro)","categories":["Supermercado","Bebidas","Agua, Refrescos y Zumos","Isotónicas y energéticas","Bebidas isotónicas","AQUARIUS bebida isotónica sabor naranja botella 50 cl"],"general_information":["Denominación del alimento: Bebida refrescante aromatizada.","Nombre del operador: Coca-Cola European Partners Iberia, S.L.U.","Dirección del operador: C/Ribera del Loira 20-22, 28042 - Madrid (España).","Cantidad Neta: 0.5 Litros"],"ingredients":[" Agua, azúcar, correctores de acidez: ácido cítrico y citrato sódico, potenciadores del sabor: cloruro sódico, fosfato potásico y fosfato cálcico, antioxidante ácido ascórbico, estabilizantes: E-414 y E-445, aromas y colorante mezcla de carotenos."],"ean":"0000054490802"},{"full_name":"AQUARIUS ZERO bebida isotónica sin azúcar sabor limón lata 33 cl","name":"bebida isotónica sin azúcar sabor limón lata 33 cl","brand":"AQUARIUS ZERO ","img":"https://sgfm.elcorteingles.es/SGFM/dctm/MEDIA03/201705/23/00118623901313____3__600x600.jpg","price":"0,70 €            ","price_unit":"(1,79 € / Litro)","categories":["Supermercado","Bebidas","Agua, Refrescos y Zumos","Isotónicas y energéticas","Bebidas isotónicas","AQUARIUS ZERO bebida isotónica sin azúcar sabor limón lata 33 cl"],"general_information":["Denominación del alimento: Bebida refrescante aromatizada. con edulcorantes.","Nombre del operador: Coca-Cola European Partners Iberia, S.L.U.","Dirección del operador: C/Ribera del Loira 20-22, 28042 - Madrid (España).","Cantidad Neta: 0.33 Litros"],"ingredients":[" Agua, correctores de acidez: E-330 y E-576, potenciadores del sabor: cloruro sódico, fosfato potásico y fosfato cálcico, edulcorantes: E-950, E-955 y aspartamo, estabilizantes: E-414 y E-445 y aromas. Contiene una fuente de fenilalanina."],"ean":"5449000171788"},{"full_name":"AQUARIUS bebida isotónica sabor limón lata 33 cl","name":"bebida isotónica sabor limón lata 33 cl","brand":"AQUARIUS ","img":"https://sgfm.elcorteingles.es/SGFM/dctm/MEDIA03/201705/23/00118623900356____1__600x600.jpg","price":"0,70 €            ","price_unit":"(1,79 € / Litro)","categories":["Supermercado","Bebidas","Agua, Refrescos y Zumos","Isotónicas y energéticas","Bebidas isotónicas","AQUARIUS bebida isotónica sabor limón lata 33 cl"],"general_information":["Denominación del alimento: Bebida refrescante aromatizada.","Nombre del operador: CC European Partners Iberia, S.L.U.","Dirección del operador: C/Ribera del Loira 20-22, 28042 - Madrid (España).","Cantidad Neta: 0.33 Litros"],"ingredients":[" Agua, azúcar, correctores de acidez: ácido cítrico y citrato sódico, aromas, potenciadores del sabor: cloruro sódico, fosfato potásico y fosfato cálcico, antioxidante ácido ascórbico y estabilizantes: E-414 y E-445."],"conservation":" Proteger de la luz solar. Preservar de olores agresivos. Conservar en lugar limpio, fresco y seco. Envases de 1 litro ó más: Conservar refrigerado una vez abierto y consumir preferiblemente antes de 10 días.","ean":"5449000058560"},{"full_name":"AQUARIUS bebida isotónica sabor naranja lata 33 cl","name":"bebida isotónica sabor naranja lata 33 cl","brand":"AQUARIUS ","img":"https://sgfm.elcorteingles.es/SGFM/dctm/MEDIA03/201705/23/00118623900406____1__600x600.jpg","price":"0,70 €            ","price_unit":"(1,79 € / Litro)","categories":["Supermercado","Bebidas","Agua, Refrescos y Zumos","Isotónicas y energéticas","Bebidas isotónicas","AQUARIUS bebida isotónica sabor naranja lata 33 cl"],"general_information":["Denominación del alimento: Bebida refrescante aromatizada.","Nombre del operador: Coca-Cola European Partners Iberia, S.L.U.","Dirección del operador: C/Ribera del Loira 20-22, 28042 - Madrid (España).","Cantidad Neta: 0.33 Litros"],"ingredients":[" Agua, azúcar, correctores de acidez: ácido cítrico y citrato sódico, potenciadores del sabor: cloruro sódico, fosfato potásico y fosfato cálcico, antioxidante ácido ascórbico, estabilizantes: E-414 y E-445, aromas y colorante mezcla de carotenos."],"ean":"5449000033819"},{"full_name":"AQUARIUS ZERO bebida isotónica sin azúcar sabor naranja botella 1,5 l","name":"bebida isotónica sin azúcar sabor naranja botella 1,5 l","brand":"AQUARIUS ZERO ","img":"https://sgfm.elcorteingles.es/SGFM/dctm/MEDIA03/201705/23/00118623901347____4__600x600.jpg","price":"1,51 €","price_unit":"(1,01 € / Litro)","categories":["Supermercado","Bebidas","Agua, Refrescos y Zumos","Isotónicas y energéticas","Bebidas isotónicas","AQUARIUS ZERO bebida isotónica sin azúcar sabor naranja botella 1,5 l"],"general_information":["Denominación del alimento: Bebida refrescante aromatizada. con edulcorantes.","Nombre del operador: Coca-Cola European Partners Iberia, S.L.U.","Dirección del operador: C/Ribera del Loira 20-22, 28042 - Madrid (España).","Cantidad Neta: 1.5 Litros"],"ingredients":[" Agua, correctores de acidez: E-330 y E-331, potenciadores del sabor: cloruro sódico, fosfato potásico y fosfato cálcico, estabilizantes: E-414 y E-445, edulcorantes: E-950, E-955 y aspartamo, antioxidante ácido ascórbico, aromas y colorante E-160a. Contiene una fuente de fenilalanina"],"ean":"5449000171795"},{"full_name":"AQUARIUS bebida isotónica sabor limón pack ahorro 9 latas 33 cl","name":"bebida isotónica sabor limón pack ahorro 9 latas 33 cl","brand":"AQUARIUS ","img":"https://sgfm.elcorteingles.es/SGFM/dctm/MEDIA03/201705/23/00118623901487____1__600x600.jpg","price":"5,85 €            ","price_unit":"(1,67 € / Litro)","categories":["Supermercado","Bebidas","Agua, Refrescos y Zumos","Isotónicas y energéticas","Bebidas isotónicas","AQUARIUS bebida isotónica sabor limón pack ahorro 9 latas 33 cl"],"general_information":["Denominación del alimento: Bebida refrescante aromatizada.","Nombre del operador: Coca-Cola European Partners Iberia, S.L.U.","Dirección del operador: C/Ribera del Loira 20-22, 28042 - Madrid (España).","Cantidad Neta: 9 Unidad"],"ingredients":[],"ean":"5449000189202"},{"full_name":"AQUARIUS bebida isotónica sabor naranja pack ahorro 9 latas 33 cl","name":"bebida isotónica sabor naranja pack ahorro 9 latas 33 cl","brand":"AQUARIUS ","img":"https://sgfm.elcorteingles.es/SGFM/dctm/MEDIA03/201705/23/00118623901495____1__600x600.jpg","price":"5,85 €            ","price_unit":"(1,67 € / Litro)","categories":["Supermercado","Bebidas","Agua, Refrescos y Zumos","Isotónicas y energéticas","Bebidas isotónicas","AQUARIUS bebida isotónica sabor naranja pack ahorro 9 latas 33 cl"],"general_information":["Denominación del alimento: Bebida refrescante aromatizada.","Nombre del operador: Coca-Cola European Partners Iberia, S.L.U.","Dirección del operador: C/Ribera del Loira 20-22, 28042 - Madrid (España).","Cantidad Neta: 9 Unidad"],"ingredients":[],"ean":"5449000191632"},{"full_name":"AQUARIUS ZERO bebida isotónica sin azúcar sabor naranja lata 33 cl","name":"bebida isotónica sin azúcar sabor naranja lata 33 cl","brand":"AQUARIUS ZERO ","img":"https://sgfm.elcorteingles.es/SGFM/dctm/MEDIA03/201705/23/00118623901321____3__600x600.jpg","price":"0,70 €            ","price_unit":"(1,79 € / Litro)","categories":["Supermercado","Bebidas","Agua, Refrescos y Zumos","Isotónicas y energéticas","Bebidas isotónicas","AQUARIUS ZERO bebida isotónica sin azúcar sabor naranja lata 33 cl"],"general_information":["Denominación del alimento: Bebida refrescante aromatizada. con edulcorantes.","Nombre del operador: Coca-Cola European Partners Iberia, S.L.U.","Dirección del operador: C/Ribera del Loira 20-22, 28042 - Madrid (España).","Cantidad Neta: 0.33 Litros"],"ingredients":[" Agua, correctores de acidez: E-330 y E-331, potenciadores del sabor: cloruro sódico, fosfato potásico y fosfato cálcico, estabilizantes: E-414 y E-445, edulcorantes: E-950, E-955 y aspartamo, antioxidante ácido ascórbico, aromas y colorante E-160a. Contiene una fuente de fenilalanina"],"ean":"5449000171801"},{"full_name":"AQUARIUS Vive bebida isotónica sabor lima limón bajo en calorías botella 1,5 l","name":"Vive bebida isotónica sabor lima limón bajo en calorías botella 1,5 l","brand":"AQUARIUS ","img":"https://sgfm.elcorteingles.es/SGFM/dctm/MEDIA03/201705/23/00118623901867____3__600x600.jpg","price":"1,51 €","price_unit":"(1,01 € / Litro)","categories":["Supermercado","Bebidas","Agua, Refrescos y Zumos","Isotónicas y energéticas","Bebidas isotónicas","AQUARIUS Vive bebida isotónica sabor lima limón bajo en calorías botella 1,5 l"],"general_information":["Denominación del alimento: Bebida refrescante de extractos. con azúcar y edulcorante.","Nombre del operador: Coca-Cola Iberian Partners, S.A.","Dirección del operador: Paseo de la Castellana 259C, Planta 9. 28046 Madrid (España)","Cantidad Neta: 1.50 Litros","Otras menciones obligatorias en la etiqueta: Con azúcar y edulcorante. Con zinc y vitamina B3. **Con extracto de baobab"],"ingredients":[" Agua, azúcar, correctores de acidez: E-330 y E-331, potenciadores del sabor: cloruro sódico y fosfato potásico, estabilizantes: E-414 y E-445, gluconato de zinc, antioxidante: ácido ascórbico, **extracto de pulpa del fruto del baobab (0,01%), aromas naturales de cítricos, edulcorante: glicósidos de esteviol, niacina (vitamina B3) y colorantes: E-160a y E-141."],"conservation":" Proteger de la luz solar. Preservar de olores agresivos. Conservar en lugar limpio, fresco y seco. Envases de 1 l ó más: Conservar refrigerado una vez abierto y consumir preferiblemente antes de 10 días","ean":"5449000218902"},{"full_name":"AQUARIUS Vive bebida isotónica sabor tropical bajo en calorías botella 1,5 l","name":"Vive bebida isotónica sabor tropical bajo en calorías botella 1,5 l","brand":"AQUARIUS ","img":"https://sgfm.elcorteingles.es/SGFM/dctm/MEDIA03/201705/23/00118623901875____3__600x600.jpg","price":"1,51 €","price_unit":"(1,01 € / Litro)","categories":["Supermercado","Bebidas","Agua, Refrescos y Zumos","Isotónicas y energéticas","Bebidas isotónicas","AQUARIUS Vive bebida isotónica sabor tropical bajo en calorías botella 1,5 l"],"general_information":["Denominación del alimento: Bebida refrescante de extractos. con azúcar y edulcorante.","Nombre del operador: Coca-Cola Iberian Partners, S.A.","Dirección del operador: Paseo de la Castellana 259C, Planta 9. 28046 Madrid (España)","Cantidad Neta: 1.50 Litros","Otras menciones obligatorias en la etiqueta: Con azúcar y edulcorante. Con zinc y vitamina B3. **Con extracto de baobab"],"ingredients":[" Agua, azúcar, correctores de acidez: E-330 y E-331, potenciadores del sabor: cloruro sódico y fosfato potásico, estabilizantes: E-414 y E-445, gluconato de zinc, antioxidante ácido ascórbico, **extracto de pulpa del fruto del baobab (0,01%), edulcorante: glicósidos de esteviol, aromas naturales, niacina (vitamina B3) y colorante E-160a."],"conservation":" Proteger de la luz solar. Preservar de olores agresivos. Conservar en lugar limpio, fresco y seco. Envases de 1 l ó más: Conservar refrigerado una vez abierto y consumir preferiblemente antes de 10 días","ean":"5449000218919"},{"full_name":"AQUARIUS Vive bebida isotónica sabor lima limón bajo en calorías lata 33 cl","name":"Vive bebida isotónica sabor lima limón bajo en calorías lata 33 cl","brand":"AQUARIUS ","img":"https://sgfm.elcorteingles.es/SGFM/dctm/MEDIA03/201705/23/00118623901842____3__600x600.jpg","price":"0,70 €            ","price_unit":"(1,79 € / Litro)","categories":["Supermercado","Bebidas","Agua, Refrescos y Zumos","Isotónicas y energéticas","Bebidas isotónicas","AQUARIUS Vive bebida isotónica sabor lima limón bajo en calorías lata 33 cl"],"general_information":["Denominación del alimento: Bebida refrescante de extractos. con azúcar y edulcorante.","Nombre del operador: Coca-Cola Iberian Partners, S.A.","Dirección del operador: Paseo de la Castellana 259C, Planta 9. 28046 Madrid (España)","Cantidad Neta: 0.33 Litros","Otras menciones obligatorias en la etiqueta: Con azúcar y edulcorante. Con zinc y vitamina B3. **Con extracto de baobab"],"ingredients":[" Agua, azúcar, correctores de acidez: E-330 y E-331, potenciadores del sabor: cloruro sódico y fosfato potásico, estabilizantes: E-414 y E-445, gluconato de zinc, antioxidante: ácido ascórbico, **extracto de pulpa del fruto del baobab (0,01%), aromas naturales de cítricos, edulcorante: glicósidos de esteviol, niacina (vitamina B3) y colorantes: E-160a y E-141."],"conservation":" Proteger de la luz solar. Preservar de olores agresivos. Conservar en lugar limpio, fresco y seco. Envases de 1 l ó más: Conservar refrigerado una vez abierto y consumir preferiblemente antes de 10 días","ean":"5449000218865"},{"full_name":"AQUARIUS Vive bebida isotónica sabor tropical bajo en calorías lata 33 cl","name":"Vive bebida isotónica sabor tropical bajo en calorías lata 33 cl","brand":"AQUARIUS ","img":"https://sgfm.elcorteingles.es/SGFM/dctm/MEDIA03/201607/08/00118623901859____2__600x600.jpg","price":"0,70 €            ","price_unit":"(1,79 € / Litro)","categories":["Supermercado","Bebidas","Agua, Refrescos y Zumos","Isotónicas y energéticas","Bebidas isotónicas","AQUARIUS Vive bebida isotónica sabor tropical bajo en calorías lata 33 cl"],"general_information":["Denominación del alimento: Bebida refrescante de extractos. con azúcar y edulcorante.","Nombre del operador: Coca-Cola Iberian Partners, S.A.","Dirección del operador: Paseo de la Castellana 259C, Planta 9. 28046 Madrid (España)","Cantidad Neta: 0.33 Litros","Otras menciones obligatorias en la etiqueta: Con azúcar y edulcorante. Con zinc y vitamina B3. **Con extracto de baobab"],"ingredients":[" Agua, azúcar, correctores de acidez: E-330 y E-331, potenciadores del sabor: cloruro sódico y fosfato potásico, estabilizantes: E-414 y E-445, gluconato de zinc, antioxidante ácido ascórbico, **extracto de pulpa del fruto del baobab (0,01%), edulcorante: glicósidos de esteviol, aromas naturales, niacina (vitamina B3) y colorante E-160a."],"conservation":" Proteger de la luz solar. Preservar de olores agresivos. Conservar en lugar limpio, fresco y seco. Envases de 1 l ó más: Conservar refrigerado una vez abierto y consumir preferiblemente antes de 10 días","ean":"5449000218872"},{"full_name":"AQUARADE bebida isotónica sabor limón botella 1,5 l","name":"bebida isotónica sabor limón botella 1,5 l","brand":"AQUARADE ","img":"https://sgfm.elcorteingles.es/SGFM/dctm/MEDIA03/201702/13/00118623901685____1__600x600.jpg","price":"1,10 €","price_unit":"(0,73 € / Litro)","categories":["Supermercado","Bebidas","Agua, Refrescos y Zumos","Isotónicas y energéticas","Bebidas isotónicas","AQUARADE bebida isotónica sabor limón botella 1,5 l"],"general_information":["Denominación del alimento: Bebida refrescante aromatizada.Sabor a limón.","Nombre del operador: Compañía de Bebidas Pepsico, s.l.","Dirección del operador: Avda. de los Olmos, 2, 01013 - Vitoria","Cantidad Neta: 1.5 Litros"],"ingredients":[" Agua, azúcar, correctores de acidez (ácido cítrico, citrato sódico), aromas, potenciadores del sabor (cloruro sódico, fosfato potásico, fosfato cálcico), antioxidante (ácido ascórbico), estabilizantes (E-414, E-445)."],"conservation":" Proteger de la luz solar y de olores agresivos. No congelar. Conservar en lugar limpio, fresco y seco. Evitar el contacto directo con el suelo. Una vez abierto, mantener refrigerado y consumir antes de 3 días.","ean":"8410408014165"},{"full_name":"AQUARADE bebida isotónica sabor naranja botella 1,5 l","name":"bebida isotónica sabor naranja botella 1,5 l","brand":"AQUARADE ","img":"https://sgfm.elcorteingles.es/SGFM/dctm/MEDIA03/201702/13/00118623901735____1__600x600.jpg","price":"1,10 €","price_unit":"(0,73 € / Litro)","categories":["Supermercado","Bebidas","Agua, Refrescos y Zumos","Isotónicas y energéticas","Bebidas isotónicas","AQUARADE bebida isotónica sabor naranja botella 1,5 l"],"general_information":["Denominación del alimento: Bebida refrescante aromatizada. Sabor a naranja.","Nombre del operador: Compañía de Bebidas Pepsico, s.l.","Dirección del operador: Avda. de los Olmos, 2, 01013 - Vitoria","Cantidad Neta: 1.5 Litros"],"ingredients":[" Agua, azúcar, correctores de acidez (ácido cítrico, citrato sódico), sales minerales (cloruro sódico, fosfato potásico, fosfato cálcico), antioxidante (ácido ascórbico), estabilizantes (E-414, E-445), aromas, colorante (betacaroteno)."],"conservation":" Proteger de la luz solar y de olores agresivos. No congelar. Conservar en lugar limpio, fresco y seco. Evitar el contacto directo con el suelo. Una vez abierto, mantener refrigerado y consumir antes de 3 días.","ean":"8410408014172"},{"full_name":"AQUARADE bebida isotónica sabor limón lata 33 cl","name":"bebida isotónica sabor limón lata 33 cl","brand":"AQUARADE ","img":"https://sgfm.elcorteingles.es/SGFM/dctm/MEDIA03/201702/13/00118623901693____2__600x600.jpg","price":"0,43 €","price_unit":"(1,30 € / Litro)","categories":["Supermercado","Bebidas","Agua, Refrescos y Zumos","Isotónicas y energéticas","Bebidas isotónicas","AQUARADE bebida isotónica sabor limón lata 33 cl"],"general_information":["Denominación del alimento: Bebida refrescante aromatizada.Sabor a limón.","Nombre del operador: Compañía de Bebidas Pepsico, s.l.","Dirección del operador: Avda. de los Olmos, 2, 01013 - Vitoria","Cantidad Neta: 330 Mililitros"],"ingredients":[" Agua, azúcar, correctores de acidez (ácido cítrico, citrato sódico), aromas, potenciadores del sabor (cloruro sódico, fosfato potásico, fosfato cálcico), antioxidante (ácido ascórbico), estabilizantes (E-414, E-445)."],"conservation":" Proteger de la luz solar y de olores agresivos. No congelar. Conservar en lugar limpio, fresco y seco. Evitar el contacto directo con el suelo.","ean":"8410408014141"},{"full_name":"AQUARADE bebida isotónica sabor naranja lata 33 cl","name":"bebida isotónica sabor naranja lata 33 cl","brand":"AQUARADE ","img":"https://sgfm.elcorteingles.es/SGFM/dctm/MEDIA03/201702/13/00118623901701____1__600x600.jpg","price":"0,43 €","price_unit":"(1,30 € / Litro)","categories":["Supermercado","Bebidas","Agua, Refrescos y Zumos","Isotónicas y energéticas","Bebidas isotónicas","AQUARADE bebida isotónica sabor naranja lata 33 cl"],"general_information":["Denominación del alimento: Bebida refrescante aromatizada. Sabor a naranja.","Nombre del operador: Compañía de Bebidas Pepsico, s.l.","Dirección del operador: Avda. de los Olmos, 2, 01013 - Vitoria","Cantidad Neta: 330 Mililitros"],"ingredients":[" Agua, azúcar, correctores de acidez (ácido cítrico, citrato sódico), sales minerales (cloruro sódico, fosfato potásico, fosfato cálcico), antioxidante (ácido ascórbico), estabilizantes (E-414, E-445), aromas, colorante (betacaroteno)."],"conservation":" Proteger de la luz solar y de olores agresivos. No congelar. Conservar en lugar limpio, fresco y seco. Evitar el contacto directo con el suelo.","ean":"8410408014158"},{"full_name":"POWERADE bebida isotónica Ice Storm pack 4 botellas 50 cl con tapón Sport","name":"bebida isotónica Ice Storm pack 4 botellas 50 cl","brand":"POWERADE ","img":"https://sgfm.elcorteingles.es/SGFM/00/74/5/0118623900745/0118623900745000g01011.jpg","price":"3,57 €","price_unit":"(7,14 € / Litro)","categories":["Supermercado","Bebidas","Agua, Refrescos y Zumos","Isotónicas y energéticas","Bebidas isotónicas","POWERADE bebida isotónica Ice Storm pack 4 botellas 50 cl con tapón Sport"],"general_information":["Denominación del alimento: Bebida refrescante aromatizada. con azúcar y edulcorantes.","Nombre del operador: Coca-Cola European Partners Iberia, S.L.U.","Dirección del operador: C/Ribera del Loira 20-22, 28042 - Madrid (España).","Cantidad Neta: 4 Unidad"],"ingredients":[" Agua, azúcar, correctores de acidez: ácido cítrico y citrato sódico, estabilizantes: E-414 y E-445, aromas, edulcorantes: E-950 y E955 y colorante E-133."],"ean":"5449000097347"},{"full_name":"POWERADE bebida isotónica Ice Storm botella 50 cl con tapón Sport","name":"bebida isotónica Ice Storm botella 50 cl","brand":"POWERADE ","img":"https://sgfm.elcorteingles.es/SGFM/00/44/8/0118623900448/0118623900448000g01011.jpg","price":"1,05 €            ","price_unit":"(2 € / Litro)","categories":["Supermercado","Bebidas","Agua, Refrescos y Zumos","Isotónicas y energéticas","Bebidas isotónicas","POWERADE bebida isotónica Ice Storm botella 50 cl con tapón Sport"],"general_information":["Denominación del alimento: Bebida refrescante aromatizada. con azúcar y edulcorantes.","Nombre del operador: CC European Partners Iberia, S.L.U.","Dirección del operador: C/Ribera del Loira 20-22, 28042 - Madrid (España).","Cantidad Neta: 0.50 Litros","Otras menciones obligatorias en la etiqueta: Con azúcar y edulcorantes. ** Las soluciones electrolíticas a base de hidratos de carbono contribuyen a mantener el nivel de resistencia en ejercicios que requieren una resistencia prolongada. Advertencia: Tapón no apto para niños pequeños. Riesgo de asfixia."],"ingredients":[" Agua, azúcar, correctores de acidez: ácido cítrico y citrato sódico, estabilizantes: E-414 y E-445, aromas, edulcorantes: E-950 y E955 y colorante E-133."],"conservation":" Proteger de la luz solar. Preservar de olores agresivos. Conservar en lugar limpio, fresco y seco.","ean":"0000054492653"},{"full_name":"POWERADE ZERO bebida isotónica Ice Storm botella 50 cl con tapón Sport","name":"ZERO bebida isotónica Ice Storm botella 50 cl","brand":"POWERADE ","img":"https://sgfm.elcorteingles.es/SGFM/dctm/MEDIA03/201704/27/00118623901925____1__600x600.jpg","price":"1,08 €            ","price_unit":"(2 € / Litro)","categories":["Supermercado","Bebidas","Agua, Refrescos y Zumos","Isotónicas y energéticas","Bebidas isotónicas","POWERADE ZERO bebida isotónica Ice Storm botella 50 cl con tapón Sport"],"general_information":["Denominación del alimento: Bebida refrescante aromatizada. con edulcorantes.","Nombre del operador: Coca-Cola European Partners Iberia, S.L.U.","Dirección del operador: C/Ribera del Loira 20-22, 28042 - Madrid (España).","Cantidad Neta: 0.5 Litros"],"ingredients":[" agua, correctores de acidez: E-330 y E-331, aromas naturales, edulcorantes: E-955 y E-950, vitamina B6 y colorante E-133."],"ean":"5449000225436"},{"full_name":"POWERADE bebida isotónica Blood Orange botella 50 cl con tapón Sport","name":"bebida isotónica Blood Orange botella 50 cl","brand":"POWERADE ","img":"https://sgfm.elcorteingles.es/SGFM/01/67/7/0118623901677/0118623901677000g01011.jpg","price":"1,05 €            ","price_unit":"(2 € / Litro)","categories":["Supermercado","Bebidas","Agua, Refrescos y Zumos","Isotónicas y energéticas","Bebidas isotónicas","POWERADE bebida isotónica Blood Orange botella 50 cl con tapón Sport"],"general_information":["Denominación del alimento: Bebida refrescante aromatizada. con azúcar y edulcorantes.","Nombre del operador: Coca-Cola European Partners Iberia, S.L.U.","Dirección del operador: C/Ribera del Loira 20-22, 28042 - Madrid (España).","Cantidad Neta: 0.5 Litros"],"ingredients":[" Agua, azúcar, correctores de acidez: ácido cítrico y citrato sódico, estabilizantes: E-414 y E-445, aromas, edulcorantes: E-950 y E-955 y colorante E-122."],"ean":"0000042117469"},{"full_name":"POWERADE bebida isotónica Citrus Charge botella 50 cl con tapón Sport","name":"bebida isotónica Citrus Charge botella 50 cl","brand":"POWERADE ","img":"https://sgfm.elcorteingles.es/SGFM/00/45/5/0118623900455/0118623900455000g01011.jpg","price":"1,05 €            ","price_unit":"(2 € / Litro)","categories":["Supermercado","Bebidas","Agua, Refrescos y Zumos","Isotónicas y energéticas","Bebidas isotónicas","POWERADE bebida isotónica Citrus Charge botella 50 cl con tapón Sport"],"general_information":["Denominación del alimento: Bebida refrescante aromatizada. con azúcar y edulcorantes.","Nombre del operador: Coca-Cola European Partners Iberia, S.L.U.","Dirección del operador: C/Ribera del Loira 20-22, 28042 - Madrid (España).","Cantidad Neta: 0.5 Litros"],"ingredients":[" Agua, azúcar, correctores de acidez: ácido cítrico y citrato sódico, estabilizantes: E-414 y E-445, aromas, edulcorantes: E-950 y E-955 y colorante E-104."],"ean":"0000054492806"},{"full_name":"POWERADE Bebida isotónica en polvo bote 480 g","name":"Bebida isotónica en polvo bote 480 g","brand":"POWERADE ","img":"https://sgfm.elcorteingles.es/SGFM//01/54/5/0118623901545/0118623901545000g01011.jpg","price":"8,36 €","price_unit":"(17,42 € / Kilo)","categories":["Supermercado","Bebidas","Agua, Refrescos y Zumos","Isotónicas y energéticas","Bebidas isotónicas","POWERADE Bebida isotónica en polvo bote 480 g"],"general_information":["Denominación del alimento: Producto en polvo para preparar la bebida refrescante aromatizada.","Nombre del operador: Coca-Cola European Partners Iberia, S.L.U.","Dirección del operador: C/Ribera del Loira 20-22, 28042 - Madrid (España).","Cantidad Neta: 480 Litros"],"ingredients":[" Azúcar, fructosa, correctores de acidez: ácido cítrico y citrato sódico, aromas, estabilizante E-414 y colorantes: E-171 y E-133."],"ean":"5000112579154"},{"full_name":"VITAMIN WELL RELOAD bebida refrescante vitaminada sabor lima limón ayuda a recargar tu energía botella 50 cl","name":"RELOAD bebida refrescante vitaminada sabor lima limón ayuda a recargar tu energía botella 50 cl","brand":"VITAMIN WELL ","img":"https://sgfm.elcorteingles.es/SGFM/dctm/MEDIA02/CONTENIDOS/201507/23/00118623901776____1__600x600.jpg","price":"1,89 €","price_unit":"(3,78 € / Litro)","categories":["Supermercado","Bebidas","Agua, Refrescos y Zumos","Isotónicas y energéticas","Bebidas isotónicas","VITAMIN WELL RELOAD bebida refrescante vitaminada sabor lima limón ayuda a recargar tu energía botella 50 cl"],"general_information":[" Bebida sin gas, enriquecida con vitaminas, minerales y extractos de frutas. Endulzada sólo con fructosa.\nUna saludable elección que nos ayuda a suplir una carencia de vitaminas y minerales de forma fácil y agradable.\nVitamin Well Reload ontiene Vitaminas del grupo B y D, Magnesio y Zinc, que ayudan a recuprar el equilibrio electrolítico del organismo."],"ingredients":["Ingredientes: Agua mineral, fructosa, reguladores de la acidez (acido citrico, citrato de sodio), extracto de sauco, extracto de te verde, vitaminas (D3, E, C, acido fólico, B12) mineral (zinc), conservantes (sorbato de potasio), aromatizande de flor de sáuco, aromatizante de limón."],"ean":"7350042710591"},{"full_name":"VITAMIN WELL CARE bebida refrescante vitaminada sabor pomelo protege la belleza de piel y cabello botella 50 cl","name":"CARE bebida refrescante vitaminada sabor pomelo protege la belleza de piel y cabello botella 50 cl","brand":"VITAMIN WELL ","img":"https://sgfm.elcorteingles.es/SGFM/dctm/MEDIA02/CONTENIDOS/201507/23/00118623901784____1__600x600.jpg","price":"1,89 €","price_unit":"(3,78 € / Litro)","categories":["Supermercado","Bebidas","Agua, Refrescos y Zumos","Isotónicas y energéticas","Bebidas isotónicas","VITAMIN WELL CARE bebida refrescante vitaminada sabor pomelo protege la belleza de piel y cabello botella 50 cl"],"general_information":[" Bebida refrescante sin gas, enriquecida con vitaminas, minerales y extractos de frutas. Endulzada sólo con fructosa.\nUna saludable elección que nos ayuda a suplir una carencia de vitaminas y minerales de forma fácil y agradable.\nVitamin Well Care contiene Vitamina B12 y Ácido Fólico que estimula el proceso normal de renovación celular que ayuda a mantener la salud de la piel y cabello."],"ingredients":["Ingredientes: Agua mineral, fructosa, reguladores de la acidez (ácido cítrico, citrato de sodio), extracto de sauco, extracto de granada, vitaminas (E, C, ácido fólico, vitamina B12, biotina) minerales (zinc), conservantes (sorbato de potasio), aromatizante de pomelo, extracto de naranja, colorante."],"ean":"7350042710195"},{"full_name":"VITAMIN WELL ANTIOXIDANT bebida refrescante vitaminada sabor melocotón ayuda a proteger las células botella 50 cl","name":"ANTIOXIDANT bebida refrescante vitaminada sabor melocotón ayuda a proteger las células botella 50 cl","brand":"VITAMIN WELL ","img":"https://sgfm.elcorteingles.es/SGFM/dctm/MEDIA02/CONTENIDOS/201508/18/00118623901792____1__600x600.jpg","price":"1,89 €","price_unit":"(3,78 € / Litro)","categories":["Supermercado","Bebidas","Agua, Refrescos y Zumos","Isotónicas y energéticas","Bebidas isotónicas","VITAMIN WELL ANTIOXIDANT bebida refrescante vitaminada sabor melocotón ayuda a proteger las células botella 50 cl"],"general_information":[" Bebida refrescante sin gas, enriquecida con vitaminas, minerales y extractos de frutas. Endulzada sólo con fructosa.\nUna saludable elección que nos ayuda a suplir una carencia de vitaminas y minerales de forma fácil y agradable.\nVitamin Well Antioxidant contiene las vitaminas antioxidantes C y E, y los minerales selenio, magnesio, cobre y cinc, que contribuyen a proteger los componentes de las células de los daños oxidativos."],"ingredients":["Ingredientes: Agua mineral, fructosa, reguladores de la acidez (ácido cítrico, citrato de sodio), vitaminas (E, C, B3, ácido fólico, B12, biotina, B5) minerales (magnesio, zinc, selenio), conservantes (sorbato de potasio), aromatizante de manzana, colorante (caramelo)."],"ean":"7350042710690"},{"full_name":"VITAMIN WELL DEFENCE bebida refrescante vitaminada sabor cítricos y flor de sauco ayuda a tus defensas botella 50 cl","name":"DEFENCE bebida refrescante vitaminada sabor cítricos y flor de sauco ayuda a tus defensas botella 50 cl","brand":"VITAMIN WELL ","img":"https://sgfm.elcorteingles.es/SGFM/dctm/MEDIA02/CONTENIDOS/201508/26/00200523901940____1__600x600.jpg","price":"1,89 €","price_unit":"(3,78 € / Litro)","categories":["Supermercado","Bebidas","Agua, Refrescos y Zumos","Isotónicas y energéticas","Bebidas isotónicas","VITAMIN WELL DEFENCE bebida refrescante vitaminada sabor cítricos y flor de sauco ayuda a tus defensas botella 50 cl"],"general_information":[" Bebida refrescante sin gas, enriquecida con vitaminas, minerales y extractos de frutas. Endulzada sólo con fructosa.\nUna saludable elección que nos ayuda a suplir una carencia de vitaminas y minerales de forma fácil y agradable.\nVitamin Well Defence contiene Vitamina C, B12, D y Cinc, que fortalecen el sistema inmune. También contiene extracto de baya de saúco y te verde."],"ingredients":["Ingredientes: Agua mineral, fructosa, reguladores de la acidez (ácido cítrico),  vitaminas (D3, E, B3, ácido fólico, B12, biotina, B5), minerales (magnesio, zinc, selenio), conservantes (benzoato de sodio, sorbato de potasio, aromatizante lima/limón."],"ean":"7350042710096"},{"full_name":"VITAMIN WELL EVERYDAY bebida refrescante vitaminada sabor manzana verde ayuda a regular el metabolismo botella 50 cl","name":"EVERYDAY bebida refrescante vitaminada sabor manzana verde ayuda a regular el metabolismo botella 50 cl","brand":"VITAMIN WELL ","img":"https://sgfm.elcorteingles.es/SGFM/dctm/MEDIA03/201609/07/00118623901917____1__600x600.jpg","price":"1,89 €","price_unit":"(3,78 € / Litro)","categories":["Supermercado","Bebidas","Agua, Refrescos y Zumos","Isotónicas y energéticas","Bebidas isotónicas","VITAMIN WELL EVERYDAY bebida refrescante vitaminada sabor manzana verde ayuda a regular el metabolismo botella 50 cl"],"general_information":["Denominación del alimento: Bebida Refrescante Sin Gas Con Vitaminas Y Minerales","País de origen: Suecia","Nombre del operador: Sanmy S.A.","Dirección del operador: Carretera de Castellar del Vallés nº 586 - 08227 Terrassa (Barcelona)","Cantidad Neta: 500 Mililitros","Otras menciones obligatorias en la etiqueta: Bebida baja en calorías sin gas, enriquecida con vitaminas y minerales."],"ingredients":[" Agua, edulcorante: fructosa, acidulantes: ácido cítrico (E-330), citrato sódico (E-331), vitaminas: Vit. C, niacina,Vit. E, ácido pantoténico,  ácido fólico,  biotina, vit. B12,  minerales: magnesio, cinc, selenio, conservante: sorbato potásico, aroma de manzana, colorante: caramelo."],"conservation":" Una vez abierta, consumir en el mismo día. Se puede conservar a temperatura ambiente pero debe mantenerse alejada de la luz directa.","ean":"7350042710294"},{"full_name":"ISOSTAR bebida isotónica en polvo sabor naranja envase 400 g","name":"bebida isotónica en polvo sabor naranja envase 400 g","brand":"ISOSTAR ","img":"https://sgfm.elcorteingles.es/SGFM/dctm/MEDIA02/CONTENIDOS/201407/21/00118623900216____1__600x600.jpg","price":"7,99 €","price_unit":"(19,98 € / Kilo)","categories":["Supermercado","Bebidas","Agua, Refrescos y Zumos","Isotónicas y energéticas","Bebidas isotónicas","ISOSTAR bebida isotónica en polvo sabor naranja envase 400 g"],"general_information":[],"ingredients":[],"ean":"3175681076204"},{"full_name":"ISOSTAR bebida isotónica en polvo sabor limón envase 400 g","name":"bebida isotónica en polvo sabor limón envase 400 g","brand":"ISOSTAR ","img":"https://sgfm.elcorteingles.es/SGFM/00/22/4/0118623900224/0118623900224000g01011.jpg","price":"7,99 €","price_unit":"(19,98 € / Kilo)","categories":["Supermercado","Bebidas","Agua, Refrescos y Zumos","Isotónicas y energéticas","Bebidas isotónicas","ISOSTAR bebida isotónica en polvo sabor limón envase 400 g"],"general_information":[],"ingredients":[],"ean":"3175681076235"},{"full_name":"ISOSTAR bebida isotónica sabor naranja botella 50 cl con tapón Sport","name":"bebida isotónica sabor naranja botella 50 cl","brand":"ISOSTAR ","img":"https://sgfm.elcorteingles.es/SGFM/00/20/8/0118623900208/0118623900208000g01011.jpg","price":"1,15 €","price_unit":"(2,30 € / Litro)","categories":["Supermercado","Bebidas","Agua, Refrescos y Zumos","Isotónicas y energéticas","Bebidas isotónicas","ISOSTAR bebida isotónica sabor naranja botella 50 cl con tapón Sport"],"general_information":["Denominación del alimento: Bebida de aporte de carbohidratos y electrolitos, sabor naranja","Nombre del operador: Nutrition & Santé Iberia, S.L.","Dirección del operador: c/ Jesús Serra i Santamans, nº 4 - 1ª planta. 08174 Sant Cugat del Vallés - Barcelona","Cantidad Neta: 500 Mililitros"],"ingredients":[" Agua, Sacarosa, Jarabe de glucosa, Acidulante: ácido cítrico, Maltodextrina, Aroma natural de naranja y otros aromas naturales, Citrato de sodio, Sales cálcicas de ácido ortofosfórico, Carbonato de magnesio, Cloruro sódico, Potenciador de sabor: cloruro potásico, Estabilizadores: E414 y E445, Antioxidante: E307, Vitamina B1. Información alérgenos: www.isostar.com."],"conservation":" Conservar en lugar fresco y seco.","ean":"7612100031667"},{"full_name":"ISOSTAR bebida isotónica en polvo Long Energy sabor naranja envase 790 g","name":"bebida isotónica en polvo Long Energy sabor naranja envase 790 g","brand":"ISOSTAR ","img":"https://sgfm.elcorteingles.es/SGFM/00/16/6/0118623900166/0118623900166000g01011.jpg","price":"14,99 €","price_unit":"(18,97 € / Kilo)","categories":["Supermercado","Bebidas","Agua, Refrescos y Zumos","Isotónicas y energéticas","Bebidas isotónicas","ISOSTAR bebida isotónica en polvo Long Energy sabor naranja envase 790 g"],"general_information":["Denominación del alimento: Preparación para una bebida isotónica, sabor naranja","Nombre del operador: Nutrition & Santé Iberia, S.L.","Dirección del operador: c/ Jesús Serra i Santamans, nº 4 - 1ª planta. 08174 Sant Cugat del Vallés - Barcelona","Cantidad Neta: 790 g","Número de raciones por envase: 10"],"ingredients":[" Maltodextrina, sacarosa, colorantes: rojo de remolacha y carotenos, acidulante: ácido cítrico, Aroma, citrato de sodio, cloruro de sodio, vitaminas C, E, B1. Información alérgenos: www.isostar.com."],"conservation":" Conservar en lugar fresco y seco.","ean":"3175681018129"},{"full_name":"ISOSTAR bebida isotónica sabor limón botella 50 cl con tapón Sport","name":"bebida isotónica sabor limón botella 50 cl","brand":"ISOSTAR ","img":"https://sgfm.elcorteingles.es/SGFM/00/18/2/0118623900182/0118623900182000g01011.jpg","price":"1,15 €","price_unit":"(2,30 € / Litro)","categories":["Supermercado","Bebidas","Agua, Refrescos y Zumos","Isotónicas y energéticas","Bebidas isotónicas","ISOSTAR bebida isotónica sabor limón botella 50 cl con tapón Sport"],"general_information":["Denominación del alimento: Bebida de aporte de carbohidratos y electrolitos, sabor limón","Nombre del operador: Nutrition & Santé Iberia, S.L.","Dirección del operador: c/ Jesús Serra i Santamans, nº 4 - 1ª planta. 08174 Sant Cugat del Vallés - Barcelona","Cantidad Neta: 500 Mililitros"],"ingredients":[" Agua, Sacarosa, Jarabe de glucosa, Acidulante: ácido cítrico, Maltodextrina, Aroma natural de limón y otros aromas naturales, Citrato de sodio, Sales cálcicas de ácido ortofosfórico, Carbonato de magnesio, Cloruro sódico, Potenciador del sabor: cloruro potásico, Estabilizadores: E414 y E445, Antioxidante: E307, Vitamina B1.   Información alérgenos: www.isostar.com."],"conservation":" Conservar en lugar fresco y seco.","ean":"7612100031650"},{"full_name":"GATORADE bebida isotónica sabor naranja botella 50 cl","name":"bebida isotónica sabor naranja botella 50 cl","brand":"GATORADE ","img":"https://sgfm.elcorteingles.es/SGFM/dctm/MEDIA03/201702/13/00118623900307____3__600x600.jpg","price":"0,78 €","price_unit":"(1,56 € / Litro)","categories":["Supermercado","Bebidas","Agua, Refrescos y Zumos","Isotónicas y energéticas","Bebidas isotónicas","GATORADE bebida isotónica sabor naranja botella 50 cl"],"general_information":["Denominación del alimento: Alimento complementario para deportistas con azúcar y edulcorantes, sabor a naranja.","Nombre del operador: Compañía de Bebidas Pepsico, s.l.","Dirección del operador: Avda. de los Olmos, 2, 01013 - Vitoria","Cantidad Neta: 500 Mililitros"],"ingredients":[" Agua, azúcar, maltodextrina, acidulante: ácido cítrico, sales minerales [cloruro de sodio (47 mg/100ml cloruro), citrato de sodio (50 mg/100ml sodio), fosfato de potasio (12 mg/100ml potasio), óxido de magnesio (5 mg/100ml magnesio)], antioxidante: ácido ascórbico, estabilizadores: E-414, E-445, aroma, edulcorantes: sucralosa, acesulfamo K, colorante: betacaroteno."],"conservation":" Mantener en lugar frio y seco. Una vez abierto, mantener refrigerado y consumir antes de 5 días.","ean":"8001160001342"},{"full_name":"GATORADE bebida isotónica sabor limón botella 50 cl","name":"bebida isotónica sabor limón botella 50 cl","brand":"GATORADE ","img":"https://sgfm.elcorteingles.es/SGFM/dctm/MEDIA03/201702/13/00118623900315____2__600x600.jpg","price":"0,78 €","price_unit":"(1,56 € / Litro)","categories":["Supermercado","Bebidas","Agua, Refrescos y Zumos","Isotónicas y energéticas","Bebidas isotónicas","GATORADE bebida isotónica sabor limón botella 50 cl"],"general_information":["Denominación del alimento: Alimento complementario para deportistas con azúcar y edulcorantes, sabor a limón.","Nombre del operador: Compañía de Bebidas Pepsico, s.l.","Dirección del operador: Avda. de los Olmos, 2, 01013 - Vitoria","Cantidad Neta: 500 Mililitros"],"ingredients":[" Agua, azúcar, maltodextrina, acidulante: ácido cítrico, sales minerales [cloruro de sodio (47 mg/100ml cloruro), citrato de sodio (50 mg/100ml sodio), fosfato de potasio (12 mg/100ml potasio), óxido de magnesio (5 mg/100ml magnesio)], antioxidante: ácido ascórbico, estabilizadores: E-414, E-445, aroma, edulcorantes: sucralosa, acesulfamo K, colorante: betacaroteno."],"conservation":" Mantener en lugar frio y seco. Una vez abierto, mantener refrigerado y consumir antes de 5 días.","ean":"8001160001335"},{"full_name":"GATORADE bebida isotónica sabor frambuesa botella 50 cl","name":"bebida isotónica sabor frambuesa botella 50 cl","brand":"GATORADE ","img":"https://sgfm.elcorteingles.es/SGFM/dctm/MEDIA03/201702/13/00118623901537____3__600x600.jpg","price":"0,78 €","price_unit":"(1,56 € / Litro)","categories":["Supermercado","Bebidas","Agua, Refrescos y Zumos","Isotónicas y energéticas","Bebidas isotónicas","GATORADE bebida isotónica sabor frambuesa botella 50 cl"],"general_information":["Denominación del alimento: Alimento complementario para deportistas con azúcar y edulcorantes, sabor a frambuesa.","Nombre del operador: Compañía de Bebidas Pepsico, s.l.","Dirección del operador: Avda. de los Olmos, 2, 01013 - Vitoria","Cantidad Neta: 500 Mililitros"],"ingredients":[" Agua, azúcar, maltodextrina, acidulante: ácido cítrico, sales minerales [cloruro de sodio (47 mg/100ml cloruro), citrato de sodio (50 mg/100ml sodio), fosfato de potasio (12 mg/100ml potasio), óxido de magnesio (5 mg/100ml magnesio)], estabilizadores: E-414, E-445, aroma, edulcorantes: sucralosa, acesulfamo K, colorante: E-133."],"conservation":" Mantener en lugar frio y seco. Una vez abierto, mantener refrigerado y consumir antes de 5 días.","ean":"8001160001113"},{"full_name":"VITERMINE VITALIDAD bebida vitaminada sabor limón ayuda a disminuir el cansancio y la fatiga botella 50 cl","name":"VITALIDAD bebida vitaminada sabor limón ayuda a disminuir el cansancio y la fatiga botella 50 cl","brand":"VITERMINE ","img":"https://sgfm.elcorteingles.es/SGFM/dctm/MEDIA03/201702/06/00118623901883____1__600x600.jpg","price":"1,99 €","price_unit":"(3,98 € / Litro)","categories":["Supermercado","Bebidas","Agua, Refrescos y Zumos","Isotónicas y energéticas","Bebidas isotónicas","VITERMINE VITALIDAD bebida vitaminada sabor limón ayuda a disminuir el cansancio y la fatiga botella 50 cl"],"general_information":[],"ingredients":[],"ean":"8017331052709"},{"full_name":"VITERMINE LINEA bebida vitaminada ayuda al metabolismo de hidratos de carbono botella 50 cl","name":"LINEA bebida vitaminada ayuda al metabolismo de hidratos de carbono botella 50 cl","brand":"VITERMINE ","img":"https://sgfm.elcorteingles.es/SGFM/dctm/MEDIA03/201702/06/00118623901891____1__600x600.jpg","price":"1,99 €","price_unit":"(3,98 € / Litro)","categories":["Supermercado","Bebidas","Agua, Refrescos y Zumos","Isotónicas y energéticas","Bebidas isotónicas","VITERMINE LINEA bebida vitaminada ayuda al metabolismo de hidratos de carbono botella 50 cl"],"general_information":[],"ingredients":[],"ean":"8017331052686"},{"full_name":"VITERMINE ANTIOXIDANTE bebida vitaminada ayuda a protección de las células frente a daño oxidativo botella 50 cl","name":"ANTIOXIDANTE bebida vitaminada ayuda a protección de las células frente a daño oxidativo botella 50 cl","brand":"VITERMINE ","img":"https://sgfm.elcorteingles.es/SGFM/dctm/MEDIA03/201702/06/00118623901909____1__600x600.jpg","price":"1,99 €","price_unit":"(3,98 € / Litro)","categories":["Supermercado","Bebidas","Agua, Refrescos y Zumos","Isotónicas y energéticas","Bebidas isotónicas","VITERMINE ANTIOXIDANTE bebida vitaminada ayuda a protección de las células frente a daño oxidativo botella 50 cl"],"general_information":[],"ingredients":[],"ean":"8017331052723"},{"full_name":"ALIADA bebida energética Sin Gluten lata 25 cl","name":"bebida energética Sin Gluten lata 25 cl","brand":"ALIADA ","img":"https://sgfm.elcorteingles.es/SGFM/dctm/MEDIA03/201609/02/00118611301211____1__600x600.jpg","price":"0,37 €","price_unit":"(1,48 € / Litro)","categories":["Supermercado","Bebidas","Agua, Refrescos y Zumos","Isotónicas y energéticas","Bebidas energéticas","ALIADA bebida energética Sin Gluten lata 25 cl"],"general_information":["Denominación del alimento: BEBIDA ENERGÉTICA Alto contenido en cafeína (32mg/100mL). Con vitaminas añadidas. Contiene taurina.","Nombre del operador: Elaborado para\nEl  Grupo El Corte Inglés\nHermosilla, 112 - 28009 Madrid ? España por \nCIF A-83745695","Número de raciones por envase: 1"],"ingredients":[" Ingredientes: \nAgua carbonatada, azúcar, jarabe de glucosa y fructosa, acidulante (E-330), taurina (0,4%), corrector de acidez (E-331iii), aroma, colorante (E-150b), cafeína (0,031%), glucuronolactona, inositol, vitaminas (niacina, ácido pantoténico, B6, riboflavina, B12)."],"conservation":" Conservar alejado de la luz solar y de olores agresivos. \nSírvase muy fría","ean":"8433329063289"},{"full_name":"RED BULL Summer Edition bebida energética sabor naranja lata 35,50 cl","name":"Summer Edition bebida energética sabor naranja lata 35,50 cl","brand":"RED BULL ","img":"https://sgfm.elcorteingles.es/SGFM/dctm/MEDIA03/201708/31/00118611301237____2__600x600.jpg","price":"1,30 €","price_unit":"(3,66 € / Litro)","categories":["Supermercado","Bebidas","Agua, Refrescos y Zumos","Isotónicas y energéticas","Bebidas energéticas","RED BULL Summer Edition bebida energética sabor naranja lata 35,50 cl"],"general_information":["Denominación del alimento: RB OrangeEdition","Nombre del operador: Red Bull GmbH","Dirección del operador: Am Brunnen 1, 5330 Fuschl am See, Austria","Cantidad Neta: 355 Mililitros"],"ingredients":[" Agua, Sacarosa, Glucosa, Acidulante (Ácido Cítrico), Dióxido de Carbono, Taurina (0,4%), Correctores de la acidez (Citratos de sodio), Cafeína (0,03%), Vitaminas (Niacina, Ácido Pantoténico, B6, B12), Aromas, Colorantes (Caramelo, Beta-apo-8?-carotenal (C30), Riboflavina),Antioxidante(Acido ascorbico)"],"ean":"9002490233518"},{"full_name":"RED BULL bebida energética pack 8 latas 25 cl","name":"bebida energética pack 8 latas 25 cl","brand":"RED BULL ","img":"https://sgfm.elcorteingles.es/SGFM/dctm/MEDIA03/201708/31/00118611300866____1__600x600.jpg","price":"9,65 €","price_unit":"(4,82 € / Litro)","categories":["Supermercado","Bebidas","Agua, Refrescos y Zumos","Isotónicas y energéticas","Bebidas energéticas","RED BULL bebida energética pack 8 latas 25 cl"],"general_information":["Denominación del alimento: RB Energy Drink","Nombre del operador: Red Bull GmbH","Dirección del operador: Am Brunnen 1, 5330 Fuschl am See, Austria","Cantidad Neta: 250 Mililitros"],"ingredients":[" Agua, Sacarosa, Glucosa, Acidulante Ácido Cítrico, Dióxido de Carbono, Taurina 0,4%, Regulador de Acidez (Carbonatos de Sodio, Carbonato Magnésico), Cafeína 0,03%, Vitaminas (Niacina, Ácido Pantoténico, B6, B12), Aromas, Colorantes (Caramelo, Riboflavina)"],"ean":"9002490206130"},{"full_name":"RED BULL The Lime Edition bebida energética sabor lima lata 25 cl","name":"The Lime Edition bebida energética sabor lima lata 25 cl","brand":"RED BULL ","img":"https://sgfm.elcorteingles.es/SGFM/dctm/MEDIA03/201708/31/00118611300031____6__600x600.jpg","price":"1,28 €            ","price_unit":"(5 € / Litro)","categories":["Supermercado","Bebidas","Agua, Refrescos y Zumos","Isotónicas y energéticas","Bebidas energéticas","RED BULL The Lime Edition bebida energética sabor lima lata 25 cl"],"general_information":["Denominación del alimento: RB Lime Edition","Nombre del operador: Red Bull GmbH","Dirección del operador: Am Brunnen 1, 5330 Fuschl am See, Austria","Cantidad Neta: 250 Mililitros"],"ingredients":[" Agua, Sacarosa, Glucosa, Acidulante Ácido Cítrico, Dióxido de Carbono, Taurina 0,4%, Regulador de Acidez (Citratos de Socio, Carbonato Magnésico), Cafeína 0,03%, Vitaminas (Niacina, Ácido Pantoténico, B6, B12), Aromas, Estabilizador (Acetato Isobutirato de Sacarosa, Esteres Glicéridos de Colofonia de Madera), Colorantes (Caramelo, Riboflavina)"],"ean":"9002490230333"},{"full_name":"RED BULL bebida energética pack  4 latas 25 cl","name":"bebida energética pack  4 latas 25 cl","brand":"RED BULL ","img":"https://sgfm.elcorteingles.es/SGFM/dctm/MEDIA03/201708/31/00118611300510____1__600x600.jpg","price":"4,95 €","price_unit":"(19,80 € / Litro)","categories":["Supermercado","Bebidas","Agua, Refrescos y Zumos","Isotónicas y energéticas","Bebidas energéticas","RED BULL bebida energética pack  4 latas 25 cl"],"general_information":["Denominación del alimento: RB Energy Drink","Nombre del operador: Red Bull GmbH","Dirección del operador: Am Brunnen 1, 5330 Fuschl am See, Austria","Cantidad Neta: 250 Mililitros"],"ingredients":[" Agua, Sacarosa, Glucosa, Acidulante Ácido Cítrico, Dióxido de Carbono, Taurina 0,4%, Regulador de Acidez (Carbonatos de Sodio, Carbonato Magnésico), Cafeína 0,03%, Vitaminas (Niacina, Ácido Pantoténico, B6, B12), Aromas, Colorantes (Caramelo, Riboflavina)"],"ean":"9002490100490"},{"full_name":"RED BULL bebida energética lata 25 cl","name":"bebida energética lata 25 cl","brand":"RED BULL ","img":"https://sgfm.elcorteingles.es/SGFM/dctm/MEDIA03/201708/31/00118611300502____2__600x600.jpg","price":"1,28 €            ","price_unit":"(5 € / Litro)","categories":["Supermercado","Bebidas","Agua, Refrescos y Zumos","Isotónicas y energéticas","Bebidas energéticas","RED BULL bebida energética lata 25 cl"],"general_information":["Denominación del alimento: RB Energy Drink","Nombre del operador: Red Bull GmbH","Dirección del operador: Am Brunnen 1, 5330 Fuschl am See, Austria","Cantidad Neta: 250 Mililitros"],"ingredients":[" Agua, Sacarosa, Glucosa, Acidulante Ácido Cítrico, Dióxido de Carbono, Taurina 0,4%, Regulador de Acidez (Carbonatos de Sodio, Carbonato Magnésico), Cafeína 0,03%, Vitaminas (Niacina, Ácido Pantoténico, B6, B12), Aromas, Colorantes (Caramelo, Riboflavina)"],"ean":"9002490100070"},{"full_name":"RED BULL The Red Edition bebida energética sabor frutos rojos lata 25 cl","name":"The Red Edition bebida energética sabor frutos rojos lata 25 cl","brand":"RED BULL ","img":"https://sgfm.elcorteingles.es/SGFM/dctm/MEDIA03/201708/31/00118611300023____1__600x600.jpg","price":"1,28 €            ","price_unit":"(5 € / Litro)","categories":["Supermercado","Bebidas","Agua, Refrescos y Zumos","Isotónicas y energéticas","Bebidas energéticas","RED BULL The Red Edition bebida energética sabor frutos rojos lata 25 cl"],"general_information":["Denominación del alimento: RB Red Edition","Nombre del operador: Red Bull GmbH","Dirección del operador: Am Brunnen 1, 5330 Fuschl am See, Austria","Cantidad Neta: 250 Mililitros"],"ingredients":[" Agua, Sacarosa, Glucosa, Regulador de Acidez (Citratos de Socio, Carbonato Magnésico), Dióxido de Carbono, Acidulante Ácido Cítrico, Taurina 0,4%, Cafeína 0,03%, Inositol, Vitaminas (Niacina, Ácido Pantoténico, B6, B12), Aromas, Colorantes (Caramelo, Riboflavina), Colorantes Alimentarios (Concentrado de Zanahoria, Grosella negra, Cártamo)"],"ean":"9002490220037"},{"full_name":"RED BULL Tropical Edition bebida energética sabor tropical lata 25 cl","name":"Tropical Edition bebida energética sabor tropical lata 25 cl","brand":"RED BULL ","img":"https://sgfm.elcorteingles.es/SGFM/dctm/MEDIA03/201708/31/00118611301005____2__600x600.jpg","price":"1,28 €            ","price_unit":"(5 € / Litro)","categories":["Supermercado","Bebidas","Agua, Refrescos y Zumos","Isotónicas y energéticas","Bebidas energéticas","RED BULL Tropical Edition bebida energética sabor tropical lata 25 cl"],"general_information":["Denominación del alimento: RB Tropical Edition","Nombre del operador: Red Bull GmbH","Dirección del operador: Am Brunnen 1, 5330 Fuschl am See, Austria","Cantidad Neta: 250 Mililitros"],"ingredients":[" Agua, Sacarosa, Glucosa, Acidulante Ácido Cítrico, Dióxido de Carbono, Taurina (0,4%), Regulador de Acidez (Citratos de Sodio), Cafeína (0,03%), Vitaminas (Niacina, Ácido Pantoténico, B6, B12), Aromas, Colorantes (Caramelo, Beta-apo-8?-carotenal (C30), Riboflavina), Estabilizador (Acetato Isobutirato de Sacarosa, Esteres glicéridos de colofonia de madera)."],"ean":"9002490228859"},{"full_name":"RED BULL bebida energética lata 47,3 cl","name":"bebida energética lata 47,3 cl","brand":"RED BULL ","img":"https://sgfm.elcorteingles.es/SGFM/dctm/MEDIA03/201708/31/00118611300460____3__600x600.jpg","price":"1,95 €","price_unit":"(4,12 € / Litro)","categories":["Supermercado","Bebidas","Agua, Refrescos y Zumos","Isotónicas y energéticas","Bebidas energéticas","RED BULL bebida energética lata 47,3 cl"],"general_information":["Denominación del alimento: RB Energy Drink","Nombre del operador: Red Bull GmbH","Dirección del operador: Am Brunnen 1, 5330 Fuschl am See, Austria","Cantidad Neta: 473 Mililitros"],"ingredients":[" Agua, Sacarosa, Glucosa, Acidulante Ácido Cítrico, Dióxido de Carbono, Taurina 0,4%, Regulador de Acidez (Carbonatos de Sodio, Carbonato Magnésico), Cafeína 0,03%, Vitaminas (Niacina, Ácido Pantoténico, B6, B12), Aromas, Colorantes (Caramelo, Riboflavina)"],"ean":"9002490213169"},{"full_name":"RED BULL bebida energética pack 4 latas 35,5 cl","name":"bebida energética pack 4 latas 35,5 cl","brand":"RED BULL ","img":"https://sgfm.elcorteingles.es/SGFM/dctm/MEDIA03/201708/31/00118611301146____2__600x600.jpg","price":"5,05 €","categories":["Supermercado","Bebidas","Agua, Refrescos y Zumos","Isotónicas y energéticas","Bebidas energéticas","RED BULL bebida energética pack 4 latas 35,5 cl"],"general_information":[],"ingredients":[],"ean":"9002490230395"},{"full_name":"RED BULL bebida energética lata 35,5 cl","name":"bebida energética lata 35,5 cl","brand":"RED BULL ","img":"https://sgfm.elcorteingles.es/SGFM/dctm/MEDIA03/201708/31/00118611300601____3__600x600.jpg","price":"1,39 €","price_unit":"(3,92 € / Litro)","categories":["Supermercado","Bebidas","Agua, Refrescos y Zumos","Isotónicas y energéticas","Bebidas energéticas","RED BULL bebida energética lata 35,5 cl"],"general_information":["Denominación del alimento: RB Energy Drink","Nombre del operador: Red Bull GmbH","Dirección del operador: Am Brunnen 1, 5330 Fuschl am See, Austria","Cantidad Neta: 355 Mililitros"],"ingredients":[" Agua, Sacarosa, Glucosa, Acidulante Ácido Cítrico, Dióxido de Carbono, Taurina 0,4%, Regulador de Acidez (Carbonatos de Sodio, Carbonato Magnésico), Cafeína 0,03%, Vitaminas (Niacina, Ácido Pantoténico, B6, B12), Aromas, Colorantes (Caramelo, Riboflavina)"],"ean":"9002490207618"},{"full_name":"RED BULL sugar free bebida energética sin azúcar pack 4 lata 25 cl","name":"sugar free bebida energética sin azúcar pack 4 lata 25 cl","brand":"RED BULL ","img":"https://sgfm.elcorteingles.es/SGFM/dctm/MEDIA03/201708/31/00118611300742____1__600x600.jpg","price":"4,95 €","price_unit":"(19,80 € / Litro)","categories":["Supermercado","Bebidas","Agua, Refrescos y Zumos","Isotónicas y energéticas","Bebidas energéticas","RED BULL sugar free bebida energética sin azúcar pack 4 lata 25 cl"],"general_information":["Denominación del alimento: RB Sugar Free","Nombre del operador: Red Bull GmbH","Dirección del operador: Am Brunnen 1, 5330 Fuschl am See, Austria","Cantidad Neta: 250 Mililitros","Otras menciones obligatorias en la etiqueta: Contiene una fuente de Fenilalanina."],"ingredients":[" Agua, Acidulante Ácido Cítrico, Dióxido de Carbono, Taurina 0,4%, Regulador de Acidez (Carbonatos de Sodio, Carbonato Magnésico), Edulcorantes (Acesulfamo K, Aspartamo), Cafeína 0,03%, Vitaminas (Niacina, Ácido Pantoténico, B6, B12), Aromas, Espesante Goma Xantana, Colorantes (Caramelo, Riboflavina)."],"ean":"9002490200381"},{"full_name":"RED BULL sugar free bebida energética sin azúcar lata 25 cl","name":"sugar free bebida energética sin azúcar lata 25 cl","brand":"RED BULL ","img":"https://sgfm.elcorteingles.es/SGFM/dctm/MEDIA03/201708/31/00118611300494____2__600x600.jpg","price":"1,25 €","price_unit":"(5 € / Litro)","categories":["Supermercado","Bebidas","Agua, Refrescos y Zumos","Isotónicas y energéticas","Bebidas energéticas","RED BULL sugar free bebida energética sin azúcar lata 25 cl"],"general_information":["Denominación del alimento: RB Sugar Free","Nombre del operador: Red Bull GmbH","Dirección del operador: Am Brunnen 1, 5330 Fuschl am See, Austria","Cantidad Neta: 250 Mililitros","Otras menciones obligatorias en la etiqueta: Contiene una fuente de Fenilalanina."],"ingredients":[" Agua, Acidulante Ácido Cítrico, Dióxido de Carbono, Taurina 0,4%, Regulador de Acidez (Carbonatos de Sodio, Carbonato Magnésico), Edulcorantes (Acesulfamo K, Aspartamo), Cafeína 0,03%, Vitaminas (Niacina, Ácido Pantoténico, B6, B12), Aromas, Espesante Goma Xantana, Colorantes (Caramelo, Riboflavina)."],"ean":"0000090162800"},{"full_name":"MONSTER Green bebida energética con taurina y ginseng Pack 6 latas 50 cl","name":"Green bebida energética con taurina y ginseng Pack 6 latas 50 cl","brand":"MONSTER ","img":"https://sgfm.elcorteingles.es/SGFM/dctm/MEDIA02/CONTENIDOS/201505/13/00200511301038____1__600x600.jpg","price":"6,38 €","price_unit":"(12,76 € / Litro)","categories":["Supermercado","Bebidas","Agua, Refrescos y Zumos","Isotónicas y energéticas","Bebidas energéticas","MONSTER Green bebida energética con taurina y ginseng Pack 6 latas 50 cl"],"general_information":["Denominación del alimento: Bebida energética","País de origen: Estados Unidos","Nombre del operador: Osborne Distribuidora, S.A.","Dirección del operador: C/Fernan Caballero, 7 - 11500 El Puerto de Santa María (Cádiz)","Cantidad Neta: 3000 Mililitros","Otras menciones obligatorias en la etiqueta: ALTO CONTENIDO DE CAFEINA (32 mg/100ml). NO RECOMENDADO PARA NIÑOS, MUJERES EMBARAZADAS O EN PERIODO DE LACTANCIA, O PERSONAS SENSIBLES A LA CAFEÍNA"],"ingredients":[" Agua Carbonatada, Sacarosa, Jarabe de Glucosa, Ácido cítrico, Aromas naturales, Taurina (0,4%), Regulador de la acidez (Citrato Sódico), Colorantes (Antocianina E163), Extracto de raíz de Panax Ginseng (0,08%), L-Carnitina L-Tartrata (0,04%), Cafeína (0,03%), Conservantes (Ácido Sórbico, Ácido benzoico), Vitaminas  (B2, B3, B6, B12), Cloruro sódico, D-Glucoronolactona, Inositol , Extracto de semilla de guaraná (0,002%), Edulcorantes (Sucralosa), Malto dextrina"],"conservation":" Mantener en lugar fresco y seco.","ean":"5060335633613"},{"full_name":"MONSTER Green bebida energética con taurina y ginseng pack 4 latas 50 cl","name":"Green bebida energética con taurina y ginseng pack 4 latas 50 cl","brand":"MONSTER ","img":"https://sgfm.elcorteingles.es/SGFM/00/45/2/0118611300452/0118611300452000g01011.jpg","price":"4,14 €","price_unit":"(2,07 € / Litro)","categories":["Supermercado","Bebidas","Agua, Refrescos y Zumos","Isotónicas y energéticas","Bebidas energéticas","MONSTER Green bebida energética con taurina y ginseng pack 4 latas 50 cl"],"general_information":["Denominación del alimento: Bebida energética","País de origen: Estados Unidos","Nombre del operador: Osborne Distribuidora, S.A.","Dirección del operador: C/Fernan Caballero, 7 - 11500 El Puerto de Santa María (Cádiz)","Cantidad Neta: 2000 Mililitros","Otras menciones obligatorias en la etiqueta: ALTO CONTENIDO DE CAFEINA (32 mg/100ml). NO RECOMENDADO PARA NIÑOS, MUJERES EMBARAZADAS O EN PERIODO DE LACTANCIA, O PERSONAS SENSIBLES A LA CAFEÍNA"],"ingredients":[" Agua Carbonatada, Sacarosa, Jarabe de Glucosa, Ácido cítrico, Aromas naturales, Taurina (0,4%), Regulador de la acidez (Citrato Sódico), Colorantes (Antocianina E163), Extracto de raíz de Panax Ginseng (0,08%), L-Carnitina L-Tartrata (0,04%), Cafeína (0,03%), Conservantes (Ácido Sórbico, Ácido benzoico), Vitaminas  (B2, B3, B6, B12), Cloruro sódico, D-Glucoronolactona, Inositol , Extracto de semilla de guaraná (0,002%), Edulcorantes (Sucralosa), Malto dextrina"],"conservation":" Mantener en lugar fresco y seco.","ean":"5060166697976"},{"full_name":"MONSTER Green bebida energética con taurina y ginseng lata 55,3 cl","name":"Green bebida energética con taurina y ginseng lata 55,3 cl","brand":"MONSTER ","img":"https://sgfm.elcorteingles.es/SGFM/dctm/MEDIA03/201602/29/00118611301070____1__600x600.jpg","price":"1,76 €","price_unit":"(3,18 € / Litro)","categories":["Supermercado","Bebidas","Agua, Refrescos y Zumos","Isotónicas y energéticas","Bebidas energéticas","MONSTER Green bebida energética con taurina y ginseng lata 55,3 cl"],"general_information":[],"ingredients":[],"ean":"5060335634214"},{"full_name":"MONSTER Green bebida energética con taurina y ginseng lata 50 cl","name":"Green bebida energética con taurina y ginseng lata 50 cl","brand":"MONSTER ","img":"https://sgfm.elcorteingles.es/SGFM/dctm/MEDIA03/201706/15/00118611300650____1__600x600.jpg","price":"1,24 €","price_unit":"(2,48 € / Litro)","categories":["Supermercado","Bebidas","Agua, Refrescos y Zumos","Isotónicas y energéticas","Bebidas energéticas","MONSTER Green bebida energética con taurina y ginseng lata 50 cl"],"general_information":["Denominación del alimento: Bebida energética carbonatada con Taurina, Ginseng, L-Carnitina y Vitaminas del Grupo B. Con Azúcares y Edulcorantes","Nombre del operador: CC European Partners Iberia, S.L.U.","Dirección del operador: C/Ribera del Loira 20-22, 28042 - Madrid (España).","Cantidad Neta: 0.50 Litros","Otras menciones obligatorias en la etiqueta: Contenido elevado de cafeína. No recomendado para niños ni mujeres embarazadas o en período de lactancia o personas sensibles a la caféina (32 mg/ 100 ml). Consumir moderadamente."],"ingredients":[" Agua Carbonatada, Sacarosa, Jarabe de Glucosa, Acidulante (Ácido Crítico), Aromas naturales, Taurina (0,4%), Corrector de Acidez (Citratos de Sodio), Extracto de raíz de Panax Ginseng (0,08%), L-Carnitina, L-Tartrata (0,04%), Cafeína (0,03%), Conservantes (Ácido Sórbico, Ácido Benzoico) Colorante (Antocianinas), Vitaminas (B2, B3, B6, B12), Cloruro Sódico, D-Glucoronalactona, Extracto de semilla de guaraná (0,002%), Inositol, Edulcorante (Sucralosa)."],"conservation":" Proteger de la luz solar. Preservar de olores agresivos. Conservar en lugar limpio, fresco y seco.","ean":"5060166690380"},{"full_name":"MONSTER Ripper bebida energética con taurina y ginseng lata 50 cl","name":"Ripper bebida energética con taurina y ginseng lata 50 cl","brand":"MONSTER ","img":"https://sgfm.elcorteingles.es/SGFM/00/66/8/0118611300668/0118611300668000g01011.jpg","price":"1,24 €","price_unit":"(2,48 € / Litro)","categories":["Supermercado","Bebidas","Agua, Refrescos y Zumos","Isotónicas y energéticas","Bebidas energéticas","MONSTER Ripper bebida energética con taurina y ginseng lata 50 cl"],"general_information":["Denominación del alimento: Bebida energética carbonatada con zumo de frutas. Con Taurina, Ginseng, L-Carnitina y Vitaminas del Grupo B. Con Azucares y Edulcorante","Nombre del operador: CC European Partners Iberia, S.L.U.","Dirección del operador: C/Ribera del Loira 20-22, 28042 - Madrid (España).","Cantidad Neta: 0.50 Litros","Otras menciones obligatorias en la etiqueta: Contenido elevado de cafeína. No recomendado para niños ni mujeres embarazadas o en período de lactancia o personas sensibles a la caféina (32 mg/ 100 ml). Consumir moderadamente."],"ingredients":[" Agua Carbonatada, Sacarosa, Zumo de frutas a base de concentrado (20%)  (Una combinación de Manzana, Guayaba, Granadilla, Piña, Naranja y Limón), Jarabe de Glucosa, Aromas, Taurina (0,4%), Acidulante (Ácido cítrico), Corrector de la acidez (Citrato de Potasio, Citratos de Sodio), Extracto de raíz de Panax Ginseng (0,08%),  Conservantes (Sorbato Potasio), Cafeína (0,03%), Antioxidante (Ácido Ascórbico), Vitaminas  (B2, B3, B6, B12), Edulcorante (Sucralosa), L-Carnitina, L-Tartrata (0,004%), Cloruro sódico, Colorantes (E150c), D-Glucoronolactona, Extracto de semilla de guaraná (0,002%), Inositol, Maltodextrina"],"conservation":" Proteger de la luz solar. Preservar de olores agresivos. Conservar en lugar limpio, fresco y seco.","ean":"5060166690427"},{"full_name":"MONSTER Lo-Carb bebida energética con taurina y ginseng lata 50 cl","name":"Lo-Carb bebida energética con taurina y ginseng lata 50 cl","brand":"MONSTER ","img":"https://sgfm.elcorteingles.es/SGFM/00/67/6/0118611300676/0118611300676000g01011.jpg","price":"1,24 €","price_unit":"(2,48 € / Litro)","categories":["Supermercado","Bebidas","Agua, Refrescos y Zumos","Isotónicas y energéticas","Bebidas energéticas","MONSTER Lo-Carb bebida energética con taurina y ginseng lata 50 cl"],"general_information":["Denominación del alimento: Bebida energética","País de origen: Estados Unidos","Nombre del operador: Osborne Distribuidora, S.A.","Dirección del operador: C/Fernan Caballero, 7 - 11500 El Puerto de Santa María (Cádiz)","Cantidad Neta: 500 Mililitros","Otras menciones obligatorias en la etiqueta: ALTO CONTENIDO DE CAFEINA (32 mg/100ml). NO RECOMENDADO PARA NIÑOS, MUJERES EMBARAZADAS O EN PERIODO DE LACTANCIA, O PERSONAS SENSIBLES A LA CAFEÍNA"],"ingredients":[" Agua Carbonatada, Acidulante (Ácido citrico), Aromas, Taurina (0,4%), Regulador de la acidez (Citrato Sódico), Extracto de raíz de Panax, Ginseng (0,08%), L-Carnitina L-Tartrata (0,04%), Cafeína (0,03%), Edulcorantes (Sucralosa, Acesulfame K), Conservantes (Ácido Sórbico, Ácido Benzóico), Vitaminas  (B2, B3, B6, B12), Colorantes (Antocianinas), Cloruro sódico, D-Glucoronolactona, Extracto de semilla de guaraná (0,002%), Inositol"],"conservation":" Mantener en lugar fresco y seco.","ean":"5060335632272"},{"full_name":"MONSTER THE DOCTOR VR 46 bebida energética lata 50 cl","name":"THE DOCTOR VR 46 bebida energética lata 50 cl","brand":"MONSTER ","img":"https://sgfm.elcorteingles.es/SGFM/dctm/MEDIA02/CONTENIDOS/201501/22/00118611300957____1__600x600.jpg","price":"1,24 €","price_unit":"(2,48 € / Litro)","categories":["Supermercado","Bebidas","Agua, Refrescos y Zumos","Isotónicas y energéticas","Bebidas energéticas","MONSTER THE DOCTOR VR 46 bebida energética lata 50 cl"],"general_information":["Denominación del alimento: Bebida energética","País de origen: Estados Unidos","Nombre del operador: Osborne Distribuidora, S.A.","Dirección del operador: C/Fernan Caballero, 7 - 11500 El Puerto de Santa María (Cádiz)","Cantidad Neta: 500 Mililitros","Otras menciones obligatorias en la etiqueta: ALTO CONTENIDO DE CAFEINA (32 mg/100ml). NO RECOMENDADO PARA NIÑOS, MUJERES EMBARAZADAS O EN PERIODO DE LACTANCIA, O PERSONAS SENSIBLES A LA CAFEÍNA"],"ingredients":[" Agua carbonatada, Sacarosa, Zumo de frutas a base de concentrados (4%) (Naranja, Limón), Jarabe de Glucosa, Limón de Celulosa, Aromas naturales, Taurina (0,4%), Correctores de acidez (Lactado Cálcico, Citrato de Sodio), Acidulantes (Ácido Cítrico, Ácido Ascórbico), Extracto de raíz de Panax Ginseng (0,08%), Conservante (Sorbato de Potasio), Cafeína (0,03%), Vitaminas  (B2, B3, B6, B12), L-Carnitina L-Tartrata (0,004%), Edulcorante (Sucralosa), Cloruro sódico, D-Glucoronolactona, Extracto de semilla de guaraná (0,002%), Inositol"],"conservation":" Mantener en lugar fresco y seco.","ean":"5060335632746"},{"full_name":"MONSTER Ultra White bebida energética con taurina y ginseng lata 50 cl","name":"Ultra White bebida energética con taurina y ginseng lata 50 cl","brand":"MONSTER ","img":"https://sgfm.elcorteingles.es/SGFM/dctm/MEDIA03/201606/15/00118611301153____2__600x600.jpg","price":"1,24 €","price_unit":"(2,48 € / Litro)","categories":["Supermercado","Bebidas","Agua, Refrescos y Zumos","Isotónicas y energéticas","Bebidas energéticas","MONSTER Ultra White bebida energética con taurina y ginseng lata 50 cl"],"general_information":["Denominación del alimento: Bebida energética carbonatada con Taurina, Ginseng, L-Carnitina y Vitaminas del Grupo B. Con Edulcorantes","Nombre del operador: CC European Partners Iberia, S.L.U.","Dirección del operador: C/Ribera del Loira 20-22, 28042 - Madrid (España).","Cantidad Neta: 0.50 Litros","Otras menciones obligatorias en la etiqueta: Contenido elevado de cafeína. No recomendado para niños ni mujeres embarazadas o en período de lactancia (32 mg/ 100 ml). Consumir moderadamente. Sin Azúcar"],"ingredients":[" Agua Carbonatada, - Acidulante (Ácido Cítrico), Taurina (0,4%), Corrector de acidez (Citratos de Sodio), Aromas, Extracto de raíz de Panax Ginseng (0,08%), Edulcorantes  (Sucralosa, Acesulfame K), Cafeína (0,03%),  Conservantes (Ácido Sórbico, Ácido Benzoico), L-Carnitina L-Tartrata (0,015%), Vitaminas  (B3, B5, B6, B12), Cloruro sódico, D-Glucoronolactona, Extracto de semilla de guaraná (0,002%), Inositol"],"conservation":" Proteger de la luz solar. Preservar de olores agresivos. Conservar en lugar limpio, fresco y seco.","ean":"5060337501316"},{"full_name":"MONSTER Ultra Sunrise bebida energética sabor naranja con taurina y ginseng lata 50 cl","name":"Ultra Sunrise bebida energética sabor naranja con taurina y ginseng lata 50 cl","brand":"MONSTER ","img":"https://sgfm.elcorteingles.es/SGFM/dctm/MEDIA03/201606/15/00118611301161____2__600x600.jpg","price":"1,24 €","price_unit":"(2,48 € / Litro)","categories":["Supermercado","Bebidas","Agua, Refrescos y Zumos","Isotónicas y energéticas","Bebidas energéticas","MONSTER Ultra Sunrise bebida energética sabor naranja con taurina y ginseng lata 50 cl"],"general_information":["Denominación del alimento: Bebida energética carbonatada con Taurina, Ginseng, L-Carnitina y Vitaminas del Grupo B. Con Edulcorantes","Nombre del operador: CC European Partners Iberia, S.L.U.","Dirección del operador: C/Ribera del Loira 20-22, 28042 - Madrid (España).","Cantidad Neta: 0.50 Litros","Otras menciones obligatorias en la etiqueta: Contenido elevado de cafeína. No recomendado para niños ni mujeres embarazadas o en período de lactancia (32 mg/ 100 ml). Consumir moderadamente. Sin Azúcar"],"ingredients":[" Agua Carbonatada, Aromas, Fruta del Limón, Acidulante (Ácido Cítrico), Taurina (0,4%),  Corrector de acidez (Lactado de Calcio, Citratos de Sodio), Extracto de raíz de Panax Ginseng (0,08%), Conservantes (Sorbato Potassio), Antioxidante (Ácido Ascórbico),  Cafeína (0,03%), Edulcorantes  (Sucralosa, Acesulfame K), L-Carnitina L-Tartrata (0,015%), Vitaminas  (B3, B5, B6, B12),  Colorante (Carotenos), Cloruro sódico, D-Glucoronolactona, Extracto de semilla de guaraná (0,002%), Inositol"],"conservation":" Proteger de la luz solar. Preservar de olores agresivos. Conservar en lugar limpio, fresco y seco.","ean":"5060337501507"},{"full_name":"MONSTER Ultra Red bebida energética sabor arándanos con taurina y ginseng lata 50 cl","name":"Ultra Red bebida energética sabor arándanos con taurina y ginseng lata 50 cl","brand":"MONSTER ","img":"https://sgfm.elcorteingles.es/SGFM/dctm/MEDIA03/201606/15/00118611301179____2__600x600.jpg","price":"1,24 €","price_unit":"(2,48 € / Litro)","categories":["Supermercado","Bebidas","Agua, Refrescos y Zumos","Isotónicas y energéticas","Bebidas energéticas","MONSTER Ultra Red bebida energética sabor arándanos con taurina y ginseng lata 50 cl"],"general_information":["Denominación del alimento: Bebida energética carbonatada con Taurina, Ginseng, L-Carnitina y Vitaminas del Grupo B. Con Edulcorantes","Nombre del operador: CC European Partners Iberia, S.L.U.","Dirección del operador: C/Ribera del Loira 20-22, 28042 - Madrid (España).","Cantidad Neta: 0.50 Litros","Otras menciones obligatorias en la etiqueta: Contenido elevado de cafeína. No recomendado para niños ni mujeres embarazadas o en período de lactancia (32 mg/ 100 ml). Consumir moderadamente. Sin Azúcar"],"ingredients":[" Agua Carbonatada, Acidulante (Ácido Cítrico), Taurina (0,4%), Corrector de acidez (Citratos de Sodio), Extracto de raíz de Panax Ginseng (0,08%), Conservantes (Sorbato Potassio, Benzonato de Sodio), Edulcorantes  (Sucralosa, Acesulfame K), Aromas, Cafeína (0,03%), Espesante (Pectinas), Estabilizadores (Goma Arábica, Èsteres Gliceridos de Madera Colofonia), L-Carnitina L-Tartrata (0,015%),  Vitaminas  (B3, B5, B6, B12), Cloruro sódico,  Colorante (E 120), D-Glucoronolactona, Extracto de semilla de guaraná (0,002%), Inositol"],"conservation":" Proteger de la luz solar. Preservar de olores agresivos. Conservar en lugar limpio, fresco y seco.","ean":"5060337501378"},{"full_name":"BURN bebida energética con manzana y kiwi lata 50 cl","name":"bebida energética con manzana y kiwi lata 50 cl","brand":"BURN ","img":"https://sgfm.elcorteingles.es/SGFM/dctm/MEDIA03/201607/19/00118611301195____1__600x600.jpg","price":"0,87 €","price_unit":"(1,74 € / Litro)","categories":["Supermercado","Bebidas","Agua, Refrescos y Zumos","Isotónicas y energéticas","Bebidas energéticas","BURN bebida energética con manzana y kiwi lata 50 cl"],"general_information":[],"ingredients":[],"ean":"5060466513419"},{"full_name":"BURN Lemon Ice bebida energética con limón lata 50 cl","name":"Lemon Ice bebida energética con limón lata 50 cl","brand":"BURN ","img":"https://sgfm.elcorteingles.es/SGFM/dctm/MEDIA03/201607/19/00118611301187____1__600x600.jpg","price":"0,87 €","price_unit":"(1,74 € / Litro)","categories":["Supermercado","Bebidas","Agua, Refrescos y Zumos","Isotónicas y energéticas","Bebidas energéticas","BURN Lemon Ice bebida energética con limón lata 50 cl"],"general_information":[],"ingredients":[],"ean":"5060466513440"},{"full_name":"BURN bebida energética original lata 50 cl","name":"bebida energética original lata 50 cl","brand":"BURN ","img":"https://sgfm.elcorteingles.es/SGFM/dctm/MEDIA03/201607/19/00118611300767____2__600x600.jpg","price":"0,87 €","price_unit":"(1,74 € / Litro)","categories":["Supermercado","Bebidas","Agua, Refrescos y Zumos","Isotónicas y energéticas","Bebidas energéticas","BURN bebida energética original lata 50 cl"],"general_information":[],"ingredients":[],"ean":"5060466513389"},{"full_name":"BURN Blue Refresh Zero bebida energética baja en calorías lata 50 cl","name":"Blue Refresh Zero bebida energética baja en calorías lata 50 cl","brand":"BURN ","img":"https://sgfm.elcorteingles.es/SGFM/dctm/MEDIA03/201607/19/00118611300908____2__600x600.jpg","price":"0,87 €","price_unit":"(1,74 € / Litro)","categories":["Supermercado","Bebidas","Agua, Refrescos y Zumos","Isotónicas y energéticas","Bebidas energéticas","BURN Blue Refresh Zero bebida energética baja en calorías lata 50 cl"],"general_information":[],"ingredients":[],"ean":"5060466513471"},{"full_name":"ROCKSTAR bebida energética lata 50 cl","name":"bebida energética lata 50 cl","brand":"ROCKSTAR ","img":"https://sgfm.elcorteingles.es/SGFM/dctm/MEDIA03/201702/13/00118611300825____1__600x600.jpg","price":"1,16 €            ","price_unit":"(2 € / Litro)","categories":["Supermercado","Bebidas","Agua, Refrescos y Zumos","Isotónicas y energéticas","Bebidas energéticas","ROCKSTAR bebida energética lata 50 cl"],"general_information":["Denominación del alimento: Bebida energética ligeramente carbonatada. Contenido elevado de cafeína (32 mg/100ml)","Nombre del operador: Compañía de Bebidas Pepsico S.L.","Dirección del operador: Avda. de los Olmos, 2, 01013 - Vitoria","Cantidad Neta: 500 Mililitros","Otras menciones obligatorias en la etiqueta: Contenido elevado de cafeína:no recomendado para niños ni mujeres embarazadas o en período de lactancia (32 mg/100 ml). Consumir de manera responsable."],"ingredients":[" Agua carbonatada, azúcar, dextrosa, acidulante: E-330, taurina (4 g/L), corrector de acidez: E-331, aroma, cafeína (32 mg/100ml), glucuronolactona (240 mg/L), colorantes: E-150c y E-101, extracto de ginseng (100 mg/L), extracto de guaraná (100 mg/L), inositol (100 mg/L), vitaminas: niacina, vitamina B6 y vitamina B12."],"conservation":" Proteger de la luz solar y de olores agresivos. No congelar. Conservar en lugar limpio, fresco y seco. Evitar el contacto directo con el suelo.","ean":"8410409012498"},{"full_name":"ROCKSTAR bebida energética con guava lata 50 cl","name":"bebida energética con guava lata 50 cl","brand":"ROCKSTAR ","img":"https://sgfm.elcorteingles.es/SGFM/00/83/3/0118611300833/0118611300833000g01011.jpg","price":"1,16 €            ","price_unit":"(2 € / Litro)","categories":["Supermercado","Bebidas","Agua, Refrescos y Zumos","Isotónicas y energéticas","Bebidas energéticas","ROCKSTAR bebida energética con guava lata 50 cl"],"general_information":["Denominación del alimento: Bebida energética ligeramente carbonatada. Contenido elevado de cafeína (32 mg/100ml)","Nombre del operador: Compañía de Bebidas Pepsico S.L.","Dirección del operador: Avda. de los Olmos, 2, 01013 - Vitoria","Cantidad Neta: 500 Mililitros","Otras menciones obligatorias en la etiqueta: Contenido elevado de cafeína:no recomendado para niños ni mujeres embarazadas o en período de lactancia (32 mg/100 ml). Consumir de manera responsable."],"ingredients":[" Agua carbonatada, azúcar, acidulante: E-330, taurina (4 g/L), aroma, corrector de acidez: E-331, concentrado de zanahoria, cafeína (32 mg/100 ml), glucuronolactona (240 mg/L), extracto de cártamo, extracto de ginseng (100 mg/L), extracto de guaraná (100 mg/L), inositol (100 mg/L), estabilizantes: E-414 y E-445, vitaminas: niacina, vitamina B6 y vitamina B12."],"conservation":" Proteger de la luz solar y de olores agresivos. No congelar. Conservar en lugar limpio, fresco y seco. Evitar el contacto directo con el suelo.","ean":"8410409012474"},{"full_name":"ROCKSTAR XDURANCE bebida energética lata 50 cl","name":"XDURANCE bebida energética lata 50 cl","brand":"ROCKSTAR ","img":"https://sgfm.elcorteingles.es/SGFM/dctm/MEDIA03/201702/16/00118611300841____1__600x600.jpg","price":"1,16 €            ","price_unit":"(2 € / Litro)","categories":["Supermercado","Bebidas","Agua, Refrescos y Zumos","Isotónicas y energéticas","Bebidas energéticas","ROCKSTAR XDURANCE bebida energética lata 50 cl"],"general_information":["Denominación del alimento: Bebida energética ligeramente carbonatada. Contenido elevado de cafeína (32 mg/100ml)","Nombre del operador: Compañía de Bebidas Pepsico S.L.","Dirección del operador: Avda. de los Olmos, 2, 01013 - Vitoria","Cantidad Neta: 500 Mililitros","Otras menciones obligatorias en la etiqueta: Contenido elevado de cafeína:no recomendado para niños ni mujeres embarazadas o en período de lactancia (32 mg/100 ml). Consumir de manera responsable."],"ingredients":[" Agua carbonatada, azúcar, concentrado de zanahoria, acidulantes: E-330, E-270 y E-296, aroma, extracto de té verde (590 mg/L), cafeína (32 mg/100 ml), antioxidante: E-300, taurina (200 mg/L), corrector de acidez: E-340 (140 mg/L), extracto de guaraná (100 mg/L), vitaminas: niacina, vitamina E y vitamina B6."],"conservation":" Proteger de la luz solar y de olores agresivos. No congelar. Conservar en lugar limpio, fresco y seco. Evitar el contacto directo con el suelo.","ean":"8410409013570"},{"full_name":"IRN BRU bebida energética sin azúcar lata 33 cl","name":"bebida energética sin azúcar lata 33 cl","brand":"IRN BRU ","img":"https://sgfm.elcorteingles.es/SGFM/dctm/MEDIA03/201704/06/00118611301203____1__600x600.jpg","price":"1,09 €","price_unit":"(3,30 € / Litro)","categories":["Supermercado","Bebidas","Agua, Refrescos y Zumos","Isotónicas y energéticas","Bebidas energéticas","IRN BRU bebida energética sin azúcar lata 33 cl"],"general_information":[],"ingredients":[],"ean":"0000050107223"},{"full_name":"RED BULL Summer Edition bebida energética sabor naranja lata 25 cl","name":"Summer Edition bebida energética sabor naranja lata 25 cl","brand":"RED BULL ","img":"https://sgfm.elcorteingles.es/SGFM/dctm/MEDIA03/201708/31/00118611301229____2__600x600.jpg","price":"1,25 €","price_unit":"(5 € / Litro)","categories":["Supermercado","Bebidas","Agua, Refrescos y Zumos","Isotónicas y energéticas","Bebidas energéticas","RED BULL Summer Edition bebida energética sabor naranja lata 25 cl"],"general_information":["Denominación del alimento: RB OrangeEdition","Nombre del operador: Red Bull GmbH","Dirección del operador: Am Brunnen 1, 5330 Fuschl am See, Austria","Cantidad Neta: 250 Mililitros"],"ingredients":[" Agua, Sacarosa, Glucosa, Acidulante (Ácido Cítrico), Dióxido de Carbono, Taurina (0,4%), Correctores de la acidez (Citratos de sodio), Cafeína (0,03%), Vitaminas (Niacina, Ácido Pantoténico, B6, B12), Aromas, Colorantes (Caramelo, Beta-apo-8?-carotenal (C30), Riboflavina),Antioxidante(Acido ascorbico)"],"ean":"9002490233570"}]