[{"full_name":"EL CORTE INGLES leche condensada lata 740 g","name":"leche condensada lata 740 g","brand":"EL CORTE INGLES ","img":"https://sgfm.elcorteingles.es/SGFM/dctm/MEDIA03/201702/10/00120911200564____6__600x600.jpg","price":"1,47 €","price_unit":"(1,99 € / Kilo)","categories":["Supermercado","Lácteos","Leche condensada, evaporada, polvo","Leche condensada","EL CORTE INGLES leche condensada lata 740 g"],"general_information":["Denominación del alimento: LECHE CONDENSADA.                                                MATERIA GRASA: 8%. EXTRACTO SECO\n MAGRO LACTEO: 20%","Nombre del operador: Elaborado para El Corte Inglés por\nGrupo Delifactory, S.L.\nCtra.Logroño, 92. 50180 Utebo ( Zaragoza)\nEspaña","Lugar de procedencia del alimento: Origen ESPAÑA","Cantidad Neta: 740 g","Número de raciones por envase: 21"],"ingredients":[" Ingredientes: \n\nLeche y azúcar."],"conservation":" Una vez abierto el envase, conservar tapado en el frigorífico y consumir antes de 3 semanas.","ean":"8433329069281"},{"full_name":"EL CORTE INGLES leche condensada lata 370 g","name":"leche condensada lata 370 g","brand":"EL CORTE INGLES ","img":"https://sgfm.elcorteingles.es/SGFM/dctm/MEDIA03/201702/10/00120911200556____6__600x600.jpg","price":"1,02 €","price_unit":"(2,76 € / Kilo)","categories":["Supermercado","Lácteos","Leche condensada, evaporada, polvo","Leche condensada","EL CORTE INGLES leche condensada lata 370 g"],"general_information":["Denominación del alimento: LECHE CONDENSADA.                                                MATERIA GRASA: 8%. EXTRACTO SECO\n MAGRO LACTEO: 20%","Nombre del operador: Elaborado para El Corte Inglés por\nGrupo Delifactory, S.L.\nCtra.Logroño, 92. 50180 Utebo ( Zaragoza)\nEspaña","Lugar de procedencia del alimento: Origen ESPAÑA","Cantidad Neta: 370 g","Número de raciones por envase: 11"],"ingredients":[" Ingredientes: \n\nLeche y azúcar."],"conservation":" Una vez abierto el envase, conservar tapado en el frigorífico y consumir antes de 3 semanas.","ean":"8433329069274"},{"full_name":"EL CORTE INGLES leche condensada sirvefácil envase 450 g","name":"leche condensada sirvefácil envase 450 g","brand":"EL CORTE INGLES ","img":"https://sgfm.elcorteingles.es/SGFM/dctm/MEDIA03/201702/23/00120911200572____6__600x600.jpg","price":"1,41 €","price_unit":"(3,13 € / Kilo)","categories":["Supermercado","Lácteos","Leche condensada, evaporada, polvo","Leche condensada","EL CORTE INGLES leche condensada sirvefácil envase 450 g"],"general_information":["Denominación del alimento: LECHE CONDENSADA. \nMATERIA GRASA: 8%. EXTRACTO SECO MAGRO LACTEO: 20%","Nombre del operador: Elaborado para El Corte Inglés por\nGrupo Delifactory, S.L.\nCtra.Logroño, 92. 50180 Utebo ( Zaragoza)\nEspaña","Lugar de procedencia del alimento: Origen ESPAÑA","Cantidad Neta: 450 g","Número de raciones por envase: 13"],"ingredients":[" Ingredientes: \n\nLeche y azúcar."],"conservation":" Una vez abierto el envase, conservar tapado en el frigorífico y consumir antes de 3 semanas. Envasado en atmósfera protectora","ean":"8433329069298"},{"full_name":"EL CORTE INGLES leche condensada desnatada sirvefácil envase 450 g","name":"leche condensada desnatada sirvefácil envase 450 g","brand":"EL CORTE INGLES ","img":"https://sgfm.elcorteingles.es/SGFM/dctm/MEDIA03/201702/23/00120911200580____6__600x600.jpg","price":"1,52 €","price_unit":"(3,38 € / Kilo)","categories":["Supermercado","Lácteos","Leche condensada, evaporada, polvo","Leche condensada","EL CORTE INGLES leche condensada desnatada sirvefácil envase 450 g"],"general_information":["Denominación del alimento: LECHE CONDENSADA DESNATADA.                                                MATERIA GRASA: 1% máximo. EXTRACTO SECO\n MAGRO LACTEO: 23% mínimo.","Nombre del operador: Elaborado para El Corte Inglés por\nGrupo Delifactory, S.L.\nCtra.Logroño, 92. 50180 Utebo ( Zaragoza)\nEspaña","Lugar de procedencia del alimento: Origen ESPAÑA","Cantidad Neta: 450 g","Número de raciones por envase: 13"],"ingredients":[" Ingredientes: \n\nLeche desnatada y azúcar."],"conservation":" Una vez abierto el envase, conservar tapado en el frigorífico y consumir antes de 3 semanas. Envasado en atmósfera protectora","ean":"8433329069304"},{"full_name":"LA LECHERA leche condensada tubo 170 g","name":"leche condensada tubo 170 g","brand":"LA LECHERA ","img":"https://sgfm.elcorteingles.es/SGFM/dctm/MEDIA03/201606/22/00200411200173____1__600x600.jpg","price":"1,07 €","price_unit":"(6,29 € / Kilo)","categories":["Supermercado","Lácteos","Leche condensada, evaporada, polvo","Leche condensada","LA LECHERA leche condensada tubo 170 g"],"general_information":["Denominación del alimento: Leche condensada. Materia grasa 8.5%. Extracto seco magro lácteo 20%","Nombre del operador: Nestlé España, S.A.","Dirección del operador: Avinguda Països Catalans, 51 - 08950 Esplugues de Llobregat (Barcelona)","Cantidad Neta: 170 g"],"ingredients":[" Leche, azúcar"],"conservation":" Una vez abierto conservar tapado en el frigorífico, y consumir antes de 7 días.","ean":"8410100000220"},{"full_name":"LA LECHERA leche condensada envase 740 g","name":"leche condensada envase 740 g","brand":"LA LECHERA ","img":"https://sgfm.elcorteingles.es/SGFM/dctm/MEDIA03/201606/22/00120911200085____3__600x600.jpg","price":"2,29 €","price_unit":"(3,09 € / Kilo)","categories":["Supermercado","Lácteos","Leche condensada, evaporada, polvo","Leche condensada","LA LECHERA leche condensada envase 740 g"],"general_information":["Denominación del alimento: Leche condensada. Materia grasa 8,5%. Extracto seco magro lácteo 20,5 %.","Nombre del operador: Nestlé España, S.A.","Dirección del operador: NESTLÉ ESPAÑA S.A. ? Av. Països Catalans, 25 ? 51 ? 08950 ? Esplugues de Llobregat (Barcelona)","Cantidad Neta: 740 g"],"ingredients":[" Leche, azúcar, lactosa."],"ean":"8410100000152"},{"full_name":"LA LECHERA leche condensada desnatada bote 740 g","name":"leche condensada desnatada bote 740 g","brand":"LA LECHERA ","img":"https://sgfm.elcorteingles.es/SGFM/dctm/MEDIA03/201606/22/00120911200374____1__600x600.jpg","price":"2,29 €","price_unit":"(3,09 € / Kilo)","categories":["Supermercado","Lácteos","Leche condensada, evaporada, polvo","Leche condensada","LA LECHERA leche condensada desnatada bote 740 g"],"general_information":["Denominación del alimento: Leche condensada desnatada. Extracto seco magro lácteo 24%.","Nombre del operador: Nestlé España, S.A.","Dirección del operador: NESTLÉ ESPAÑA S.A. ? Av. Països Catalans, 25 ? 51 ? 08950 ? Esplugues de Llobregat (Barcelona)","Cantidad Neta: 740 g","Otras menciones obligatorias en la etiqueta: Envasado en atmósfera protectora"],"ingredients":[" Leche desnatada, azúcar, lactosa."],"conservation":" Una vez abierto conservar tapado en el frigorífico, y consumir antes de 3-4 días","ean":"7613032224042"},{"full_name":"LA LECHERA leche condensada sirve fácil bote 450 g","name":"leche condensada sirve fácil bote 450 g","brand":"LA LECHERA ","img":"https://sgfm.elcorteingles.es/SGFM/dctm/MEDIA03/201711/07/00120911200051____9__600x600.jpg","price":"2,20 €","price_unit":"(4,89 € / Kilo)","categories":["Supermercado","Lácteos","Leche condensada, evaporada, polvo","Leche condensada","LA LECHERA leche condensada sirve fácil bote 450 g"],"general_information":["Denominación del alimento: Leche condensada. Materia grasa 8,5 %. Extracto seco magro lácteo 20,5 %.","Nombre del operador: Nestlé España, S.A.","Dirección del operador: NESTLÉ ESPAÑA S.A. ? Av. Països Catalans, 25 ? 51 ? 08950 ? Esplugues de Llobregat (Barcelona)","Cantidad Neta: 500 g"],"ingredients":[" Leche, azúcar, lactosa."],"conservation":" Una vez abierto conservar tapado en el frigorífico, y consumir antes de 2 semanas","ean":"8410100002309"},{"full_name":"LA LECHERA leche condensada desnatada sirve fácil envase 450 g","name":"leche condensada desnatada sirve fácil envase 450 g","brand":"LA LECHERA ","img":"https://sgfm.elcorteingles.es/SGFM/dctm/MEDIA03/201711/07/00120911200168____2__600x600.jpg","price":"2,20 €","price_unit":"(4,89 € / Kilo)","categories":["Supermercado","Lácteos","Leche condensada, evaporada, polvo","Leche condensada","LA LECHERA leche condensada desnatada sirve fácil envase 450 g"],"general_information":["Denominación del alimento: Leche condensada. Extracto seco magro lácteo: 24%. Materia grasa: 0,2%.","Nombre del operador: Nestlé España, S.A.","Dirección del operador: Av. Països Catalans, 25-51 08950 Esplugues de Llobregat (Barcelona)","Cantidad Neta: 450 g","Otras menciones obligatorias en la etiqueta: Envasado en atmósfera protectora"],"ingredients":[" Ingredientes: Leche desnatada, azúcar, lactosa."],"ean":"8410100002026"},{"full_name":"LA LECHERA leche condensada bote 370 g","name":"leche condensada bote 370 g","brand":"LA LECHERA ","img":"https://sgfm.elcorteingles.es/SGFM/dctm/MEDIA03/201606/22/00120911200093____3__600x600.jpg","price":"1,54 €","price_unit":"(4,16 € / Kilo)","categories":["Supermercado","Lácteos","Leche condensada, evaporada, polvo","Leche condensada","LA LECHERA leche condensada bote 370 g"],"general_information":["Denominación del alimento: Leche condensada. Materia grasa 8,5 %. Extracto seco magro lácteo 20,5 %.","Nombre del operador: Nestlé España, S.A.","Dirección del operador: NESTLÉ ESPAÑA S.A. ? Av. Països Catalans, 25 ? 51 ? 08950 ? Esplugues de Llobregat (Barcelona)","Cantidad Neta: 370 g"],"ingredients":[" Leche, azúcar, lactosa."],"ean":"8410100000169"},{"full_name":"ASTURIANA leche condensada envase 400 g","name":"leche condensada envase 400 g","brand":"ASTURIANA ","img":"https://sgfm.elcorteingles.es/SGFM/dctm/MEDIA03/201602/15/00120911200481____1__600x600.jpg","price":"2,70 €","price_unit":"(6,75 € / Kilo)","categories":["Supermercado","Lácteos","Leche condensada, evaporada, polvo","Leche condensada","ASTURIANA leche condensada envase 400 g"],"general_information":["Denominación del alimento: Leche condensada","Nombre del operador: Corporación Alimentaria Peñasanta S.A","Dirección del operador: Sierra de Granda, s/n 33199 Siero, Asturias","Cantidad Neta: 400 g"],"ingredients":[" Leche de vaca y azúcar"],"conservation":" Una vez abierto, conservar en el frigorifico y consumir antes de 3 semanas","ean":"8410297253003"},{"full_name":"NESTLE SVELTESSE leche desnatada en polvo rica en calcio bote 1 kg","name":"leche desnatada en polvo rica en calcio bote 1 kg","brand":"NESTLE SVELTESSE ","img":"https://sgfm.elcorteingles.es/SGFM/dctm/MEDIA03/201606/22/00120911200044____2__600x600.jpg","price":"8,25 €","categories":["Supermercado","Lácteos","Leche condensada, evaporada, polvo","Leche en polvo","NESTLE SVELTESSE leche desnatada en polvo rica en calcio bote 1 kg"],"general_information":["Denominación del alimento: Leche desnatada en polvo","Nombre del operador: Nestlé España, S.A.","Dirección del operador: Avinguda Països Catalans, 51 - 08950 Esplugues de Llobregat (Barcelona)","Cantidad Neta: 1000 g","Otras menciones obligatorias en la etiqueta: No recomendada para lactantes menores de 12 meses"],"ingredients":[" Leche de vaca desnatada en polvo, carbonato cálcico, vitaminas liposolubles (A, D, E, K)."],"conservation":" Conservar el bote bien cerrado en lugar fresco y seco.","ean":"8410100002347"},{"full_name":"NESTLE SVELTESSE leche desnatada en polvo rica en calcio bote 400 g","name":"leche desnatada en polvo rica en calcio bote 400 g","brand":"NESTLE SVELTESSE ","img":"https://sgfm.elcorteingles.es/SGFM/dctm/MEDIA03/201606/22/00120911200036____2__600x600.jpg","price":"4,58 €","price_unit":"(11,45 € / Kilo)","categories":["Supermercado","Lácteos","Leche condensada, evaporada, polvo","Leche en polvo","NESTLE SVELTESSE leche desnatada en polvo rica en calcio bote 400 g"],"general_information":["Denominación del alimento: Leche desnatada en polvo","Nombre del operador: Nestlé España, S.A.","Dirección del operador: Avinguda Països Catalans, 51 - 08950 Esplugues de Llobregat (Barcelona)","Cantidad Neta: 400 g","Otras menciones obligatorias en la etiqueta: No recomendada para lactantes menores de 12 meses"],"ingredients":[" Leche de vaca desnatada en polvo, carbonato cálcico, vitaminas liposolubles (A, D, E, K)."],"conservation":" Conservar el bote bien cerrado en lugar fresco y seco.","ean":"8410100002330"},{"full_name":"ASTURIANA leche en polvo entera estuche 800 g","name":"leche en polvo entera estuche 800 g","brand":"ASTURIANA ","img":"https://sgfm.elcorteingles.es/SGFM/dctm/MEDIA03/201602/15/00120911200028____1__600x600.jpg","price":"6,95 €","price_unit":"(8,69 € / Kilo)","categories":["Supermercado","Lácteos","Leche condensada, evaporada, polvo","Leche en polvo","ASTURIANA leche en polvo entera estuche 800 g"],"general_information":["Denominación del alimento: Leche en polvo entera","Nombre del operador: Corporación Alimentaria Peñasanta S.A","Dirección del operador: Sierra de Granda, s/n 33199 Siero, Asturias","Cantidad Neta: 800 g"],"ingredients":[" Leche en polvo entera 26%MG"],"conservation":" Conservar en lugar fresco y seco","ean":"8410297151026"},{"full_name":"ASTURIANA leche en polvo desnatada 1% M.G. estuche 800 g","name":"leche en polvo desnatada 1% M.G. estuche 800 g","brand":"ASTURIANA ","img":"https://sgfm.elcorteingles.es/SGFM/dctm/MEDIA03/201602/15/00120911200010____1__600x600.jpg","price":"5,46 €","price_unit":"(6,82 € / Kilo)","categories":["Supermercado","Lácteos","Leche condensada, evaporada, polvo","Leche en polvo","ASTURIANA leche en polvo desnatada 1% M.G. estuche 800 g"],"general_information":["Denominación del alimento: Leche en polvo desnatada","Nombre del operador: Corporación Alimentaria Peñasanta S.A","Dirección del operador: Sierra de Granda, s/n 33199 Siero, Asturias","Cantidad Neta: 800 g"],"ingredients":[" Leche en polvo desnatada 1%MG"],"conservation":" Conservar en lugar fresco y seco","ean":"8410297151019"},{"full_name":"PAÑO NATURAE leche en polvo semidesnatada 1% Materia Grasa ecológica bolsa 500 g","name":"leche en polvo semidesnatada 1% Materia Grasa ecológica bolsa 500 g","brand":"PAÑO NATURAE ","img":"https://sgfm.elcorteingles.es/SGFM/dctm/MEDIA02/CONTENIDOS/201507/20/00120911200515____1__600x600.jpg","price":"4,02 €","price_unit":"(8,04 € / Kilo)","categories":["Supermercado","Lácteos","Leche condensada, evaporada, polvo","Leche en polvo","PAÑO NATURAE leche en polvo semidesnatada 1% Materia Grasa ecológica bolsa 500 g"],"general_information":["Denominación del alimento: Leche en polvo","Nombre del operador: Paño Fruits S.L.","Dirección del operador: Av. Montblanc 28, 43460 Alcover (Tarragona)","Cantidad Neta: 500 g","Otras menciones obligatorias en la etiqueta: Procedentes de agricultura ecológica."],"ingredients":[" Leche en polvo desnatada."],"conservation":" Conservar en un lugar fresco y seco.","ean":"8430175809801"},{"full_name":"IDEAL leche evaporada parcialmente desnatada para salsas y cremas brik 525 g","name":"leche evaporada parcialmente desnatada para salsas y cremas brik 525 g","brand":"IDEAL ","img":"https://sgfm.elcorteingles.es/SGFM/dctm/MEDIA03/201711/07/00120911200465____3__600x600.jpg","price":"1,54 €","price_unit":"(2,93 € / Kilo)","categories":["Supermercado","Lácteos","Leche condensada, evaporada, polvo","Leche evaporada","IDEAL leche evaporada parcialmente desnatada para salsas y cremas brik 525 g"],"general_information":["Denominación del alimento: Leche evaporada parcialmente desnatada. Materia grasa 6%. Extracto seco magro lácteo 17%.","Nombre del operador: Nestlé España, S.A.","Dirección del operador: Edificio Nestlé Av. Països Catalans, 25-51 08950 Esplugues de Llobregat (Barcelona).","Cantidad Neta: 525 g","Otras menciones obligatorias en la etiqueta: Agitar antes de abrir."],"ingredients":[" Ingredientes: leche, estabilizante (fosfato disódico), espesante (carragenanos)."],"conservation":" Una vez abierto, conservar cerrado en el frigorífico y consumir antes de 5 días.","ean":"7613033831317"},{"full_name":"IDEAL leche evaporada parcialmente desnatada para salsas y cremas ligeras brik 210 g","name":"leche evaporada parcialmente desnatada para salsas y cremas ligeras brik 210 g","brand":"IDEAL ","img":"https://sgfm.elcorteingles.es/SGFM/dctm/MEDIA03/201711/07/00120911200507____2__600x600.jpg","price":"0,83 €","price_unit":"(3,95 € / Kilo)","categories":["Supermercado","Lácteos","Leche condensada, evaporada, polvo","Leche evaporada","IDEAL leche evaporada parcialmente desnatada para salsas y cremas ligeras brik 210 g"],"general_information":["Denominación del alimento: Leche evaporada parcialmente desnatada. Materia grasa 6%. Extracto seco magro lácteo 17%.","Nombre del operador: Nestlé España, S.A.","Dirección del operador: NESTLÉ ESPAÑA S.A. Edificio Nestlé. 08950 Esplugues de Llobregat","Cantidad Neta: 201 g"],"ingredients":[" Ingredientes: leche, estabilizante (fosfato disódico), espesante (carragenanos)."],"conservation":" Una vez abierto, conservar cerrado en el frigorífico y consumir antes de 5 días.","ean":"7613034705723"},{"full_name":"IDEAL leche evaporada 10 envases individuales envase 75 g","name":"leche evaporada 10 envases individuales envase 75 g","brand":"IDEAL ","img":"https://sgfm.elcorteingles.es/SGFM/dctm/MEDIA03/201606/22/00120911200143____1__600x600.jpg","price":"1,05 €","price_unit":"(14 € / Kilo)","categories":["Supermercado","Lácteos","Leche condensada, evaporada, polvo","Leche evaporada","IDEAL leche evaporada 10 envases individuales envase 75 g"],"general_information":["Denominación del alimento: Leche evaporada. Grasa láctea: 10%. extracto seco magro lácteo: 17%","Nombre del operador: Nestlé España, S.A.","Dirección del operador: Avinguda Països Catalans, 51 - 08950 Esplugues de Llobregat (Barcelona)","Cantidad Neta: 75 g"],"ingredients":[" Leche, estabilizante (E339)."],"ean":"7613033017421"},{"full_name":"IDEAL leche evaporada parcialmente desnatada Sin Lactosa para cocinar salsas y cremas ligeras envase 525 g","name":"leche evaporada parcialmente desnatada Sin Lactosa para cocinar salsas y cremas ligeras envase 525 g","brand":"IDEAL ","img":"https://sgfm.elcorteingles.es/SGFM/dctm/MEDIA03/201706/22/00120911200614____1__600x600.jpg","price":"2,50 €","price_unit":"(4,76 € / Kilo)","categories":["Supermercado","Lácteos","Leche condensada, evaporada, polvo","Leche evaporada","IDEAL leche evaporada parcialmente desnatada Sin Lactosa para cocinar salsas y cremas ligeras envase 525 g"],"general_information":["Denominación del alimento: Leche evaporada parcialmente desnatada sin lactosa. Materia grasa 6%. Extracto seco magro lácteo 17%.","Nombre del operador: Nestlé España, S.A.","Dirección del operador: Nestlé España, S.A. Edificio Nestlé. 08950 Esplugues de Llobregat (Barcelona)","Cantidad Neta: 525 g","Otras menciones obligatorias en la etiqueta: No apta para alérgicos a la proteína de leche de vaca. Envasado en atmósfera protectora."],"ingredients":[" Leche, enzima lactasa, estabilizante (fosfato disódico), espesante (carragenanos)."],"conservation":" Una vez abierto, conservar cerrado en el frigorífico y consumir antes de 5 días.","ean":"7613036057134"},{"full_name":"ASTURIANA leche evaporada envase 340 g","name":"leche evaporada envase 340 g","brand":"ASTURIANA ","img":"https://sgfm.elcorteingles.es/SGFM/dctm/MEDIA03/201602/15/00120911200523____2__600x600.jpg","price":"1,02 €","price_unit":"(3 € / Kilo)","categories":["Supermercado","Lácteos","Leche condensada, evaporada, polvo","Leche evaporada","ASTURIANA leche evaporada envase 340 g"],"general_information":["Denominación del alimento: Leche Evaporada","Nombre del operador: Corporación Alimentaria Peñasanta S.A","Dirección del operador: Sierra de Granda, s/n 33199 Siero, Asturias","Cantidad Neta: 340 g"],"ingredients":[" Leche y espesante (carragenato)"],"conservation":" Una vez abierto conservar en tapado en el frigorifico","ean":"8410297115158"},{"full_name":"HOCHWALD leche evaporada lata 410 g","name":"leche evaporada lata 410 g","brand":"HOCHWALD ","img":"https://sgfm.elcorteingles.es/SGFM/dctm/MEDIA02/CONTENIDOS/201410/27/00120911200259____1__600x600.jpg","price":"0,78 €","price_unit":"(1,90 € / Kilo)","categories":["Supermercado","Lácteos","Leche condensada, evaporada, polvo","Leche evaporada","HOCHWALD leche evaporada lata 410 g"],"general_information":[],"ingredients":[],"ean":"4003490016496"}]