[{"full_name":"EL CORTE INGLES garbanzo pedrosillano de Salamanca saco 1 kg","name":"garbanzo pedrosillano de Salamanca saco 1 kg","brand":"EL CORTE INGLES ","img":"https://sgfm.elcorteingles.es/SGFM/dctm/MEDIA03/201705/04/00118008200794____1__600x600.jpg","price":"2,55 €","price_unit":"(2,55 € / Kilo)","categories":["Supermercado","Alimentación General","Legumbres","Garbanzos","EL CORTE INGLES garbanzo pedrosillano de Salamanca saco 1 kg"],"general_information":["Nombre del operador: Envasado para El Corte Inglés\npor\nLegumbres Luengo SA.\nCtra. Nacional VI, km 314\n24794 Riego de la Vega - León - España","Lugar de procedencia del alimento: Origen: España","Cantidad Neta: 1 Kilogramos"],"ingredients":[],"conservation":" Mantener en lugar fresco, seco  y  oscuro","ean":"8433329079013"},{"full_name":"EL CORTE INGLES garbanzo de Escacena saco 1 kg","name":"garbanzo de Escacena saco 1 kg","brand":"EL CORTE INGLES ","img":"https://sgfm.elcorteingles.es/SGFM/dctm/MEDIA03/201705/17/00118008201016____1__600x600.jpg","price":"3,27 €","price_unit":"(3,27 € / Kilo)","categories":["Supermercado","Alimentación General","Legumbres","Garbanzos","EL CORTE INGLES garbanzo de Escacena saco 1 kg"],"general_information":["Nombre del operador: Envasado para El Corte Inglés\npor\nLegumbres Luengo SA.\nCtra. Nacional VI, km 314\n24794 Riego de la Vega - León - España","Lugar de procedencia del alimento: Origen: España","Cantidad Neta: 1 Kilogramos"],"ingredients":[],"conservation":" Mantener en lugar fresco, seco  y  oscuro","ean":"8433329079037"},{"full_name":"EL CORTE INGLES garbanzo de fuentesaúco saco 1 kg","name":"garbanzo de fuentesaúco saco 1 kg","brand":"EL CORTE INGLES ","img":"https://sgfm.elcorteingles.es/SGFM/dctm/MEDIA03/201705/17/00118008201008____1__600x600.jpg","price":"2,87 €","price_unit":"(2,87 € / Kilo)","categories":["Supermercado","Alimentación General","Legumbres","Garbanzos","EL CORTE INGLES garbanzo de fuentesaúco saco 1 kg"],"general_information":["Nombre del operador: Envasado para El Corte Inglés\npor\nLegumbres Luengo SA.\nCtra. Nacional VI, km 314\n24794 Riego de la Vega - León - España","Lugar de procedencia del alimento: Origen: España","Cantidad Neta: 1 Kilogramos"],"ingredients":[],"conservation":" Mantener en lugar fresco, seco  y  oscuro","ean":"8433329079020"},{"full_name":"ALIADA garbanzo castellano extra envase 1 kg","name":"garbanzo castellano extra envase 1 kg","brand":"ALIADA ","img":"https://sgfm.elcorteingles.es/SGFM/dctm/MEDIA02/CONTENIDOS/201409/16/00118008200844____1__600x600.jpg","price":"2,20 €","price_unit":"(2,20 € / Kilo)","categories":["Supermercado","Alimentación General","Legumbres","Garbanzos","ALIADA garbanzo castellano extra envase 1 kg"],"general_information":["Nombre del operador: Envasado para el Grupo El Corte Inglés\nHermosilla, 112   28009 Madrid ? España por CIF: A24010993","Lugar de procedencia del alimento: Origen: España","Cantidad Neta: 1 Kilogramos"],"ingredients":[],"conservation":" Mantener en lugar fresco, seco  y  oscuro","ean":"8433329078948"},{"full_name":"ALIADA garbanzo lechoso extra envase 1 kg","name":"garbanzo lechoso extra envase 1 kg","brand":"ALIADA ","img":"https://sgfm.elcorteingles.es/SGFM/dctm/MEDIA02/CONTENIDOS/201409/16/00118008200851____1__600x600.jpg","price":"2,54 €","price_unit":"(2,54 € / Kilo)","categories":["Supermercado","Alimentación General","Legumbres","Garbanzos","ALIADA garbanzo lechoso extra envase 1 kg"],"general_information":["Nombre del operador: Envasado para el Grupo El Corte Inglés\nHermosilla, 112   28009 Madrid ? España por CIF: A24010993","Lugar de procedencia del alimento: Origen: USA / México","Cantidad Neta: 1 Kilogramos"],"ingredients":[],"conservation":" Mantener en lugar fresco, seco  y  oscuro","ean":"8433329078955"},{"full_name":"LA ASTURIANA garbanzo 2 siluetas extra paquete 500 g","name":"garbanzo 2 siluetas extra paquete 500 g","brand":"LA ASTURIANA ","img":"https://sgfm.elcorteingles.es/SGFM/dctm/MEDIA02/CONTENIDOS/201501/08/00118008200885____1__600x600.jpg","price":"2,70 €","price_unit":"(5,40 € / Kilo)","categories":["Supermercado","Alimentación General","Legumbres","Garbanzos","LA ASTURIANA garbanzo 2 siluetas extra paquete 500 g"],"general_information":["Denominación del alimento: Garbanzos 2 Siluetas","País de origen: España","Nombre del operador: SEPROLESA","Dirección del operador: Polígono Industrial de Cistierna. 24950 Vidanes - León","Lugar de procedencia del alimento: Mexico","Cantidad Neta: 500 g"],"ingredients":[" Garbanzos"],"conservation":" Mantener el producto en lugar seco, fresco y no exponerlo directamente a la luz solar","ean":"8410133132929"},{"full_name":"LA ASTURIANA garbanzo superior paquete 1 kg","name":"garbanzo superior paquete 1 kg","brand":"LA ASTURIANA ","img":"https://sgfm.elcorteingles.es/SGFM/00/06/7/0118008200067/0118008200067000g01011.jpg","price":"5,20 €","price_unit":"(5,20 € / Kilo)","categories":["Supermercado","Alimentación General","Legumbres","Garbanzos","LA ASTURIANA garbanzo superior paquete 1 kg"],"general_information":["Denominación del alimento: Garbanzos 3 Siluetas","País de origen: España","Nombre del operador: SEPROLESA","Dirección del operador: Polígono Industrial de Cistierna. 24950 Vidanes - León","Lugar de procedencia del alimento: Mexico","Cantidad Neta: 1 Kilogramos"],"ingredients":[" Garbanzos"],"conservation":" Mantener el producto en lugar seco, fresco y no exponerlo directamente a la luz solar","ean":"8410133132813"},{"full_name":"LA ASTURIANA garbanzo superior paquete 500 g","name":"garbanzo superior paquete 500 g","brand":"LA ASTURIANA ","img":"https://sgfm.elcorteingles.es/SGFM/dctm/MEDIA02/CONTENIDOS/201409/03/00118008200869____1__600x600.jpg","price":"3,14 €            ","price_unit":"(5,50 € / Kilo)","categories":["Supermercado","Alimentación General","Legumbres","Garbanzos","LA ASTURIANA garbanzo superior paquete 500 g"],"general_information":["Denominación del alimento: Garbanza","País de origen: España","Nombre del operador: Selección de Productos Leoneses,SA","Dirección del operador: Polg. Ind. Cistierna P-32. 24950 Vidanes (LEON)","Lugar de procedencia del alimento: Mexico","Cantidad Neta: 500 g"],"ingredients":[" Garbanzos"],"conservation":" Conservar en lugar fresco, seco y no expuesto a la luz solar","ean":"8410133133001"},{"full_name":"LA ASTURIANA garbanzo lechoso paquete 1 kg","name":"garbanzo lechoso paquete 1 kg","brand":"LA ASTURIANA ","img":"https://sgfm.elcorteingles.es/SGFM/00/03/4/0118008200034/0118008200034000g01011.jpg","price":"5,69 €","price_unit":"(5,69 € / Kilo)","categories":["Supermercado","Alimentación General","Legumbres","Garbanzos","LA ASTURIANA garbanzo lechoso paquete 1 kg"],"general_information":["Denominación del alimento: Garbanzo Lechoso","País de origen: España","Nombre del operador: SEPROLESA","Dirección del operador: Polígono Industrial de Cistierna. 24950 Vidanes - León","Lugar de procedencia del alimento: Mexico","Cantidad Neta: 1 Kilogramos"],"ingredients":[" Garbanzo lechoso"],"conservation":" Mantener el producto en lugar seco, fresco y no exponerlo directamente a la luz solar","ean":"8410133132714"},{"full_name":"LA ASTURIANA garbanzos 2 siluetas extra paquete 1 kg","name":"garbanzos 2 siluetas extra paquete 1 kg","brand":"LA ASTURIANA ","img":"https://sgfm.elcorteingles.es/SGFM/00/01/8/0118008200018/0118008200018000g01011.jpg","price":"4,30 €","price_unit":"(4,30 € / Kilo)","categories":["Supermercado","Alimentación General","Legumbres","Garbanzos","LA ASTURIANA garbanzos 2 siluetas extra paquete 1 kg"],"general_information":["Denominación del alimento: Garbanzos 2 Siluetas","País de origen: España","Nombre del operador: SEPROLESA","Dirección del operador: Polígono Industrial de Cistierna. 24950 Vidanes - León","Lugar de procedencia del alimento: Mexico","Cantidad Neta: 1 Kilogramos"],"ingredients":[" Garbanzos"],"conservation":" Mantener el producto en lugar seco, fresco y no exponerlo directamente a la luz solar","ean":"8410133132912"},{"full_name":"LA ASTURIANA garbanzo lechoso extra paquete 500 g","name":"garbanzo lechoso extra paquete 500 g","brand":"LA ASTURIANA ","img":"https://sgfm.elcorteingles.es/SGFM/dctm/MEDIA02/CONTENIDOS/201501/08/00118008200893____1__600x600.jpg","price":"2,88 €","price_unit":"(5,76 € / Kilo)","categories":["Supermercado","Alimentación General","Legumbres","Garbanzos","LA ASTURIANA garbanzo lechoso extra paquete 500 g"],"general_information":["Denominación del alimento: Garbanzo Lechoso","País de origen: España","Nombre del operador: SEPROLESA","Dirección del operador: Polígono Industrial de Cistierna. 24950 Vidanes - León","Lugar de procedencia del alimento: Mexico","Cantidad Neta: 500 g"],"ingredients":[" Garbanzo lechoso"],"conservation":" Mantener el producto en lugar seco, fresco y no exponerlo directamente a la luz solar","ean":"8410133132721"},{"full_name":"LA ASTURIANA garbanzo pedrosillano paquete 1 kg","name":"garbanzo pedrosillano paquete 1 kg","brand":"LA ASTURIANA ","img":"https://sgfm.elcorteingles.es/SGFM/00/17/4/0118008200174/0118008200174000g01011.jpg","price":"3,35 €","price_unit":"(3,35 € / Kilo)","categories":["Supermercado","Alimentación General","Legumbres","Garbanzos","LA ASTURIANA garbanzo pedrosillano paquete 1 kg"],"general_information":["Denominación del alimento: Garbanzo Pedrosillano","País de origen: España","Nombre del operador: Selección de Productos Leoneses,SA","Dirección del operador: Polg. Ind. Cistierna P-32. 24950 Vidanes (LEON)","Cantidad Neta: 1 Kilogramos"],"ingredients":[" Garbanzo pedrosillano"],"conservation":" Conservar en lugar fresco, seco y no expuesto a la luz solar","ean":"8410133134015"},{"full_name":"LUENGO garbanzo de León extra paquete 1 kg","name":"garbanzo de León extra paquete 1 kg","brand":"LUENGO ","img":"https://sgfm.elcorteingles.es/SGFM/00/76/7/0200108200767/0200108200767000g01011.jpg","price":"3,89 €","price_unit":"(3,89 € / Kilo)","categories":["Supermercado","Alimentación General","Legumbres","Garbanzos","LUENGO garbanzo de León extra paquete 1 kg"],"general_information":["Denominación del alimento: Garbanzo","Nombre del operador: LEGUMBRES LUENGO. S.A.","Dirección del operador: Ctra Nacional VI, km 314. 24794 Riego de la Vega (León)","Cantidad Neta: 1000 g"],"ingredients":[" Garbanzo"],"conservation":" Consérvese en lugar fresco, seco y oscuro.","ean":"8410505232127"},{"full_name":"LUENGO garbanzo lechoso de León paquete 1 kg","name":"garbanzo lechoso de León paquete 1 kg","brand":"LUENGO ","img":"https://sgfm.elcorteingles.es/SGFM/00/77/5/0200108200775/0200108200775000g01011.jpg","price":"3,95 €","price_unit":"(3,95 € / Kilo)","categories":["Supermercado","Alimentación General","Legumbres","Garbanzos","LUENGO garbanzo lechoso de León paquete 1 kg"],"general_information":["Denominación del alimento: Garbanzo blanco lechoso","Nombre del operador: LEGUMBRES LUENGO. S.A.","Dirección del operador: Ctra Nacional VI, km 314. 24794 Riego de la Vega (León)","Cantidad Neta: 1000 g"],"ingredients":[" Garbanzo Lechoso"],"conservation":" Consérvese en lugar fresco, seco y oscuro.","ean":"8410505252125"},{"full_name":"LUENGO garbanzo pedrosillano de León paquete 1 kg","name":"garbanzo pedrosillano de León paquete 1 kg","brand":"LUENGO ","img":"https://sgfm.elcorteingles.es/SGFM/00/78/3/0200108200783/0200108200783000g01011.jpg","price":"2,95 €","price_unit":"(2,95 € / Kilo)","categories":["Supermercado","Alimentación General","Legumbres","Garbanzos","LUENGO garbanzo pedrosillano de León paquete 1 kg"],"general_information":["Denominación del alimento: Garbanzo Pedrosillano","Nombre del operador: LEGUMBRES LUENGO. S.A.","Dirección del operador: Ctra Nacional VI, km 314. 24794 Riego de la Vega (León)","Cantidad Neta: 1000 g"],"ingredients":[" Garbanzo Pedrosillano"],"conservation":" Consérvese en lugar fresco, seco y oscuro.","ean":"8410505261059"},{"full_name":"VEGAS BAÑEZANAS garbanzos pico pardal saco 1 kg","name":"garbanzos pico pardal saco 1 kg","brand":"VEGAS BAÑEZANAS ","img":"https://sgfm.elcorteingles.es/SGFM/00/29/9/0118008200299/0118008200299000g01011.jpg","price":"3,65 €","price_unit":"(3,65 € / Kilo)","categories":["Supermercado","Alimentación General","Legumbres","Garbanzos","VEGAS BAÑEZANAS garbanzos pico pardal saco 1 kg"],"general_information":["Denominación del alimento: Garbanzo","Nombre del operador: LEGUMBRES LUENGO. S.A.","Dirección del operador: Ctra Nacional VI, km 314. 24794 Riego de la Vega (León)","Cantidad Neta: 1000 g"],"ingredients":[" Garbanzo"],"conservation":" Consérvese en lugar fresco, seco y oscuro.","ean":"8414822310711"},{"full_name":"VEGAS BAÑEZANAS garbanzo extra ecólogico caja 1 kg","name":"garbanzo extra ecólogico caja 1 kg","brand":"VEGAS BAÑEZANAS ","img":"https://sgfm.elcorteingles.es/SGFM/00/03/0/0118008400030/0118008400030000g01011.jpg","price":"3,65 €","price_unit":"(3,65 € / Kilo)","categories":["Supermercado","Alimentación General","Legumbres","Garbanzos","VEGAS BAÑEZANAS garbanzo extra ecólogico caja 1 kg"],"general_information":["Denominación del alimento: Garbanzo ecológico","Nombre del operador: LEGUMBRES LUENGO. S.A.","Dirección del operador: Ctra Nacional VI, km 314. 24794 Riego de la Vega (León)","Cantidad Neta: 1000 g"],"ingredients":[" Garbanzo ecológico"],"conservation":" Consérvese en lugar fresco, seco y oscuro.","ean":"8414822050075"},{"full_name":"MONTES garbanzo de Fuentesauco Tierra de Sabor categoría extra saco 1 kg","name":"garbanzo de Fuentesauco Tierra de Sabor categoría extra saco 1 kg","brand":"MONTES ","img":"https://sgfm.elcorteingles.es/SGFM/00/58/8/0118008200588/0118008200588000g01011.jpg","price":"4,15 €","price_unit":"(4,15 € / Kilo)","categories":["Supermercado","Alimentación General","Legumbres","Garbanzos","MONTES garbanzo de Fuentesauco Tierra de Sabor categoría extra saco 1 kg"],"general_information":["Denominación del alimento: Garbanzo de Fuentesaúco","País de origen: España","Nombre del operador: Legumbres Montes, S.L.","Dirección del operador: Ctra. Pedrosillo, 8 - 37427 La Velles (Salamanca)","Lugar de procedencia del alimento: Fuentesaúco","Cantidad Neta: 1 Kilogramos","Otras menciones obligatorias en la etiqueta: Categoría extra"],"ingredients":[],"conservation":" Conservar en lugar fresco, seco y oscuro.","ean":"8424879000091"},{"full_name":"MONTES garbanzo de pedrosillo saco 1 kg","name":"garbanzo de pedrosillo saco 1 kg","brand":"MONTES ","img":"https://sgfm.elcorteingles.es/SGFM/dctm/MEDIA02/CONTENIDOS/201412/10/00118008200729____1__600x600.jpg","price":"3,03 €","price_unit":"(3,03 € / Kilo)","categories":["Supermercado","Alimentación General","Legumbres","Garbanzos","MONTES garbanzo de pedrosillo saco 1 kg"],"general_information":["Denominación del alimento: Garbanzo de Pedrosillo","País de origen: España","Nombre del operador: Legumbres Montes, S.L.","Dirección del operador: Ctra. Pedrosillo, 8 - 37427 La Velles (Salamanca)","Cantidad Neta: 1 Kilogramos","Otras menciones obligatorias en la etiqueta: Categoría extra"],"ingredients":[],"conservation":" Conservar en lugar fresco, seco y oscuro.","ean":"8424879000121"},{"full_name":"TIERRA GUAREÑA garbanzo extra I. G. P. Fuentesauco saco 1 kg","name":"garbanzo extra I. G. P. Fuentesauco saco 1 kg","brand":"TIERRA GUAREÑA ","img":"https://sgfm.elcorteingles.es/SGFM/00/28/1/0118008200281/0118008200281000g01011.jpg","price":"3,21 €","categories":["Supermercado","Alimentación General","Legumbres","Garbanzos","TIERRA GUAREÑA garbanzo extra I. G. P. Fuentesauco saco 1 kg"],"general_information":["Denominación del alimento: Garbanzos","Nombre del operador: Soc. Coop. Ltm. Del Campo \"Los Zamoranos\"","Dirección del operador: Camino de Valparaiso, 1 -49400- Fuentesaúco (Zamora)","Lugar de procedencia del alimento: IGP Garbanzo de Fuentesaúco","Cantidad Neta: 1 Kilogramos","Otras menciones obligatorias en la etiqueta: Fuente de proteínas vegetales y de Omega 6."],"ingredients":[" Garbanzos de Fuentesaúco"],"conservation":" Consérvese en lugar fresco y seco.","ean":"8427569000012"},{"full_name":"LEGUMBRES PEDRO garbanzo lechoso andaluz paquete 1 kg","name":"garbanzo lechoso andaluz paquete 1 kg","brand":"LEGUMBRES PEDRO ","img":"https://sgfm.elcorteingles.es/SGFM/00/69/5/0118008200695/0118008200695000g01011.jpg","price":"2,70 €","price_unit":"(2,70 € / Kilo)","categories":["Supermercado","Alimentación General","Legumbres","Garbanzos","LEGUMBRES PEDRO garbanzo lechoso andaluz paquete 1 kg"],"general_information":["Denominación del alimento: Garbanzo lechoso","Nombre del operador: Legumbres Pedro, S.L.","Dirección del operador: P.I. La Palmosa M-3, Calle CP. 13-17, alcalá de los Gazules (Cádiz).","Cantidad Neta: 1 Kilogramos"],"ingredients":[" Garbanzo 100%"],"conservation":" Conservar a temperatura ambiente en lugar fresco y seco. No exponer directamente a la luz solar.","ean":"8420933000052"},{"full_name":"DON PEDRO ALTA SELECCION garbanza blanca de Andalucía paquete 1 kg","name":"garbanza blanca de Andalucía paquete 1 kg","brand":"DON PEDRO ALTA SELECCION ","img":"https://sgfm.elcorteingles.es/SGFM/00/70/3/0118008200703/0118008200703000g01011.jpg","price":"3,30 €            ","price_unit":"(3,15 € / Kilo)","categories":["Supermercado","Alimentación General","Legumbres","Garbanzos","DON PEDRO ALTA SELECCION garbanza blanca de Andalucía paquete 1 kg"],"general_information":["Denominación del alimento: Garbanza Blanca","Nombre del operador: Legumbres Pedro, S.L.","Dirección del operador: P.I. La Palmosa M-3, Calle CP. 13-17, alcalá de los Gazules (Cádiz).","Cantidad Neta: 1 Kilogramos","Otras menciones obligatorias en la etiqueta: cocinado. Para una buena cocción recomendamos:tiempo de remojo de 10 a 12 horas"],"ingredients":[" Garbanzo 100%"],"conservation":" Conservar a temperatura ambiente en lugar fresco y seco. No exponer directamente a la luz solar.","ean":"8420933001141"},{"full_name":"DON PEDRO ALTA SELECCION garbanzo pedrosillano paquete 1 kg","name":"garbanzo pedrosillano paquete 1 kg","brand":"DON PEDRO ALTA SELECCION ","img":"https://sgfm.elcorteingles.es/SGFM/dctm/MEDIA03/201611/22/00118008200992____1__600x600.jpg","price":"2,25 €","price_unit":"(2,25 € / Kilo)","categories":["Supermercado","Alimentación General","Legumbres","Garbanzos","DON PEDRO ALTA SELECCION garbanzo pedrosillano paquete 1 kg"],"general_information":[],"ingredients":[],"ean":"8420933001950"},{"full_name":"LA FUENSANTICA garbanzo lechoso extra paquete 1 kg","name":"garbanzo lechoso extra paquete 1 kg","brand":"LA FUENSANTICA ","img":"https://sgfm.elcorteingles.es/SGFM/dctm/MEDIA02/CONTENIDOS/201410/02/00118008200323____1__600x600.jpg","price":"3,98 €","price_unit":"(3,98 € / Kilo)","categories":["Supermercado","Alimentación General","Legumbres","Garbanzos","LA FUENSANTICA garbanzo lechoso extra paquete 1 kg"],"general_information":["Denominación del alimento: Garbanzos","País de origen: Estados Unidos","Nombre del operador: Legumbres La Fuensantica S.A.","Dirección del operador: Ct. Mazarrón, Km. 2 - 30120 El Palmar (Murcia)","Cantidad Neta: 1000 g"],"ingredients":[" Garbanzos"],"conservation":" Conservar en lugar fresco, seco y sin luz solar.","ean":"8411880550028"},{"full_name":"LEREN garbanzo extra paquete 1 kg","name":"garbanzo extra paquete 1 kg","brand":"LEREN ","img":"https://sgfm.elcorteingles.es/SGFM/dctm/MEDIA02/CONTENIDOS/201410/02/00118008200133____1__600x600.jpg","price":"3,45 €","categories":["Supermercado","Alimentación General","Legumbres","Garbanzos","LEREN garbanzo extra paquete 1 kg"],"general_information":["Denominación del alimento: Garbanzos","País de origen: Estados Unidos","Nombre del operador: Legumbres La Fuensantica S.A.","Dirección del operador: Ct. Mazarrón, Km. 2 - 30120 El Palmar (Murcia)","Cantidad Neta: 1000 g"],"ingredients":[" Garbanzos"],"conservation":" Conservar en lugar fresco, seco y sin luz solar.","ean":"8410271311033"},{"full_name":"LEREN garbanzo lechoso paquete 1 kg","name":"garbanzo lechoso paquete 1 kg","brand":"LEREN ","img":"https://sgfm.elcorteingles.es/SGFM/dctm/MEDIA02/CONTENIDOS/201410/02/00118008200109____1__600x600.jpg","price":"3,98 €","categories":["Supermercado","Alimentación General","Legumbres","Garbanzos","LEREN garbanzo lechoso paquete 1 kg"],"general_information":["Denominación del alimento: Garbanzos","País de origen: Estados Unidos","Nombre del operador: Legumbres La Fuensantica S.A.","Dirección del operador: Ct. Mazarrón, Km. 2 - 30120 El Palmar (Murcia)","Cantidad Neta: 1000 g"],"ingredients":[" Garbanzos"],"conservation":" Conservar en lugar fresco, seco y sin luz solar.","ean":"8410271311019"},{"full_name":"COCHERITO garbanzo lechoso paquete 1 kg","name":"garbanzo lechoso paquete 1 kg","brand":"COCHERITO ","img":"https://sgfm.elcorteingles.es/SGFM/dctm/MEDIA02/CONTENIDOS/201410/02/00118008200091____1__600x600.jpg","price":"4,60 €","categories":["Supermercado","Alimentación General","Legumbres","Garbanzos","COCHERITO garbanzo lechoso paquete 1 kg"],"general_information":["Denominación del alimento: Garbanzos","País de origen: Estados Unidos","Nombre del operador: Legumbres La Fuensantica S.A.","Dirección del operador: Ct. Mazarrón, Km. 2 - 30120 El Palmar (Murcia)","Cantidad Neta: 1000 g"],"ingredients":[" Garbanzos"],"conservation":" Conservar en lugar fresco, seco y sin luz solar.","ean":"8410271111015"},{"full_name":"COCHERITO garbanzo extra paquete 1 kg","name":"garbanzo extra paquete 1 kg","brand":"COCHERITO ","img":"https://sgfm.elcorteingles.es/SGFM/dctm/MEDIA02/CONTENIDOS/201410/02/00118008200208____1__600x600.jpg","price":"3,48 €","categories":["Supermercado","Alimentación General","Legumbres","Garbanzos","COCHERITO garbanzo extra paquete 1 kg"],"general_information":["Denominación del alimento: Garbanzos","País de origen: Estados Unidos","Nombre del operador: Legumbres La Fuensantica S.A.","Dirección del operador: Ct. Mazarrón, Km. 2 - 30120 El Palmar (Murcia)","Cantidad Neta: 1000 g"],"ingredients":[" Garbanzos"],"conservation":" Conservar en lugar fresco, seco y sin luz solar.","ean":"8410271111039"},{"full_name":"GARCIA garbanzo Oro lechoso extra bolsa 1 kg","name":"garbanzo Oro lechoso extra bolsa 1 kg","brand":"GARCIA ","img":"https://sgfm.elcorteingles.es/SGFM/00/19/0/0118008200190/0118008200190000g01011.jpg","price":"3,50 €","categories":["Supermercado","Alimentación General","Legumbres","Garbanzos","GARCIA garbanzo Oro lechoso extra bolsa 1 kg"],"general_information":[],"ingredients":[],"ean":"8410237000148"},{"full_name":"GARCIA garbanzo Oro lechoso bolsa 500 g","name":"garbanzo Oro lechoso bolsa 500 g","brand":"GARCIA ","img":"https://sgfm.elcorteingles.es/SGFM/00/18/2/0118008200182/0118008200182000g01011.jpg","price":"1,95 €","price_unit":"(3,90 € / Kilo)","categories":["Supermercado","Alimentación General","Legumbres","Garbanzos","GARCIA garbanzo Oro lechoso bolsa 500 g"],"general_information":[],"ingredients":[],"ean":"8410237000056"},{"full_name":"CAMPOLEON garbanzo Vega Sauco paquete 1 kg","name":"garbanzo Vega Sauco paquete 1 kg","brand":"CAMPOLEON ","img":"https://sgfm.elcorteingles.es/SGFM/dctm/MEDIA02/CONTENIDOS/201410/02/00118008200141____1__600x600.jpg","price":"3,45 €","categories":["Supermercado","Alimentación General","Legumbres","Garbanzos","CAMPOLEON garbanzo Vega Sauco paquete 1 kg"],"general_information":["Denominación del alimento: Garbanzos","País de origen: Estados Unidos","Nombre del operador: Legumbres La Fuensantica S.A.","Dirección del operador: Ct. Mazarrón, Km. 2 - 30120 El Palmar (Murcia)","Cantidad Neta: 1000 g"],"ingredients":[" Garbanzos"],"conservation":" Conservar en lugar fresco, seco y sin luz solar.","ean":"8426195002056"},{"full_name":"DEME garbanzo extra paquete 1 kg","name":"garbanzo extra paquete 1 kg","brand":"DEME ","img":"https://sgfm.elcorteingles.es/SGFM/00/42/9/0200108200429/0200108200429000g01011.jpg","price":"5,00 €","price_unit":"(5 € / Kilo)","categories":["Supermercado","Alimentación General","Legumbres","Garbanzos","DEME garbanzo extra paquete 1 kg"],"general_information":["Denominación del alimento: Garbanzo Extra","País de origen: España","Nombre del operador: G. Menéndez, S.L.","Dirección del operador: c/ Benjamin Franklin nº 282, Pol. Ind. Roces nº 3 - 33211 Gijón (Asturias)","Lugar de procedencia del alimento: USA","Cantidad Neta: 1,0 Kilogramos","Otras menciones obligatorias en la etiqueta: Categoria extra."],"ingredients":[],"conservation":" Consérvese en lugar fresco, seco y oscuro.","ean":"8412939010029"},{"full_name":"LA PEDRIZA garbanzo lechoso bolsa 1 kg","name":"garbanzo lechoso bolsa 1 kg","brand":"LA PEDRIZA ","img":"https://sgfm.elcorteingles.es/SGFM/00/32/0/0200108200320/0200108200320000g01011.jpg","price":"2,73 €","categories":["Supermercado","Alimentación General","Legumbres","Garbanzos","LA PEDRIZA garbanzo lechoso bolsa 1 kg"],"general_information":[],"ingredients":[],"ean":"8411426305020"},{"full_name":"LA PEDRIZA garbanza blanca paquete 1 kg","name":"garbanza blanca paquete 1 kg","brand":"LA PEDRIZA ","img":"https://sgfm.elcorteingles.es/SGFM/00/67/6/0200108200676/0200108200676000g01011.jpg","price":"3,39 €","categories":["Supermercado","Alimentación General","Legumbres","Garbanzos","LA PEDRIZA garbanza blanca paquete 1 kg"],"general_information":[],"ingredients":[],"ean":"8411426200042"},{"full_name":"LUENGO Origen garbanzos categoría extra paquete 1 kg","name":"Origen garbanzos categoría extra paquete 1 kg","brand":"LUENGO ","img":"https://sgfm.elcorteingles.es/SGFM/dctm/MEDIA03/201610/27/00118008200984____1__600x600.jpg","price":"3,30 €","price_unit":"(3,30 € / Kilo)","categories":["Supermercado","Alimentación General","Legumbres","Garbanzos","LUENGO Origen garbanzos categoría extra paquete 1 kg"],"general_information":[],"ingredients":[],"ean":"8410505520101"},{"full_name":"EL LEONES garbanzo castellano bolsa 1 kg","name":"garbanzo castellano bolsa 1 kg","brand":"EL LEONES ","img":"https://sgfm.elcorteingles.es/SGFM/00/24/7/0200108200247/0200108200247000g01011.jpg","price":"3,15 €","categories":["Supermercado","Alimentación General","Legumbres","Garbanzos","EL LEONES garbanzo castellano bolsa 1 kg"],"general_information":["Denominación del alimento: Garbanzo Fino Castellano","País de origen: España","Nombre del operador: Legumbres El Leonés, S.L.","Dirección del operador: Ctra. Campuzano Carte, 4 - 39300 Torrelavega (Cantabria)","Lugar de procedencia del alimento: USA","Cantidad Neta: 1 Kilogramos"],"ingredients":[],"conservation":" Consérvese en sitio fresco y oscuro.","ean":"8412010010269"},{"full_name":"EL LEONES garbanzo 4 Estrellas bolsa 1 kg","name":"garbanzo 4 Estrellas bolsa 1 kg","brand":"EL LEONES ","img":"https://sgfm.elcorteingles.es/SGFM/00/25/4/0200108200254/0200108200254000g01011.jpg","price":"3,31 €","categories":["Supermercado","Alimentación General","Legumbres","Garbanzos","EL LEONES garbanzo 4 Estrellas bolsa 1 kg"],"general_information":["Denominación del alimento: Garbanzo Gordo Mejicano","País de origen: España","Nombre del operador: Legumbres El Leonés, S.L.","Dirección del operador: Ctra. Campuzano Carte, 4 - 39300 Torrelavega (Cantabria)","Lugar de procedencia del alimento: Mejico","Cantidad Neta: 1 Kilogramos"],"ingredients":[],"conservation":" Consérvese en sitio fresco y oscuro.","ean":"8412010010108"},{"full_name":"LUENGO garbanzo ecológico paquete 500 g","name":"garbanzo ecológico paquete 500 g","brand":"LUENGO ","img":"https://sgfm.elcorteingles.es/SGFM/dctm/MEDIA03/201703/31/00118008400055____1__600x600.jpg","price":"3,25 €","price_unit":"(6,50 € / Kilo)","categories":["Supermercado","Alimentación General","Legumbres","Garbanzos","LUENGO garbanzo ecológico paquete 500 g"],"general_information":["Denominación del alimento: Garbanzo ecológico","Nombre del operador: LEGUMBRES LUENGO. S.A.","Dirección del operador: Ctra Nacional VI, km 314. 24794 Riego de la Vega (León)","Cantidad Neta: 500 g"],"ingredients":[" Garbanzo"],"conservation":" Consérvese en lugar fresco, seco y oscuro.","ean":"8410505548198"},{"full_name":"ECORAUL garbanzo pedrosillano ecológico paquete 500 g","name":"garbanzo pedrosillano ecológico paquete 500 g","brand":"ECORAUL ","img":"https://sgfm.elcorteingles.es/SGFM/dctm/MEDIA03/201707/27/00118008400063____1__600x600.jpg","price":"1,95 €","categories":["Supermercado","Alimentación General","Legumbres","Garbanzos","ECORAUL garbanzo pedrosillano ecológico paquete 500 g"],"general_information":[],"ingredients":[],"ean":"8410687202406"},{"full_name":"EL CORTE INGLES garbanzos cocidos al natural frasco 400 g neto escurrido","name":"garbanzos cocidos al natural frasco 400 g neto escurrido","brand":"EL CORTE INGLES ","img":"https://sgfm.elcorteingles.es/SGFM/dctm/MEDIA03/201609/23/00118007000427____1__600x600.jpg","price":"1,02 €","price_unit":"(2,55 € / Kilo)","categories":["Supermercado","Alimentación General","Legumbres","Garbanzos cocidos","EL CORTE INGLES garbanzos cocidos al natural frasco 400 g neto escurrido"],"general_information":["Denominación del alimento: Garbanzos Cocidos  ","Nombre del operador: Fabricado para El Corte Inglés por GRUPO RIBEREBRO Polígono Industrial La Llanada 26540 - Alfaro (La Rioja). España","Cantidad Neta: 560 g","Peso neto escurrido: 400 g","Número de raciones por envase: 5"],"ingredients":[" Ingredientes: Garbanzos, agua, sal y antioxidante: E-223 (metabisulfito sódico)"],"ean":"8433329009089"},{"full_name":"EL CORTE INGLES garbanzos cocidos al natural frasco 200 g","name":"garbanzos cocidos al natural frasco 200 g","brand":"EL CORTE INGLES ","img":"https://sgfm.elcorteingles.es/SGFM/dctm/MEDIA03/201609/23/00118007000435____1__600x600.jpg","price":"0,83 €","price_unit":"(4,15 € / Kilo)","categories":["Supermercado","Alimentación General","Legumbres","Garbanzos cocidos","EL CORTE INGLES garbanzos cocidos al natural frasco 200 g"],"general_information":["Denominación del alimento: Garbanzos Cocidos  ","Nombre del operador: Fabricado para El Corte Inglés por GRUPO RIBEREBRO Polígono Industrial La Llanada 26540 - Alfaro (La Rioja). España","Cantidad Neta: 290 g","Peso neto escurrido: 200 g","Número de raciones por envase: 4"],"ingredients":[" Ingredientes: Garbanzos, agua, sal y  antioxidante: E-223 (metabisulfito sódico)"],"ean":"8433329009119"},{"full_name":"ALIADA garbanzos cocidos frasco 400 g","name":"garbanzos cocidos frasco 400 g","brand":"ALIADA ","img":"https://sgfm.elcorteingles.es/SGFM/dctm/MEDIA02/CONTENIDOS/201408/20/00118007000799____1__600x600.jpg","price":"0,62 €","price_unit":"(1,55 € / Kilo)","categories":["Supermercado","Alimentación General","Legumbres","Garbanzos cocidos","ALIADA garbanzos cocidos frasco 400 g"],"general_information":["Denominación del alimento: Garbanzos cocidos. Categoría Extra","Nombre del operador: Elaborado para\nEl  Grupo El Corte Inglés \nHermosilla, 112 ? 28009 Madrid ? España por NIF: A 24010993","Cantidad Neta: 570 g","Peso neto escurrido: 400 g","Número de raciones por envase: 2"],"ingredients":[" Ingredientes: Garbanzos, agua, sal, antioxidante (E-385) y conservador (metabisulfito sódico)."],"conservation":" Una vez abierto conservar en frigorífico y consumir en un máximo de 5 días.","ean":"8433329001786"},{"full_name":"CIDACOS garbanzos cocidos bajo en sal frasco 400 g neto escurrido","name":"garbanzos cocidos bajo en sal frasco 400 g neto escurrido","brand":"CIDACOS ","img":"https://sgfm.elcorteingles.es/SGFM/00/16/1/0118007000161/0118007000161000g01011.jpg","price":"1,25 €","price_unit":"(3,12 € / Kilo)","categories":["Supermercado","Alimentación General","Legumbres","Garbanzos cocidos","CIDACOS garbanzos cocidos bajo en sal frasco 400 g neto escurrido"],"general_information":["Denominación del alimento: Garbanzos sin sal añadida extras","Nombre del operador: Conservas el Cidacos S.A.","Dirección del operador: Crta. De Calahorra km. 1 26560 Autol (La Rioja)","Lugar de procedencia del alimento: DO España","Cantidad Neta: 570,0 g","Peso neto escurrido: 400,0 g"],"ingredients":[" Garbanzos  y sal. Antioxidantes: E-385 y E-223 (sulfito)."],"conservation":" Mantener en lugar fresco y seco.","ean":"8410313325851"},{"full_name":"CIDACOS garbanzos cocidos extra al natural frasco 400 g neto escurrido","name":"garbanzos cocidos extra al natural frasco 400 g neto escurrido","brand":"CIDACOS ","img":"https://sgfm.elcorteingles.es/SGFM/00/10/4/0118007000104/0118007000104000g01011.jpg","price":"1,25 €","price_unit":"(3,12 € / Kilo)","categories":["Supermercado","Alimentación General","Legumbres","Garbanzos cocidos","CIDACOS garbanzos cocidos extra al natural frasco 400 g neto escurrido"],"general_information":["Denominación del alimento: Garbanzos extras","Nombre del operador: Conservas el Cidacos S.A.","Dirección del operador: Crta. De Calahorra km. 1 26560 Autol (La Rioja)","Lugar de procedencia del alimento: DO España","Cantidad Neta: 570,0 g","Peso neto escurrido: 400,0 g"],"ingredients":[" Garbanzos, agua y sal. Antioxidantes: E-385 y E-223 (sulfito)."],"conservation":" Mantener en lugar fresco y seco.","ean":"8410313325813"},{"full_name":"JA'E garbanzos cocidos extra al natural lata 500 g neto escurrido","name":"garbanzos cocidos extra al natural lata 500 g neto escurrido","brand":"JA'E ","img":"https://sgfm.elcorteingles.es/SGFM/00/33/6/0118007000336/0118007000336000g01011.jpg","price":"1,28 €","price_unit":"(2,56 € / Kilo)","categories":["Supermercado","Alimentación General","Legumbres","Garbanzos cocidos","JA'E garbanzos cocidos extra al natural lata 500 g neto escurrido"],"general_information":["Denominación del alimento: Garbanzos Extra","País de origen: España","Nombre del operador: RIBEREBRO INTEGRAL, SAU","Dirección del operador: Poligono Industrial La Llanada - 26540 Alfaro La Rioja","Cantidad Neta: 780 g","Peso neto escurrido: 500 g","Número de raciones por envase: 1"],"ingredients":[" Garbanzos, agua, sal, antioxidante E-223 y E-385  sulfitos"],"conservation":" Una vez abierto el tarro conservar en el frigorífico","ean":"8412151703716"},{"full_name":"JA'E garbanzos cocidos extra al natural lata 250 g neto escurrido","name":"garbanzos cocidos extra al natural lata 250 g neto escurrido","brand":"JA'E ","img":"https://sgfm.elcorteingles.es/SGFM/00/34/4/0118007000344/0118007000344000g01011.jpg","price":"0,90 €","price_unit":"(3,60 € / Kilo)","categories":["Supermercado","Alimentación General","Legumbres","Garbanzos cocidos","JA'E garbanzos cocidos extra al natural lata 250 g neto escurrido"],"general_information":["Denominación del alimento: Garbanzos Extra","País de origen: España","Nombre del operador: RIBEREBRO INTEGRAL, SAU","Dirección del operador: Poligono Industrial La Llanada - 26540 Alfaro La Rioja","Cantidad Neta: 390 g","Peso neto escurrido: 250 g","Número de raciones por envase: 1"],"ingredients":[" Garbanzos, agua, sal, antioxidante E-223 y E-385  sulfitos"],"conservation":" Una vez abierto el tarro conservar en el frigorífico","ean":"8412151703723"},{"full_name":"JA'E garbanzos cocidos extra al natural frasco 400 g neto escurrido","name":"garbanzos cocidos extra al natural frasco 400 g neto escurrido","brand":"JA'E ","img":"https://sgfm.elcorteingles.es/SGFM/00/22/9/0118007000229/0118007000229000g01011.jpg","price":"1,28 €","price_unit":"(3,20 € / Kilo)","categories":["Supermercado","Alimentación General","Legumbres","Garbanzos cocidos","JA'E garbanzos cocidos extra al natural frasco 400 g neto escurrido"],"general_information":[],"ingredients":[],"ean":"8412151075219"},{"full_name":"JA'E Sabores del mundo garbanzos pedrosillanos cocidos extra al natural frasco 400 g neto escurrido","name":"Sabores del mundo garbanzos pedrosillanos cocidos extra al natural frasco 400 g neto escurrido","brand":"JA'E ","img":"https://sgfm.elcorteingles.es/SGFM/00/84/9/0118007000849/0118007000849000g01011.jpg","price":"1,28 €","price_unit":"(3,20 € / Kilo)","categories":["Supermercado","Alimentación General","Legumbres","Garbanzos cocidos","JA'E Sabores del mundo garbanzos pedrosillanos cocidos extra al natural frasco 400 g neto escurrido"],"general_information":["Denominación del alimento: Garbanos Pedrosillanos","País de origen: España","Nombre del operador: RIBEREBRO INTEGRAL, SAU","Dirección del operador: Poligono Industrial La Llanada - 26540 Alfaro La Rioja","Cantidad Neta: 560 g","Peso neto escurrido: 400 g","Número de raciones por envase: 1"],"ingredients":[" Garbanzos, agua, sal, antioxidante E-223 y E-385  sulfitos"],"conservation":" Una vez abierto el tarro conservar en el frigorífico","ean":"8412151753759"},{"full_name":"LUENGO garbanzos cocidos frasco 570 g neto escurrido","name":"garbanzos cocidos frasco 570 g neto escurrido","brand":"LUENGO ","img":"https://sgfm.elcorteingles.es/SGFM/00/91/1/0200107000911/0200107000911000g01011.jpg","price":"0,95 €","price_unit":"(1,67 € / Kilo)","categories":["Supermercado","Alimentación General","Legumbres","Garbanzos cocidos","LUENGO garbanzos cocidos frasco 570 g neto escurrido"],"general_information":["Denominación del alimento: Garbanzo Cocido","Nombre del operador: LEGUMBRES LUENGO. S.A.","Dirección del operador: Ctra Nacional VI, km 314. 24794 Riego de la Vega (León)","Cantidad Neta: 570 g","Peso neto escurrido: 400 g"],"ingredients":[" Garbanzo. agua.sal. antioxidantes (E-385 y metabisulfito sódico)"],"conservation":" Una vez abierto se recomienda consumir antes de 2-3 días","ean":"8410505272017"},{"full_name":"PEDRO LUIS garbanzos cocidos al natural ecológicos frasco 660 g neto escurrido","name":"garbanzos cocidos al natural ecológicos frasco 660 g neto escurrido","brand":"PEDRO LUIS ","img":"https://sgfm.elcorteingles.es/SGFM/00/05/0/0118007200050/0118007200050000g01011.jpg","price":"2,55 €","price_unit":"(3,86 € / Litro)","categories":["Supermercado","Alimentación General","Legumbres","Garbanzos cocidos","PEDRO LUIS garbanzos cocidos al natural ecológicos frasco 660 g neto escurrido"],"general_information":["Denominación del alimento: Garbanzo al natural","Nombre del operador: Conservas Pedro Luís, S.L.","Dirección del operador: Pol.Industrial El Ramal, C/ Del Ramal 19 -31580- Lodosa (Navarra)","Cantidad Neta: 660,0 g","Peso neto escurrido: 425,0 g","Otras menciones obligatorias en la etiqueta: Recolección: Noviembre / Diciembre. Procedente de la agricultura ecológica. ES-ECO-025-NA. Agricultura de España."],"ingredients":[" Garbanzos*, agua y sal. * Procedente de agricultura ecológica."],"ean":"8425205011132"},{"full_name":"LA ASTURIANA garbanzos cocidos al natural frasco 400 g neto escurrido","name":"garbanzos cocidos al natural frasco 400 g neto escurrido","brand":"LA ASTURIANA ","img":"https://sgfm.elcorteingles.es/SGFM/00/20/3/0118007000203/0118007000203000g01011.jpg","price":"1,28 €","price_unit":"(3,20 € / Kilo)","categories":["Supermercado","Alimentación General","Legumbres","Garbanzos cocidos","LA ASTURIANA garbanzos cocidos al natural frasco 400 g neto escurrido"],"general_information":["Denominación del alimento: Garbanzo cocido natural","País de origen: España","Nombre del operador: Selección de Productos Leoneses,SA","Dirección del operador: Polígono Industrial de Cistierna. 24950 Vidanes - León","Cantidad Neta: 570 g","Peso neto escurrido: 400 g"],"ingredients":[" Garbanzos cocidos, agua, sal y antioxidantes (E-385)."],"conservation":" Una vez abierto, guardar en el frigo y consumir en máximo 5 días.","ean":"8410133139911"},{"full_name":"DON PEDRO ALTA SELECCION garbanza blanca cocida frasco 540 g","name":"garbanza blanca cocida frasco 540 g","brand":"DON PEDRO ALTA SELECCION ","img":"https://sgfm.elcorteingles.es/SGFM//00/89/8/0118007000898/0118007000898000g01011.jpg","price":"1,25 €","price_unit":"(2,31 € / Kilo)","categories":["Supermercado","Alimentación General","Legumbres","Garbanzos cocidos","DON PEDRO ALTA SELECCION garbanza blanca cocida frasco 540 g"],"general_information":["Denominación del alimento: Garbanza Blanca","Nombre del operador: Legumbres Pedro, S.L.","Dirección del operador: P.I. La Palmosa M-3, Calle CP. 13-17, alcalá de los Gazules (Cádiz).","Cantidad Neta: 540 g","Otras menciones obligatorias en la etiqueta: cocinado. Para una buena cocción recomendamos:tiempo de remojo de 10 a 12 horas"],"ingredients":[" Garbanzo 100%"],"conservation":" Conservar a temperatura ambiente en lugar fresco y seco. No exponer directamente a la luz solar.","ean":"8420933001677"},{"full_name":"CACHOPO garbanzos estofados ecológicos frasco 700 g","name":"garbanzos estofados ecológicos frasco 700 g","brand":"CACHOPO ","img":"https://sgfm.elcorteingles.es/SGFM/00/01/6/0118037500016/0118037500016000g01011.jpg","price":"3,47 €","price_unit":"(4,96 € / Kilo)","categories":["Supermercado","Alimentación General","Legumbres","Garbanzos cocidos","CACHOPO garbanzos estofados ecológicos frasco 700 g"],"general_information":["Denominación del alimento: Garbanzos estofados","País de origen: España","Nombre del operador: Conservas Cachopo, S.L.","Dirección del operador: Poza del Moral, 13 28380 Colmenar de Oreja - Madrid.","Cantidad Neta: 730 g","Otras menciones obligatorias en la etiqueta: Biologico, Clasificacion M"],"ingredients":[" Garbanzo pedrosillano, tomate, aceite de oliva virgen extra, pimentón dulce (de cultivo ecológico), agua y sal."],"conservation":" Conservar a temperatura ambiente, en lugar fresco y seco","ean":"8437000271574"},{"full_name":"ESPINALER garbanzos de Payés al natural frasco 340 g neto escurrido","name":"garbanzos de Payés al natural frasco 340 g neto escurrido","brand":"ESPINALER ","img":"https://sgfm.elcorteingles.es/SGFM/dctm/MEDIA03/201607/13/00118007000914____1__600x600.jpg","price":"3,50 €","price_unit":"(10,29 € / Kilo)","categories":["Supermercado","Alimentación General","Legumbres","Garbanzos cocidos","ESPINALER garbanzos de Payés al natural frasco 340 g neto escurrido"],"general_information":["Denominación del alimento: Cigrons pages espinaler vidre","País de origen: España","Nombre del operador: Espinaler, S.L.","Dirección del operador: Pol. Ind. Els Garrofers -Av. Progrés, 47 - 08340 Vilassar de Mar (Barcelona)","Cantidad Neta: 350 g","Peso neto escurrido: 280 g"],"ingredients":[" Garbanzos, agua y sal."],"conservation":" Conservar en lugar fresco y seco. Una vez abierto si no se consume inmediatamente, conservar refrigerado un máximo de 5 días.","ean":"8427230903697"},{"full_name":"LUENGO garbanzos cocidos ecológicos frasco 570 g","name":"garbanzos cocidos ecológicos frasco 570 g","brand":"LUENGO ","img":"https://sgfm.elcorteingles.es/SGFM/dctm/MEDIA03/201704/20/00118007200092____1__600x600.jpg","price":"1,90 €","price_unit":"(3,33 € / Kilo)","categories":["Supermercado","Alimentación General","Legumbres","Garbanzos cocidos","LUENGO garbanzos cocidos ecológicos frasco 570 g"],"general_information":["Denominación del alimento: Garbanzo ecológico cocido","Nombre del operador: LEGUMBRES LUENGO. S.A.","Dirección del operador: Ctra Nacional VI, km 314. 24794 Riego de la Vega (León)","Cantidad Neta: 570 g","Peso neto escurrido: 400 g"],"ingredients":[" Garbanzos,agua, sal y antioxidante (E-330)"],"conservation":" Una vez abierto se recomienda consumir antes de 2-3 días","ean":"8410505548624"},{"full_name":"EL CORTE INGLES lenteja pardina de Tierra de Campos saco 1 kg","name":"lenteja pardina de Tierra de Campos saco 1 kg","brand":"EL CORTE INGLES ","img":"https://sgfm.elcorteingles.es/SGFM/dctm/MEDIA03/201705/04/00118007700729____1__600x600.jpg","price":"2,54 €","price_unit":"(2,54 € / Kilo)","categories":["Supermercado","Alimentación General","Legumbres","Lentejas pardinas","EL CORTE INGLES lenteja pardina de Tierra de Campos saco 1 kg"],"general_information":["Nombre del operador: Envasado para El Corte Inglés\npor\nLegumbres Luengo SA.\nCtra. Nacional VI, km 314\n24794 Riego de la Vega - León - España","Lugar de procedencia del alimento: Origen: España","Cantidad Neta: 1 Kilogramos"],"ingredients":[],"conservation":" Mantener en lugar fresco, seco  y  oscuro","ean":"8433329078993"},{"full_name":"ALIADA lenteja pardina extra paquete 1 kg","name":"lenteja pardina extra paquete 1 kg","brand":"ALIADA ","img":"https://sgfm.elcorteingles.es/SGFM/dctm/MEDIA02/CONTENIDOS/201409/16/00118007700786____1__600x600.jpg","price":"1,52 €","price_unit":"(1,52 € / Kilo)","categories":["Supermercado","Alimentación General","Legumbres","Lentejas pardinas","ALIADA lenteja pardina extra paquete 1 kg"],"general_information":["Nombre del operador: Envasado para el Grupo El Corte Inglés\nHermosilla, 112   28009 Madrid ? España por CIF: A24010993","Lugar de procedencia del alimento: Origen: USA","Cantidad Neta: 1 Kilogramos"],"ingredients":[],"conservation":" Mantener en lugar fresco, seco  y  oscuro","ean":"8433329078931"},{"full_name":"LA ASTURIANA lenteja pardina Tierra De Campos paquete 1 kg","name":"lenteja pardina Tierra De Campos paquete 1 kg","brand":"LA ASTURIANA ","img":"https://sgfm.elcorteingles.es/SGFM/dctm/MEDIA02/CONTENIDOS/201409/03/00118007700810____1__600x600.jpg","price":"4,30 €            ","price_unit":"(3,75 € / Kilo)","categories":["Supermercado","Alimentación General","Legumbres","Lentejas pardinas","LA ASTURIANA lenteja pardina Tierra De Campos paquete 1 kg"],"general_information":["Denominación del alimento: Lenteja Pardina de Tierra de Campos","País de origen: España","Nombre del operador: Selección de Productos Leoneses,SA","Dirección del operador: Ctra. N-625, Km 56. Polg. Ind. Cistierna P-32. 24950 Vidanes (LEON)","Lugar de procedencia del alimento: España","Cantidad Neta: 1 Kilogramos","Otras menciones obligatorias en la etiqueta: Accidentalmente puede contener granos de cereal"],"ingredients":[" Lenteja procedente de la I.G.P. Lenteja de Tierra de Campos"],"conservation":" Conservar en lugar fresco, seco y no expuesto a la luz solar","ean":"8410133110538"},{"full_name":"LA ASTURIANA lenteja pardina extra paquete 1 kg","name":"lenteja pardina extra paquete 1 kg","brand":"LA ASTURIANA ","img":"https://sgfm.elcorteingles.es/SGFM/dctm/MEDIA02/CONTENIDOS/201408/20/00118007700067____1__600x600.jpg","price":"3,79 €","price_unit":"(3,79 € / Kilo)","categories":["Supermercado","Alimentación General","Legumbres","Lentejas pardinas","LA ASTURIANA lenteja pardina extra paquete 1 kg"],"general_information":["Denominación del alimento: Lenteja Pardina","País de origen: España","Nombre del operador: SEPROLESA","Dirección del operador: Polígono Industrial de Cistierna. 24950 Vidanes - León","Lugar de procedencia del alimento: USA","Cantidad Neta: 1 Kilogramos","Otras menciones obligatorias en la etiqueta: Accidentalmente puede contener granos de cereal"],"ingredients":[" Lenteja pardina"],"conservation":" Mantener el producto en lugar seco, fresco y no exponerlo directamente a la luz solar","ean":"8410133110514"},{"full_name":"LA ASTURIANA lenteja pardina extra paquete 500 g","name":"lenteja pardina extra paquete 500 g","brand":"LA ASTURIANA ","img":"https://sgfm.elcorteingles.es/SGFM/00/07/5/0118007700075/0118007700075000g01011.jpg","price":"2,35 €","price_unit":"(4,70 € / Kilo)","categories":["Supermercado","Alimentación General","Legumbres","Lentejas pardinas","LA ASTURIANA lenteja pardina extra paquete 500 g"],"general_information":["Denominación del alimento: Lenteja Pardina","País de origen: España","Nombre del operador: SEPROLESA","Dirección del operador: Polígono Industrial de Cistierna. 24950 Vidanes - León","Lugar de procedencia del alimento: USA","Cantidad Neta: 500 g","Otras menciones obligatorias en la etiqueta: Accidentalmente puede contener granos de cereal"],"ingredients":[" Lenteja pardina"],"conservation":" Mantener el producto en lugar seco, fresco y no exponerlo directamente a la luz solar","ean":"8410133110521"},{"full_name":"VEGAS BAÑEZANAS lenteja pardina saco 1 kg","name":"lenteja pardina saco 1 kg","brand":"VEGAS BAÑEZANAS ","img":"https://sgfm.elcorteingles.es/SGFM/00/23/2/0118007700232/0118007700232000g01011.jpg","price":"2,86 €","price_unit":"(2,86 € / Kilo)","categories":["Supermercado","Alimentación General","Legumbres","Lentejas pardinas","VEGAS BAÑEZANAS lenteja pardina saco 1 kg"],"general_information":["Denominación del alimento: Lenteja pardina","Nombre del operador: LEGUMBRES LUENGO. S.A.","Dirección del operador: Ctra Nacional VI, km 314. 24794 Riego de la Vega (León)","Cantidad Neta: 1000 g"],"ingredients":[" Lenteja pardina"],"conservation":" Consérvese en lugar fresco, seco y oscuro.","ean":"8414822032026"},{"full_name":"LA FUENSANTICA lenteja pardina extra paquete 1 kg","name":"lenteja pardina extra paquete 1 kg","brand":"LA FUENSANTICA ","img":"https://sgfm.elcorteingles.es/SGFM/dctm/MEDIA02/CONTENIDOS/201410/02/00118007700299____1__600x600.jpg","price":"2,80 €","price_unit":"(2,80 € / Kilo)","categories":["Supermercado","Alimentación General","Legumbres","Lentejas pardinas","LA FUENSANTICA lenteja pardina extra paquete 1 kg"],"general_information":["Denominación del alimento: Lentejas","País de origen: Estados Unidos","Nombre del operador: Legumbres La Fuensantica S.A.","Dirección del operador: Ct. Mazarrón, Km. 2 - 30120 El Palmar (Murcia)","Cantidad Neta: 1000 g"],"ingredients":[" Lentejas"],"conservation":" Conservar en lugar fresco, seco y sin luz solar.","ean":"8411880660017"},{"full_name":"LEGUMBRES PEDRO lenteja pardina paquete 1 kg","name":"lenteja pardina paquete 1 kg","brand":"LEGUMBRES PEDRO ","img":"https://sgfm.elcorteingles.es/SGFM//00/75/2/0118007700752/0118007700752000g01011.jpg","price":"1,85 €","price_unit":"(1,85 € / Kilo)","categories":["Supermercado","Alimentación General","Legumbres","Lentejas pardinas","LEGUMBRES PEDRO lenteja pardina paquete 1 kg"],"general_information":["Denominación del alimento: Lenteja pardina","Nombre del operador: Legumbres Pedro, S.L.","Dirección del operador: P.I. La Palmosa M-3, Calle CP. 13-17, alcalá de los Gazules (Cádiz).","Cantidad Neta: 1 Kilogramos"],"ingredients":[" Lenteja 100%"],"conservation":" Conservar a temperatura ambiente en lugar fresco y seco. No exponer directamente a la luz solar.","ean":"8420933000243"},{"full_name":"LEREN lenteja pardina paquete 1 kg","name":"lenteja pardina paquete 1 kg","brand":"LEREN ","img":"https://sgfm.elcorteingles.es/SGFM/dctm/MEDIA02/CONTENIDOS/201410/02/00118007700166____1__600x600.jpg","price":"2,80 €","categories":["Supermercado","Alimentación General","Legumbres","Lentejas pardinas","LEREN lenteja pardina paquete 1 kg"],"general_information":["Denominación del alimento: Lentejas","País de origen: Estados Unidos","Nombre del operador: Legumbres La Fuensantica S.A.","Dirección del operador: Ct. Mazarrón, Km. 2 - 30120 El Palmar (Murcia)","Cantidad Neta: 1000 g"],"ingredients":[" Lentejas"],"conservation":" Conservar en lugar fresco, seco y sin luz solar.","ean":"8410271313037"},{"full_name":"LEREN lenteja pardina campiña extra paquete 1 kg","name":"lenteja pardina campiña extra paquete 1 kg","brand":"LEREN ","img":"https://sgfm.elcorteingles.es/SGFM/dctm/MEDIA02/CONTENIDOS/201410/02/00118007700240____1__600x600.jpg","price":"2,80 €","categories":["Supermercado","Alimentación General","Legumbres","Lentejas pardinas","LEREN lenteja pardina campiña extra paquete 1 kg"],"general_information":["Denominación del alimento: Lentejas","País de origen: Canad ","Nombre del operador: Legumbres La Fuensantica S.A.","Dirección del operador: Ct. Mazarrón, Km. 2 - 30120 El Palmar (Murcia)","Cantidad Neta: 1000 g"],"ingredients":[" Lentejas"],"conservation":" Conservar en lugar fresco, seco y sin luz solar.","ean":"8410271313075"},{"full_name":"LA PEDRIZA lenteja pardina bolsa 1 kg","name":"lenteja pardina bolsa 1 kg","brand":"LA PEDRIZA ","img":"https://sgfm.elcorteingles.es/SGFM/00/27/0/0200107700270/0200107700270000g01011.jpg","price":"2,60 €","categories":["Supermercado","Alimentación General","Legumbres","Lentejas pardinas","LA PEDRIZA lenteja pardina bolsa 1 kg"],"general_information":[],"ingredients":[],"ean":"8411426200035"},{"full_name":"LUENGO Origen lenteja pardina extra Tierra de Campos paquete 1 kg","name":"Origen lenteja pardina extra Tierra de Campos paquete 1 kg","brand":"LUENGO ","img":"https://sgfm.elcorteingles.es/SGFM/dctm/MEDIA03/201610/27/00118007700935____1__600x600.jpg","price":"2,95 €","price_unit":"(2,95 € / Kilo)","categories":["Supermercado","Alimentación General","Legumbres","Lentejas pardinas","LUENGO Origen lenteja pardina extra Tierra de Campos paquete 1 kg"],"general_information":["Denominación del alimento: Lenteja pardina IGP","Nombre del operador: LEGUMBRES LUENGO. S.A.","Dirección del operador: Ctra Nacional VI, km 314. 24794 Riego de la Vega (León)","Cantidad Neta: 1000 g"],"ingredients":[" Lenteja pardina"],"conservation":" Consérvese en lugar fresco, seco y oscuro.","ean":"8410505420906"},{"full_name":"LUENGO lenteja pardina de León paquete 1 kg","name":"lenteja pardina de León paquete 1 kg","brand":"LUENGO ","img":"https://sgfm.elcorteingles.es/SGFM/00/59/3/0200107700593/0200107700593000g01011.jpg","price":"3,15 €","price_unit":"(3,15 € / Kilo)","categories":["Supermercado","Alimentación General","Legumbres","Lentejas pardinas","LUENGO lenteja pardina de León paquete 1 kg"],"general_information":[],"ingredients":[],"ean":"8410505602111"},{"full_name":"DON PEDRO ALTA SELECCION lenteja pardina paquete 1 kg","name":"lenteja pardina paquete 1 kg","brand":"DON PEDRO ALTA SELECCION ","img":"https://sgfm.elcorteingles.es/SGFM/dctm/MEDIA03/201611/22/00118007700943____1__600x600.jpg","price":"2,53 €            ","price_unit":"(2,40 € / Kilo)","categories":["Supermercado","Alimentación General","Legumbres","Lentejas pardinas","DON PEDRO ALTA SELECCION lenteja pardina paquete 1 kg"],"general_information":["Denominación del alimento: Lenteja Pardina","Nombre del operador: Legumbres Pedro, S.L.","Dirección del operador: P.I. La Palmosa M-3, Calle CP. 13-17, alcalá de los Gazules (Cádiz).","Cantidad Neta: 1 Kilogramos","Otras menciones obligatorias en la etiqueta: cocinado. Para una buena cocción recomendamos:tiempo de remojo de 10 a 12 horas"],"ingredients":[" Lenteja 100%"],"conservation":" Conservar a temperatura ambiente en lugar fresco y seco. No exponer directamente a la luz solar.","ean":"8420933001967"},{"full_name":"ALIADA lenteja castellana extra paquete 1 kg","name":"lenteja castellana extra paquete 1 kg","brand":"ALIADA ","img":"https://sgfm.elcorteingles.es/SGFM/dctm/MEDIA02/CONTENIDOS/201409/16/00118007700794____1__600x600.jpg","price":"1,33 €","price_unit":"(1,33 € / Kilo)","categories":["Supermercado","Alimentación General","Legumbres","Lentejas castellanas","ALIADA lenteja castellana extra paquete 1 kg"],"general_information":["Nombre del operador: Envasado para el Grupo El Corte Inglés\nHermosilla, 112   28009 Madrid ? España por CIF: A24010993","Lugar de procedencia del alimento: Origen: Canadá","Cantidad Neta: 1 Kilogramos"],"ingredients":[],"conservation":" Mantener en lugar fresco, seco  y  oscuro","ean":"8433329079044"},{"full_name":"LA ASTURIANA lentejas castellanas paquete 1 kg","name":"lentejas castellanas paquete 1 kg","brand":"LA ASTURIANA ","img":"https://sgfm.elcorteingles.es/SGFM/dctm/MEDIA02/CONTENIDOS/201408/20/00118007700026____1__600x600.jpg","price":"3,79 €","price_unit":"(3,79 € / Kilo)","categories":["Supermercado","Alimentación General","Legumbres","Lentejas castellanas","LA ASTURIANA lentejas castellanas paquete 1 kg"],"general_information":["Denominación del alimento: Lentejas","País de origen: España","Nombre del operador: SEPROLESA","Dirección del operador: Polígono Industrial de Cistierna. 24950 Vidanes - León","Lugar de procedencia del alimento: Canada","Cantidad Neta: 1 Kilogramos","Otras menciones obligatorias en la etiqueta: Accidentalmente puede contener granos de cereal"],"ingredients":[" Lentejas"],"conservation":" Mantener el producto en lugar seco, fresco y no exponerlo directamente a la luz solar","ean":"8410133110811"},{"full_name":"LA ASTURIANA lenteja castellana paquete 500 g","name":"lenteja castellana paquete 500 g","brand":"LA ASTURIANA ","img":"https://sgfm.elcorteingles.es/SGFM/dctm/MEDIA02/CONTENIDOS/201501/08/00118007700851____1__600x600.jpg","price":"2,25 €","price_unit":"(4,50 € / Kilo)","categories":["Supermercado","Alimentación General","Legumbres","Lentejas castellanas","LA ASTURIANA lenteja castellana paquete 500 g"],"general_information":["Denominación del alimento: Lentejas","País de origen: España","Nombre del operador: SEPROLESA","Dirección del operador: Polígono Industrial de Cistierna. 24950 Vidanes - León","Lugar de procedencia del alimento: Canada","Cantidad Neta: 500 g","Otras menciones obligatorias en la etiqueta: Accidentalmente puede contener granos de cereal"],"ingredients":[" Lentejas"],"conservation":" Mantener el producto en lugar seco, fresco y no exponerlo directamente a la luz solar","ean":"8410133110828"},{"full_name":"LA ASTURIANA lenteja cocción rápida paquete 1 kg","name":"lenteja cocción rápida paquete 1 kg","brand":"LA ASTURIANA ","img":"https://sgfm.elcorteingles.es/SGFM/00/13/3/0118007700133/0118007700133000g01011.jpg","price":"4,15 €","price_unit":"(4,15 € / Kilo)","categories":["Supermercado","Alimentación General","Legumbres","Lentejas castellanas","LA ASTURIANA lenteja cocción rápida paquete 1 kg"],"general_information":["Denominación del alimento: Lenteja Extrafina Cocción Rápida","País de origen: España","Nombre del operador: SEPROLESA","Dirección del operador: Polígono Industrial de Cistierna. 24950 Vidanes - León","Lugar de procedencia del alimento: USA","Cantidad Neta: 1 Kilogramos","Otras menciones obligatorias en la etiqueta: Accidentalmente puede contener granos de cereal"],"ingredients":[" Lenteja cocción rápida"],"conservation":" Mantener el producto en lugar seco, fresco y no exponerlo directamente a la luz solar","ean":"8410133110415"},{"full_name":"VEGAS BAÑEZANAS lenteja castellana saco 1 kg","name":"lenteja castellana saco 1 kg","brand":"VEGAS BAÑEZANAS ","img":"https://sgfm.elcorteingles.es/SGFM/00/12/5/0118007700125/0118007700125000g01011.jpg","price":"2,30 €","categories":["Supermercado","Alimentación General","Legumbres","Lentejas castellanas","VEGAS BAÑEZANAS lenteja castellana saco 1 kg"],"general_information":["Denominación del alimento: Lenteja castellana","Nombre del operador: LEGUMBRES LUENGO. S.A.","Dirección del operador: Ctra Nacional VI, km 314. 24794 Riego de la Vega (León)","Cantidad Neta: 1000 g"],"ingredients":[" Lenteja castellana"],"conservation":" Consérvese en lugar fresco, seco y oscuro.","ean":"8414822031012"},{"full_name":"VEGAS BAÑEZANAS lenteja castellana ecológica caja 1 kg","name":"lenteja castellana ecológica caja 1 kg","brand":"VEGAS BAÑEZANAS ","img":"https://sgfm.elcorteingles.es/SGFM/00/03/0/0118007900030/0118007900030000g01011.jpg","price":"3,65 €","price_unit":"(3,65 € / Kilo)","categories":["Supermercado","Alimentación General","Legumbres","Lentejas castellanas","VEGAS BAÑEZANAS lenteja castellana ecológica caja 1 kg"],"general_information":["Denominación del alimento: Lenteja ecológica","Nombre del operador: LEGUMBRES LUENGO. S.A.","Dirección del operador: Ctra Nacional VI, km 314. 24794 Riego de la Vega (León)","Cantidad Neta: 1000 g"],"ingredients":[" Lenteja ecológica"],"conservation":" Consérvese en lugar fresco, seco y oscuro.","ean":"8414822050068"},{"full_name":"LUENGO lenteja castellana de León paquete 1 kg","name":"lenteja castellana de León paquete 1 kg","brand":"LUENGO ","img":"https://sgfm.elcorteingles.es/SGFM/00/58/5/0200107700585/0200107700585000g01011.jpg","price":"3,76 €","price_unit":"(3,76 € / Kilo)","categories":["Supermercado","Alimentación General","Legumbres","Lentejas castellanas","LUENGO lenteja castellana de León paquete 1 kg"],"general_information":["Denominación del alimento: Lenteja Castellana","Nombre del operador: LEGUMBRES LUENGO. S.A.","Dirección del operador: Ctra Nacional VI, km 314. 24794 Riego de la Vega (León)","Cantidad Neta: 1000 g"],"ingredients":[" Lenteja Castellana"],"conservation":" Consérvese en lugar fresco, seco y oscuro.","ean":"8410505181128"},{"full_name":"LUENGO lenteja ecológica paquete 500 g","name":"lenteja ecológica paquete 500 g","brand":"LUENGO ","img":"https://sgfm.elcorteingles.es/SGFM/dctm/MEDIA03/201703/31/00118007900055____1__600x600.jpg","price":"3,60 €","price_unit":"(7,20 € / Kilo)","categories":["Supermercado","Alimentación General","Legumbres","Lentejas castellanas","LUENGO lenteja ecológica paquete 500 g"],"general_information":["Denominación del alimento: Lenteja ecológica","Nombre del operador: LEGUMBRES LUENGO. S.A.","Dirección del operador: Ctra Nacional VI, km 314. 24794 Riego de la Vega (León)","Cantidad Neta: 500 g"],"ingredients":[" Lenteja pardina"],"conservation":" Consérvese en lugar fresco, seco y oscuro.","ean":"8410505428193"},{"full_name":"LEGUMBRES PEDRO lenteja castellana paquete 1 kg","name":"lenteja castellana paquete 1 kg","brand":"LEGUMBRES PEDRO ","img":"https://sgfm.elcorteingles.es/SGFM//00/74/5/0118007700745/0118007700745000g01011.jpg","price":"1,80 €","price_unit":"(1,80 € / Kilo)","categories":["Supermercado","Alimentación General","Legumbres","Lentejas castellanas","LEGUMBRES PEDRO lenteja castellana paquete 1 kg"],"general_information":["Denominación del alimento: Lenteja castellana","Nombre del operador: Legumbres Pedro, S.L.","Dirección del operador: P.I. La Palmosa M-3, Calle CP. 13-17, alcalá de los Gazules (Cádiz).","Cantidad Neta: 1 Kilogramos"],"ingredients":[" Lenteja 100%"],"conservation":" Conservar a temperatura ambiente en lugar fresco y seco. No exponer directamente a la luz solar.","ean":"8420933000236"},{"full_name":"LEREN lenteja castellana extra paquete 1 kg","name":"lenteja castellana extra paquete 1 kg","brand":"LEREN ","img":"https://sgfm.elcorteingles.es/SGFM/dctm/MEDIA02/CONTENIDOS/201410/02/00118007700158____1__600x600.jpg","price":"2,80 €","categories":["Supermercado","Alimentación General","Legumbres","Lentejas castellanas","LEREN lenteja castellana extra paquete 1 kg"],"general_information":["Denominación del alimento: Lentejas","País de origen: Canad ","Nombre del operador: Legumbres La Fuensantica S.A.","Dirección del operador: Ct. Mazarrón, Km. 2 - 30120 El Palmar (Murcia)","Cantidad Neta: 1000 g"],"ingredients":[" Lentejas"],"conservation":" Conservar en lugar fresco, seco y sin luz solar.","ean":"8410271313013"},{"full_name":"LA PEDRIZA lenteja castellana bolsa 1 kg","name":"lenteja castellana bolsa 1 kg","brand":"LA PEDRIZA ","img":"https://sgfm.elcorteingles.es/SGFM/00/26/2/0200107700262/0200107700262000g01011.jpg","price":"2,05 €","categories":["Supermercado","Alimentación General","Legumbres","Lentejas castellanas","LA PEDRIZA lenteja castellana bolsa 1 kg"],"general_information":[],"ingredients":[],"ean":"8411426300018"},{"full_name":"COCHERITO lenteja castellana extra paquete 1 kg","name":"lenteja castellana extra paquete 1 kg","brand":"COCHERITO ","img":"https://sgfm.elcorteingles.es/SGFM/dctm/MEDIA02/CONTENIDOS/201410/02/00118007700117____1__600x600.jpg","price":"2,82 €","categories":["Supermercado","Alimentación General","Legumbres","Lentejas castellanas","COCHERITO lenteja castellana extra paquete 1 kg"],"general_information":["Denominación del alimento: Lentejas","País de origen: Estados Unidos","Nombre del operador: Legumbres La Fuensantica S.A.","Dirección del operador: Ct. Mazarrón, Km. 2 - 30120 El Palmar (Murcia)","Cantidad Neta: 1000 g"],"ingredients":[" Lentejas"],"conservation":" Conservar en lugar fresco, seco y sin luz solar.","ean":"8410271113019"},{"full_name":"GARCIA lenteja castellana Oro extra bolsa 500 g","name":"lenteja castellana Oro extra bolsa 500 g","brand":"GARCIA ","img":"https://sgfm.elcorteingles.es/SGFM/00/20/8/0118007700208/0118007700208000g01011.jpg","price":"0,99 €","price_unit":"(1,98 € / Kilo)","categories":["Supermercado","Alimentación General","Legumbres","Lentejas castellanas","GARCIA lenteja castellana Oro extra bolsa 500 g"],"general_information":[],"ingredients":[],"ean":"8410237000018"},{"full_name":"ECORAUL lenteja castellana ecológica paquete 500 g","name":"lenteja castellana ecológica paquete 500 g","brand":"ECORAUL ","img":"https://sgfm.elcorteingles.es/SGFM/dctm/MEDIA03/201707/27/00118007900063____1__600x600.jpg","price":"1,95 €","categories":["Supermercado","Alimentación General","Legumbres","Lentejas castellanas","ECORAUL lenteja castellana ecológica paquete 500 g"],"general_information":[],"ingredients":[],"ean":"8410687202345"},{"full_name":"EL CORTE INGLES lentejas cocidas extra frasco 400 g neto escurrido","name":"lentejas cocidas extra frasco 400 g neto escurrido","brand":"EL CORTE INGLES ","img":"https://sgfm.elcorteingles.es/SGFM/dctm/MEDIA03/201609/23/00118007400189____2__600x600.jpg","price":"1,02 €","price_unit":"(2,55 € / Kilo)","categories":["Supermercado","Alimentación General","Legumbres","Lentejas cocidas","EL CORTE INGLES lentejas cocidas extra frasco 400 g neto escurrido"],"general_information":["Denominación del alimento: Lentejas Cocidas.   ","Nombre del operador: Fabricado para El Corte Inglés por GRUPO RIBEREBRO Polígono Industrial La Llanada 26540 - Alfaro (La Rioja). España","Cantidad Neta: 560 g","Peso neto escurrido: 400 g","Número de raciones por envase: 5"],"ingredients":[" Ingredientes: Lentejas,  agua,  sal,  antioxidante (EDTA y ácido ascórbico) Puede contener"],"ean":"8433329009072"},{"full_name":"EL CORTE INGLES lentejas cocidas extra frasco 200 g neto escurrido","name":"lentejas cocidas extra frasco 200 g neto escurrido","brand":"EL CORTE INGLES ","img":"https://sgfm.elcorteingles.es/SGFM/dctm/MEDIA03/201609/23/00118007400197____1__600x600.jpg","price":"0,83 €","price_unit":"(4,15 € / Kilo)","categories":["Supermercado","Alimentación General","Legumbres","Lentejas cocidas","EL CORTE INGLES lentejas cocidas extra frasco 200 g neto escurrido"],"general_information":["Denominación del alimento: Lentejas Cocidas  ","Nombre del operador: Fabricado para El Corte Inglés por GRUPO RIBEREBRO Polígono Industrial La Llanada 26540 - Alfaro (La Rioja). España","Cantidad Neta: 290 g","Peso neto escurrido: 200 g","Número de raciones por envase: 2"],"ingredients":[" Ingredientes: Lentejas,  agua,  sal,  antioxidante (EDTA y ácido ascórbico) Puede contener"],"ean":"8433329009102"},{"full_name":"ALIADA lentejas cocidas frasco 400 g neto escurrido","name":"lentejas cocidas frasco 400 g neto escurrido","brand":"ALIADA ","img":"https://sgfm.elcorteingles.es/SGFM/dctm/MEDIA02/CONTENIDOS/201409/01/00200107400236____1__600x600.jpg","price":"0,62 €","price_unit":"(1,55 € / Kilo)","categories":["Supermercado","Alimentación General","Legumbres","Lentejas cocidas","ALIADA lentejas cocidas frasco 400 g neto escurrido"],"general_information":["Denominación del alimento: Lentejas cocidas. Categoría Extra","Nombre del operador: Elaborado para\nEl  Grupo El Corte Inglés \nHermosilla, 112 ? 28009 Madrid ? España por NIF: A 24010993","Cantidad Neta: 570 g","Peso neto escurrido: 400 g","Número de raciones por envase: 2"],"ingredients":[" Ingredientes: Lentejas, agua, sal y antioxidantes E-385 y E-300"],"conservation":" Una vez abierto conservar en frigorífico y consumir en un máximo de 5 días.","ean":"8433329001809"},{"full_name":"JA'E lentejas cocidas extra lata 500 g neto escurrido","name":"lentejas cocidas extra lata 500 g neto escurrido","brand":"JA'E ","img":"https://sgfm.elcorteingles.es/SGFM/00/16/3/0118007400163/0118007400163000g01011.jpg","price":"1,35 €","price_unit":"(2,70 € / Kilo)","categories":["Supermercado","Alimentación General","Legumbres","Lentejas cocidas","JA'E lentejas cocidas extra lata 500 g neto escurrido"],"general_information":["Denominación del alimento: Lenteja Extra","País de origen: España","Nombre del operador: RIBEREBRO INTEGRAL, SAU","Dirección del operador: Poligono Industrial La Llanada - 26540 Alfaro La Rioja","Cantidad Neta: 600 g","Peso neto escurrido: 500 g","Número de raciones por envase: 1"],"ingredients":[" Lenteja, agua, antioxidante E-385 y ácido ascórbico(E-300)"],"conservation":" Almacenar en ambiente fresco y seco, una vez abierto mantener refrigerado y consumir antes del tercer día de su apertura","ean":"8412151070313"},{"full_name":"JA'E lentejas cocidas extra lata 250 g neto escurrido","name":"lentejas cocidas extra lata 250 g neto escurrido","brand":"JA'E ","img":"https://sgfm.elcorteingles.es/SGFM/00/17/1/0118007400171/0118007400171000g01011.jpg","price":"0,75 €","price_unit":"(3 € / Kilo)","categories":["Supermercado","Alimentación General","Legumbres","Lentejas cocidas","JA'E lentejas cocidas extra lata 250 g neto escurrido"],"general_information":["Denominación del alimento: Lenteja Extra","País de origen: España","Nombre del operador: RIBEREBRO INTEGRAL, SAU","Dirección del operador: Poligono Industrial La Llanada - 26540 Alfaro La Rioja","Cantidad Neta: 390 g","Peso neto escurrido: 250 g","Número de raciones por envase: 1"],"ingredients":[" Lenteja, agua, antioxidante E-385 y ácido ascórbico(E-300)"],"conservation":" Almacenar en ambiente fresco y seco, una vez abierto mantener refrigerado y consumir antes del tercer día de su apertura","ean":"8412151070320"},{"full_name":"JA'E lentejas cocidas extra frasco 400 g neto escurrido","name":"lentejas cocidas extra frasco 400 g neto escurrido","brand":"JA'E ","img":"https://sgfm.elcorteingles.es/SGFM/dctm/MEDIA02/CONTENIDOS/201408/20/00118007400155____1__600x600.jpg","price":"1,28 €","price_unit":"(3,20 € / Kilo)","categories":["Supermercado","Alimentación General","Legumbres","Lentejas cocidas","JA'E lentejas cocidas extra frasco 400 g neto escurrido"],"general_information":["Denominación del alimento: Lentejas Extra","País de origen: España","Nombre del operador: RIBEREBRO INTEGRAL, SAU","Dirección del operador: Poligono Industrial La Llanada - 26540 Alfaro La Rioja","Cantidad Neta: 560 g","Peso neto escurrido: 400 g","Número de raciones por envase: 1"],"ingredients":[" Lenteja, agua, antioxidante E-385 y ácido ascórbico(E-300)"],"conservation":" Una vez abierto el tarro conservar en el frigorífico","ean":"8412151075318"},{"full_name":"CIDACOS lentejas cocidas extra frasco 400 g neto escurrido","name":"lentejas cocidas extra frasco 400 g neto escurrido","brand":"CIDACOS ","img":"https://sgfm.elcorteingles.es/SGFM/00/14/8/0118007400148/0118007400148000g01011.jpg","price":"1,25 €","price_unit":"(3,12 € / Kilo)","categories":["Supermercado","Alimentación General","Legumbres","Lentejas cocidas","CIDACOS lentejas cocidas extra frasco 400 g neto escurrido"],"general_information":["Denominación del alimento: Lentejas extras","Nombre del operador: Conservas el Cidacos S.A.","Dirección del operador: Crta. De Calahorra km. 1 26560 Autol (La Rioja)","Lugar de procedencia del alimento: DO España","Cantidad Neta: 570,0 g","Peso neto escurrido: 400,0 g"],"ingredients":[" Lentejas, agua y sal. Antioxidantes: E-385."],"conservation":" Mantener en lugar fresco y seco.","ean":"8410313335812"},{"full_name":"CIDACOS lentejas extra cocidas bajo en sal frasco 400 g neto escurrido","name":"lentejas extra cocidas bajo en sal frasco 400 g neto escurrido","brand":"CIDACOS ","img":"https://sgfm.elcorteingles.es/SGFM/00/15/2/0200107400152/0200107400152000g01011.jpg","price":"1,25 €","price_unit":"(3,12 € / Kilo)","categories":["Supermercado","Alimentación General","Legumbres","Lentejas cocidas","CIDACOS lentejas extra cocidas bajo en sal frasco 400 g neto escurrido"],"general_information":["Denominación del alimento: Lentejas sin sal añadida extras","Nombre del operador: Conservas el Cidacos S.A.","Dirección del operador: Crta. De Calahorra km. 1 26560 Autol (La Rioja)","Lugar de procedencia del alimento: DO España","Cantidad Neta: 570,0 g","Peso neto escurrido: 400,0 g"],"ingredients":[" Lentejas y agua. Antioxidantes: E-385."],"conservation":" Mantener en lugar fresco y seco.","ean":"8410313335850"},{"full_name":"ESPINALER lentejas belugas al natural frasco 340 g neto escurrido","name":"lentejas belugas al natural frasco 340 g neto escurrido","brand":"ESPINALER ","img":"https://sgfm.elcorteingles.es/SGFM/dctm/MEDIA03/201607/13/00118007400296____1__600x600.jpg","price":"3,52 €","price_unit":"(10,35 € / Kilo)","categories":["Supermercado","Alimentación General","Legumbres","Lentejas cocidas","ESPINALER lentejas belugas al natural frasco 340 g neto escurrido"],"general_information":["Denominación del alimento: Llenties espinaler vidre caviar","País de origen: España","Nombre del operador: Espinaler, S.L.","Dirección del operador: Pol. Ind. Els Garrofers -Av. Progrés, 47 - 08340 Vilassar de Mar (Barcelona)","Cantidad Neta: 350 g","Peso neto escurrido: 280 g"],"ingredients":[" Lentejas, agua y sal."],"conservation":" Conservar en lugar fresco y seco. Una vez abierto si no se consume inmediatamente, conservar refrigerado un máximo de 5 días.","ean":"8427230903703"},{"full_name":"LUENGO Origen lentejas cocidas de Tierra de Campos extra frasco 400 g","name":"Origen lentejas cocidas de Tierra de Campos extra frasco 400 g","brand":"LUENGO ","img":"https://sgfm.elcorteingles.es/SGFM/dctm/MEDIA03/201704/04/00118007400304____1__600x600.jpg","price":"1,10 €","price_unit":"(2,75 € / Kilo)","categories":["Supermercado","Alimentación General","Legumbres","Lentejas cocidas","LUENGO Origen lentejas cocidas de Tierra de Campos extra frasco 400 g"],"general_information":["Denominación del alimento: Lenteja Origen cocida","Nombre del operador: LEGUMBRES LUENGO. S.A.","Dirección del operador: Ctra Nacional VI, km 314. 24794 Riego de la Vega (León)","Cantidad Neta: 570 g","Peso neto escurrido: 400 g"],"ingredients":[" Lentejas,agua, sal y antioxidantes (E-385 y E-300)"],"conservation":" Una vez abierto se recomienda consumir antes de 2-3 días","ean":"8410505421620"},{"full_name":"LUENGO lentejas cocidas ecológicas frasco 570 g","name":"lentejas cocidas ecológicas frasco 570 g","brand":"LUENGO ","img":"https://sgfm.elcorteingles.es/SGFM/dctm/MEDIA03/201704/20/00118007200084____1__600x600.jpg","price":"1,90 €","price_unit":"(3,33 € / Kilo)","categories":["Supermercado","Alimentación General","Legumbres","Lentejas cocidas","LUENGO lentejas cocidas ecológicas frasco 570 g"],"general_information":["Denominación del alimento: Lenteja ecológica cocida","Nombre del operador: LEGUMBRES LUENGO. S.A.","Dirección del operador: Ctra Nacional VI, km 314. 24794 Riego de la Vega (León)","Cantidad Neta: 570 g","Peso neto escurrido: 400 g"],"ingredients":[" Lentejas,agua, sal y antioxidante (E-300)"],"conservation":" Una vez abierto se recomienda consumir antes de 2-3 días","ean":"8410505428629"},{"full_name":"EL CORTE INGLES alubia riñón de la Bañeza León saco 1 kg","name":"alubia riñón de la Bañeza León saco 1 kg","brand":"EL CORTE INGLES ","img":"https://sgfm.elcorteingles.es/SGFM/dctm/MEDIA03/201705/04/00118006301479____1__600x600.jpg","price":"3,64 €","price_unit":"(3,64 € / Kilo)","categories":["Supermercado","Alimentación General","Legumbres","Alubias blancas","EL CORTE INGLES alubia riñón de la Bañeza León saco 1 kg"],"general_information":["Nombre del operador: Envasado para El Corte Inglés\npor\nLegumbres Luengo SA.\nCtra. Nacional VI, km 314\n24794 Riego de la Vega - León - España","Lugar de procedencia del alimento: Origen: España","Cantidad Neta: 1 Kilogramos"],"ingredients":[],"conservation":" Mantener en lugar fresco, seco  y  oscuro","ean":"8433329078962"},{"full_name":"ALIADA alubia blanca paquete 1 kg","name":"alubia blanca paquete 1 kg","brand":"ALIADA ","img":"https://sgfm.elcorteingles.es/SGFM/dctm/MEDIA02/CONTENIDOS/201601/21/00118006301610____1__600x600.jpg","price":"1,69 €","categories":["Supermercado","Alimentación General","Legumbres","Alubias blancas","ALIADA alubia blanca paquete 1 kg"],"general_information":["Nombre del operador: Envasado para el Grupo El Corte Inglés\nHermosilla, 112   28009 Madrid ? España por CIF: A24010993","Lugar de procedencia del alimento: Origen Argentina","Cantidad Neta: 1 Kilogramos"],"ingredients":[],"conservation":" Mantener en lugar fresco, seco  y  oscuro","ean":"8433329078917"},{"full_name":"LA ASTURIANA alubia blanca riñón paquete 1 kg","name":"alubia blanca riñón paquete 1 kg","brand":"LA ASTURIANA ","img":"https://sgfm.elcorteingles.es/SGFM/00/03/4/0118006300034/0118006300034000g01011.jpg","price":"3,70 €","price_unit":"(3,70 € / Kilo)","categories":["Supermercado","Alimentación General","Legumbres","Alubias blancas","LA ASTURIANA alubia blanca riñón paquete 1 kg"],"general_information":["Denominación del alimento: Alubia Blanca Riñón","País de origen: España","Nombre del operador: SEPROLESA","Dirección del operador: Polígono Industrial de Cistierna. 24950 Vidanes - León","Lugar de procedencia del alimento: Argentina","Cantidad Neta: 1 Kilogramos"],"ingredients":[" Alubia blanca riñón"],"conservation":" Mantener el producto en lugar seco, fresco y no exponerlo directamente a la luz solar","ean":"8410133121510"},{"full_name":"LA ASTURIANA alubia blanca carilla paquete 1 kg","name":"alubia blanca carilla paquete 1 kg","brand":"LA ASTURIANA ","img":"https://sgfm.elcorteingles.es/SGFM/00/18/2/0118006300182/0118006300182000g01011.jpg","price":"4,99 €","categories":["Supermercado","Alimentación General","Legumbres","Alubias blancas","LA ASTURIANA alubia blanca carilla paquete 1 kg"],"general_information":["Denominación del alimento: Alubia Carilla","País de origen: España","Nombre del operador: SEPROLESA","Dirección del operador: Polígono Industrial de Cistierna. 24950 Vidanes - León","Cantidad Neta: 1 Kilogramos"],"ingredients":[" Alubia carilla"],"conservation":" Mantener el producto en lugar seco, fresco y no exponerlo directamente a la luz solar","ean":"8410133122210"},{"full_name":"LA ASTURIANA alubia blanca riñón paquete 500 g","name":"alubia blanca riñón paquete 500 g","brand":"LA ASTURIANA ","img":"https://sgfm.elcorteingles.es/SGFM/00/04/2/0118006300042/0118006300042000g01011.jpg","price":"2,38 €","price_unit":"(4,76 € / Kilo)","categories":["Supermercado","Alimentación General","Legumbres","Alubias blancas","LA ASTURIANA alubia blanca riñón paquete 500 g"],"general_information":["Denominación del alimento: Alubia Blanca Riñón","País de origen: España","Nombre del operador: SEPROLESA","Dirección del operador: Polígono Industrial de Cistierna. 24950 Vidanes - León","Lugar de procedencia del alimento: Argentina","Cantidad Neta: 500 g"],"ingredients":[" Alubia blanca riñón"],"conservation":" Mantener el producto en lugar seco, fresco y no exponerlo directamente a la luz solar","ean":"8410133121527"},{"full_name":"VEGAS BAÑEZANAS alubia blanca riñón de la Bañeza saco 1 kg","name":"alubia blanca riñón de la Bañeza saco 1 kg","brand":"VEGAS BAÑEZANAS ","img":"https://sgfm.elcorteingles.es/SGFM/00/15/8/0118006300158/0118006300158000g01011.jpg","price":"4,16 €","price_unit":"(4,16 € / Kilo)","categories":["Supermercado","Alimentación General","Legumbres","Alubias blancas","VEGAS BAÑEZANAS alubia blanca riñón de la Bañeza saco 1 kg"],"general_information":["Denominación del alimento: Alubia riñón","Nombre del operador: LEGUMBRES LUENGO. S.A.","Dirección del operador: Ctra Nacional VI, km 314. 24794 Riego de la Vega (León)","Cantidad Neta: 1000 g"],"ingredients":[" Alubia riñón"],"conservation":" Consérvese en lugar fresco, seco y oscuro.","ean":"8414822012011"},{"full_name":"VEGAS BAÑEZANAS alubia blanca plancheta saco 1 kg","name":"alubia blanca plancheta saco 1 kg","brand":"VEGAS BAÑEZANAS ","img":"https://sgfm.elcorteingles.es/SGFM/01/07/3/0118006301073/0118006301073000g01011.jpg","price":"5,15 €","price_unit":"(5,15 € / Kilo)","categories":["Supermercado","Alimentación General","Legumbres","Alubias blancas","VEGAS BAÑEZANAS alubia blanca plancheta saco 1 kg"],"general_information":["Denominación del alimento: Alubia plancheta IGP","Nombre del operador: LEGUMBRES LUENGO. S.A.","Dirección del operador: Ctra Nacional VI, km 314. 24794 Riego de la Vega (León)","Cantidad Neta: 1000 g"],"ingredients":[" Alubia plancheta"],"conservation":" Consérvese en lugar fresco, seco y oscuro.","ean":"8414822010505"},{"full_name":"LUENGO alubia blanca larga selecta de León envase 1 kg","name":"alubia blanca larga selecta de León envase 1 kg","brand":"LUENGO ","img":"https://sgfm.elcorteingles.es/SGFM/dctm/MEDIA02/CONTENIDOS/201503/03/00118006301396____1__600x600.jpg","price":"2,95 €","price_unit":"(2,95 € / Kilo)","categories":["Supermercado","Alimentación General","Legumbres","Alubias blancas","LUENGO alubia blanca larga selecta de León envase 1 kg"],"general_information":["Denominación del alimento: Alubia Blanca","Nombre del operador: LEGUMBRES LUENGO. S.A.","Dirección del operador: Ctra Nacional VI, km 314. 24794 Riego de la Vega (León)","Cantidad Neta: 1000 g"],"ingredients":[" Alubia Blanca"],"conservation":" Consérvese en lugar fresco, seco y oscuro.","ean":"8410505041125"},{"full_name":"LUENGO alubia blanca granja paquete 500 g","name":"alubia blanca granja paquete 500 g","brand":"LUENGO ","img":"https://sgfm.elcorteingles.es/SGFM/dctm/MEDIA02/CONTENIDOS/201505/05/00118006301594____1__600x600.jpg","price":"3,36 €","price_unit":"(6,72 € / Kilo)","categories":["Supermercado","Alimentación General","Legumbres","Alubias blancas","LUENGO alubia blanca granja paquete 500 g"],"general_information":[],"ingredients":[],"ean":"8410505022063"},{"full_name":"LA FUENSANTICA habas secas envase 500 g","name":"habas secas envase 500 g","brand":"LA FUENSANTICA ","img":"https://sgfm.elcorteingles.es/SGFM/dctm/MEDIA02/CONTENIDOS/201410/02/00118006301123____1__600x600.jpg","price":"1,80 €","price_unit":"(1.800 € / Kilo)","categories":["Supermercado","Alimentación General","Legumbres","Alubias blancas","LA FUENSANTICA habas secas envase 500 g"],"general_information":["Denominación del alimento: Habas","Nombre del operador: Legumbres La Fuensantica S.A.","Dirección del operador: Ct. Mazarrón, Km. 2 - 30120 El Palmar (Murcia)","Cantidad Neta: 500 g"],"ingredients":[" Habas"],"conservation":" Conservar en lugar fresco, seco y sin luz solar.","ean":"8411880503000"},{"full_name":"LA FUENSANTICA alubia blanca larga extra paquete 1 kg","name":"alubia blanca larga extra paquete 1 kg","brand":"LA FUENSANTICA ","img":"https://sgfm.elcorteingles.es/SGFM/dctm/MEDIA02/CONTENIDOS/201410/02/00118006300554____1__600x600.jpg","price":"3,30 €","price_unit":"(3,30 € / Kilo)","categories":["Supermercado","Alimentación General","Legumbres","Alubias blancas","LA FUENSANTICA alubia blanca larga extra paquete 1 kg"],"general_information":["Denominación del alimento: Alubias","País de origen: Argentina","Nombre del operador: Legumbres La Fuensantica S.A.","Dirección del operador: Ct. Mazarrón, Km. 2 - 30120 El Palmar (Murcia)","Cantidad Neta: 1000 g"],"ingredients":[" Alubias"],"conservation":" Conservar en lugar fresco, seco y sin luz solar.","ean":"8411880777722"},{"full_name":"LEGUMBRES PEDRO alubia blanca paquete 1 kg","name":"alubia blanca paquete 1 kg","brand":"LEGUMBRES PEDRO ","img":"https://sgfm.elcorteingles.es/SGFM//01/51/1/0118006301511/0118006301511000g01011.jpg","price":"2,69 €            ","price_unit":"(2,55 € / Kilo)","categories":["Supermercado","Alimentación General","Legumbres","Alubias blancas","LEGUMBRES PEDRO alubia blanca paquete 1 kg"],"general_information":["Denominación del alimento: Alubia blanca","Nombre del operador: Legumbres Pedro, S.L.","Dirección del operador: P.I. La Palmosa M-3, Calle CP. 13-17, alcalá de los Gazules (Cádiz).","Cantidad Neta: 1 Kilogramos"],"ingredients":[" Alubia 100%"],"conservation":" Conservar a temperatura ambiente en lugar fresco y seco. No exponer directamente a la luz solar.","ean":"8420933000205"},{"full_name":"COCHERITO alubia blanca riñón paquete 1 kg","name":"alubia blanca riñón paquete 1 kg","brand":"COCHERITO ","img":"https://sgfm.elcorteingles.es/SGFM/dctm/MEDIA02/CONTENIDOS/201410/02/00118006300018____1__600x600.jpg","price":"3,60 €","categories":["Supermercado","Alimentación General","Legumbres","Alubias blancas","COCHERITO alubia blanca riñón paquete 1 kg"],"general_information":["Denominación del alimento: Alubias","País de origen: Argentina","Nombre del operador: Legumbres La Fuensantica S.A.","Dirección del operador: Ct. Mazarrón, Km. 2 - 30120 El Palmar (Murcia)","Cantidad Neta: 1000 g"],"ingredients":[" Alubias"],"conservation":" Conservar en lugar fresco, seco y sin luz solar.","ean":"8410271112012"},{"full_name":"LEREN alubia blanca riñón paquete 1 kg","name":"alubia blanca riñón paquete 1 kg","brand":"LEREN ","img":"https://sgfm.elcorteingles.es/SGFM/dctm/MEDIA02/CONTENIDOS/201410/02/00118006300133____1__600x600.jpg","price":"3,30 €","categories":["Supermercado","Alimentación General","Legumbres","Alubias blancas","LEREN alubia blanca riñón paquete 1 kg"],"general_information":["Denominación del alimento: Alubias","País de origen: Argentina","Nombre del operador: Legumbres La Fuensantica S.A.","Dirección del operador: Ct. Mazarrón, Km. 2 - 30120 El Palmar (Murcia)","Cantidad Neta: 1000 g"],"ingredients":[" Alubias"],"conservation":" Conservar en lugar fresco, seco y sin luz solar.","ean":"8410271312016"},{"full_name":"GARCIA alubia blanca Oro extra riñón bolsa 1 kg","name":"alubia blanca Oro extra riñón bolsa 1 kg","brand":"GARCIA ","img":"https://sgfm.elcorteingles.es/SGFM/01/45/3/0118006301453/0118006301453000g01011.jpg","price":"4,00 €","categories":["Supermercado","Alimentación General","Legumbres","Alubias blancas","GARCIA alubia blanca Oro extra riñón bolsa 1 kg"],"general_information":[],"ingredients":[],"ean":"8410237000131"},{"full_name":"LUENGO Origen alubia blanca riñón extra de la Bañeza León paquete 1 kg","name":"Origen alubia blanca riñón extra de la Bañeza León paquete 1 kg","brand":"LUENGO ","img":"https://sgfm.elcorteingles.es/SGFM/dctm/MEDIA03/201610/27/00118006301743____1__600x600.jpg","price":"3,60 €","price_unit":"(3,60 € / Kilo)","categories":["Supermercado","Alimentación General","Legumbres","Alubias blancas","LUENGO Origen alubia blanca riñón extra de la Bañeza León paquete 1 kg"],"general_information":["Denominación del alimento: Alubia riñón","Nombre del operador: LEGUMBRES LUENGO. S.A.","Dirección del operador: Ctra Nacional VI, km 314. 24794 Riego de la Vega (León)","Cantidad Neta: 1000 g"],"ingredients":[" Alubia riñón"],"conservation":" Consérvese en lugar fresco, seco y oscuro.","ean":"8410505050905"},{"full_name":"LA PEDRIZA alubia blanca frijol bolsa 1 kg","name":"alubia blanca frijol bolsa 1 kg","brand":"LA PEDRIZA ","img":"https://sgfm.elcorteingles.es/SGFM/00/33/8/0200106300338/0200106300338000g01011.jpg","price":"2,45 €","categories":["Supermercado","Alimentación General","Legumbres","Alubias blancas","LA PEDRIZA alubia blanca frijol bolsa 1 kg"],"general_information":[],"ingredients":[],"ean":"8411426205016"},{"full_name":"LA PEDRIZA alubia blanca riñón bolsa 1 kg","name":"alubia blanca riñón bolsa 1 kg","brand":"LA PEDRIZA ","img":"https://sgfm.elcorteingles.es/SGFM/00/36/1/0200106300361/0200106300361000g01011.jpg","price":"2,80 €","categories":["Supermercado","Alimentación General","Legumbres","Alubias blancas","LA PEDRIZA alubia blanca riñón bolsa 1 kg"],"general_information":[],"ingredients":[],"ean":"8411426200028"},{"full_name":"DELENA faba asturiana I.G.P. con compango paquete 550 g","name":"faba asturiana I.G.P. con compango paquete 550 g","brand":"DELENA ","img":"https://sgfm.elcorteingles.es/SGFM/dctm/MEDIA03/201705/19/00118006301586____10__600x600.jpg","price":"10,99 €","categories":["Supermercado","Alimentación General","Legumbres","Alubias blancas","DELENA faba asturiana I.G.P. con compango paquete 550 g"],"general_information":[],"ingredients":[],"ean":"8437002805067"},{"full_name":"EL LEONES alubia blanca riñón bolsa 1 kg","name":"alubia blanca riñón bolsa 1 kg","brand":"EL LEONES ","img":"https://sgfm.elcorteingles.es/SGFM/00/25/4/0200106300254/0200106300254000g01011.jpg","price":"2,89 €","categories":["Supermercado","Alimentación General","Legumbres","Alubias blancas","EL LEONES alubia blanca riñón bolsa 1 kg"],"general_information":["Denominación del alimento: Alubia Riñón","País de origen: España","Nombre del operador: Legumbres El Leonés, S.L.","Dirección del operador: Ctra. Campuzano Carte, 4 - 39300 Torrelavega (Cantabria)","Cantidad Neta: 1 Kilogramos"],"ingredients":[],"conservation":" Consérvese en sitio fresco y oscuro.","ean":"8412010010252"},{"full_name":"EL LEONES alubia blanca bolsa 1 kg","name":"alubia blanca bolsa 1 kg","brand":"EL LEONES ","img":"https://sgfm.elcorteingles.es/SGFM/00/27/0/0200106300270/0200106300270000g01011.jpg","price":"2,89 €","categories":["Supermercado","Alimentación General","Legumbres","Alubias blancas","EL LEONES alubia blanca bolsa 1 kg"],"general_information":["Denominación del alimento: Judía Blanca","País de origen: España","Nombre del operador: Legumbres El Leonés, S.L.","Dirección del operador: Ctra. Campuzano Carte, 4 - 39300 Torrelavega (Cantabria)","Lugar de procedencia del alimento: USA","Cantidad Neta: 1 Kilogramos"],"ingredients":[],"conservation":" Consérvese en sitio fresco y oscuro.","ean":"8412010020015"},{"full_name":"ECORAUL judia blanca ecológica paquete 500 g","name":"judia blanca ecológica paquete 500 g","brand":"ECORAUL ","img":"https://sgfm.elcorteingles.es/SGFM/dctm/MEDIA03/201707/27/00118006500054____1__600x600.jpg","price":"1,90 €","categories":["Supermercado","Alimentación General","Legumbres","Alubias blancas","ECORAUL judia blanca ecológica paquete 500 g"],"general_information":[],"ingredients":[],"ean":"8410687202383"},{"full_name":"EL CORTE INGLES alubia pinta de la Bañeza León saco 1 kg","name":"alubia pinta de la Bañeza León saco 1 kg","brand":"EL CORTE INGLES ","img":"https://sgfm.elcorteingles.es/SGFM/dctm/MEDIA03/201705/04/00118006301495____6__600x600.jpg","price":"3,49 €","categories":["Supermercado","Alimentación General","Legumbres","Alubias pintas","EL CORTE INGLES alubia pinta de la Bañeza León saco 1 kg"],"general_information":["Nombre del operador: Envasado para El Corte Inglés\npor\nLegumbres Luengo SA.\nCtra. Nacional VI, km 314\n24794 Riego de la Vega - León - España","Lugar de procedencia del alimento: Origen: España","Cantidad Neta: 1 Kilogramos"],"ingredients":[],"conservation":" Mantener en lugar fresco, seco  y  oscuro","ean":"8433329078986"},{"full_name":"ALIADA alubia pinta paquete 1 kg","name":"alubia pinta paquete 1 kg","brand":"ALIADA ","img":"https://sgfm.elcorteingles.es/SGFM/dctm/MEDIA03/201709/01/00118006301628____2__600x600.jpg","price":"1,90 €","categories":["Supermercado","Alimentación General","Legumbres","Alubias pintas","ALIADA alubia pinta paquete 1 kg"],"general_information":["Nombre del operador: Envasado para el Grupo El Corte Inglés\nHermosilla, 112   28009 Madrid ? España por CIF: A24010993","Lugar de procedencia del alimento: Origen: Argentina / Canadá","Cantidad Neta: 1 Kilogramos"],"ingredients":[],"conservation":" Mantener en lugar fresco, seco  y  oscuro","ean":"8433329078924"},{"full_name":"LA ASTURIANA alubia roja paquete 1 kg","name":"alubia roja paquete 1 kg","brand":"LA ASTURIANA ","img":"https://sgfm.elcorteingles.es/SGFM/00/23/2/0118006300232/0118006300232000g01011.jpg","price":"4,03 €","price_unit":"(4,03 € / Kilo)","categories":["Supermercado","Alimentación General","Legumbres","Alubias pintas","LA ASTURIANA alubia roja paquete 1 kg"],"general_information":["Denominación del alimento: Alubia Roja","País de origen: España","Nombre del operador: SEPROLESA","Dirección del operador: Polígono Industrial de Cistierna. 24950 Vidanes - León","Lugar de procedencia del alimento: Canada","Cantidad Neta: 1 Kilogramos"],"ingredients":[" Alubia roja"],"conservation":" Mantener el producto en lugar seco, fresco y no exponerlo directamente a la luz solar","ean":"8410133122319"},{"full_name":"LA ASTURIANA alubia pinta agarbanzada paquete 1 kg","name":"alubia pinta agarbanzada paquete 1 kg","brand":"LA ASTURIANA ","img":"https://sgfm.elcorteingles.es/SGFM/00/05/9/0118006300059/0118006300059000g01011.jpg","price":"4,05 €","price_unit":"(4,05 € / Kilo)","categories":["Supermercado","Alimentación General","Legumbres","Alubias pintas","LA ASTURIANA alubia pinta agarbanzada paquete 1 kg"],"general_information":["Denominación del alimento: Alubia Pinta","País de origen: España","Nombre del operador: SEPROLESA","Dirección del operador: Polígono Industrial de Cistierna. 24950 Vidanes - León","Lugar de procedencia del alimento: Canada","Cantidad Neta: 1 Kilogramos"],"ingredients":[" Alubia pinta"],"conservation":" Mantener el producto en lugar seco, fresco y no exponerlo directamente a la luz solar","ean":"8410133121817"},{"full_name":"LA ASTURIANA alubia pinta agarbanzada paquete 500 g","name":"alubia pinta agarbanzada paquete 500 g","brand":"LA ASTURIANA ","img":"https://sgfm.elcorteingles.es/SGFM/00/06/7/0118006300067/0118006300067000g01011.jpg","price":"2,40 €","price_unit":"(4,80 € / Kilo)","categories":["Supermercado","Alimentación General","Legumbres","Alubias pintas","LA ASTURIANA alubia pinta agarbanzada paquete 500 g"],"general_information":["Denominación del alimento: Alubia Pinta","País de origen: España","Nombre del operador: SEPROLESA","Dirección del operador: Polígono Industrial de Cistierna. 24950 Vidanes - León","Lugar de procedencia del alimento: Canada","Cantidad Neta: 500 g"],"ingredients":[" Alubia pinta"],"conservation":" Mantener el producto en lugar seco, fresco y no exponerlo directamente a la luz solar","ean":"8410133121824"},{"full_name":"VEGAS BAÑEZANAS alubia pinta de León saco 1 kg","name":"alubia pinta de León saco 1 kg","brand":"VEGAS BAÑEZANAS ","img":"https://sgfm.elcorteingles.es/SGFM/00/29/9/0118006300299/0118006300299000g01011.jpg","price":"4,46 €","price_unit":"(4,46 € / Kilo)","categories":["Supermercado","Alimentación General","Legumbres","Alubias pintas","VEGAS BAÑEZANAS alubia pinta de León saco 1 kg"],"general_information":["Denominación del alimento: Alubia Pinta","Nombre del operador: LEGUMBRES LUENGO. S.A.","Dirección del operador: Ctra Nacional VI, km 314. 24794 Riego de la Vega (León)","Cantidad Neta: 1000 g"],"ingredients":[" Alubia pinta"],"conservation":" Consérvese en lugar fresco, seco y oscuro.","ean":"8414822011076"},{"full_name":"LUENGO alubia pinta paquete 1 kg","name":"alubia pinta paquete 1 kg","brand":"LUENGO ","img":"https://sgfm.elcorteingles.es/SGFM/dctm/MEDIA02/CONTENIDOS/201503/16/00118006301404____1__600x600.jpg","price":"3,26 €","price_unit":"(3,26 € / Kilo)","categories":["Supermercado","Alimentación General","Legumbres","Alubias pintas","LUENGO alubia pinta paquete 1 kg"],"general_information":["Denominación del alimento: Alubia Pinta","Nombre del operador: LEGUMBRES LUENGO. S.A.","Dirección del operador: Ctra Nacional VI, km 314. 24794 Riego de la Vega (León)","Cantidad Neta: 1000 g"],"ingredients":[" Alubia Pinta"],"conservation":" Consérvese en lugar fresco, seco y oscuro.","ean":"8410505131123"},{"full_name":"ENTRESIERRAS alubia pinta alavesa saco 1 kg","name":"alubia pinta alavesa saco 1 kg","brand":"ENTRESIERRAS ","img":"https://sgfm.elcorteingles.es/SGFM/00/82/8/0118006300828/0118006300828000g01011.jpg","price":"7,95 €","price_unit":"(7,95 € / Kilo)","categories":["Supermercado","Alimentación General","Legumbres","Alubias pintas","ENTRESIERRAS alubia pinta alavesa saco 1 kg"],"general_information":["Denominación del alimento: Alubia Pinta Alavesa","País de origen: España","Nombre del operador: GARLAN Sociedad Cooperativa","Dirección del operador: Antigua Nacional I s/n - 01192 Ilárraza (Álava)","Lugar de procedencia del alimento: Eusko Label - Alubias del País Vasco","Cantidad Neta: 1 Kilogramos"],"ingredients":[],"conservation":" Conservar en lugar fresco y seco al resguardo de la luz","ean":"8428956000011"},{"full_name":"VEGAS BAÑEZANAS alubia pinta extra saco 500 g","name":"alubia pinta extra saco 500 g","brand":"VEGAS BAÑEZANAS ","img":"https://sgfm.elcorteingles.es/SGFM/dctm/MEDIA03/201704/04/00118006301750____1__600x600.jpg","price":"5,35 €","categories":["Supermercado","Alimentación General","Legumbres","Alubias pintas","VEGAS BAÑEZANAS alubia pinta extra saco 500 g"],"general_information":["Denominación del alimento: Alubia pinta alavesa","Nombre del operador: LEGUMBRES LUENGO. S.A.","Dirección del operador: Ctra Nacional VI, km 314. 24794 Riego de la Vega (León)","Cantidad Neta: 500 g"],"ingredients":[" Alubia pinta alavesa"],"conservation":" Consérvese en lugar fresco, seco y oscuro.","ean":"8414822260917"},{"full_name":"EL BUEN GUSTO alubia pinta extra paquete 1 kg","name":"alubia pinta extra paquete 1 kg","brand":"EL BUEN GUSTO ","img":"https://sgfm.elcorteingles.es/SGFM/dctm/MEDIA03/201702/03/00200106301583____1__600x600.jpg","price":"2,00 €","categories":["Supermercado","Alimentación General","Legumbres","Alubias pintas","EL BUEN GUSTO alubia pinta extra paquete 1 kg"],"general_information":["Denominación del alimento: Alubia Pinta","Nombre del operador: LEGUMBRES LUENGO. S.A.","Dirección del operador: Ctra Nacional VI, km 314. 24794 Riego de la Vega (León)","Cantidad Neta: 1000 g"],"ingredients":[" Alubia Pinta"],"conservation":" Consérvese en lugar fresco, seco y oscuro.","ean":"8410505131529"},{"full_name":"EL CORTE INGLES alubia blanca cocida al natural frasco 400 g neto escurrido","name":"alubia blanca cocida al natural frasco 400 g neto escurrido","brand":"EL CORTE INGLES ","img":"https://sgfm.elcorteingles.es/SGFM/dctm/MEDIA03/201609/23/00118007300546____2__600x600.jpg","price":"1,02 €","price_unit":"(2,55 € / Kilo)","categories":["Supermercado","Alimentación General","Legumbres","Alubias cocidas","EL CORTE INGLES alubia blanca cocida al natural frasco 400 g neto escurrido"],"general_information":["Denominación del alimento: Alubias Blancas Cocidas  ","Nombre del operador: Fabricado para El Corte Inglés por GRUPO RIBEREBRO Polígono Industrial La Llanada 26540 - Alfaro (La Rioja). España","Cantidad Neta: 560 g","Peso neto escurrido: 400 g","Número de raciones por envase: 4"],"ingredients":[" Ingredientes: Alubias,  agua,  sal y antioxidante: E-223 (metabisulfito sódico)"],"ean":"8433329009096"},{"full_name":"EL CORTE INGLES alubia blanca pocha extra cocida al natural frasco 400 g neto escurrido","name":"alubia blanca pocha extra cocida al natural frasco 400 g neto escurrido","brand":"EL CORTE INGLES ","img":"https://sgfm.elcorteingles.es/SGFM/dctm/MEDIA03/201707/11/00118007300835____1__600x600.jpg","price":"1,51 €","price_unit":"(3,78 € / Kilo)","categories":["Supermercado","Alimentación General","Legumbres","Alubias cocidas","EL CORTE INGLES alubia blanca pocha extra cocida al natural frasco 400 g neto escurrido"],"general_information":["Denominación del alimento: Alubias Pochas Cocidas  ","Nombre del operador: Fabricado para El Corte Inglés por GRUPO RIBEREBRO Polígono Industrial La Llanada 26540 - Alfaro (La Rioja). España","Cantidad Neta: 560 g","Peso neto escurrido: 400 g","Número de raciones por envase: 4"],"ingredients":[" Ingredientes: Alubias pochas,  agua,  sal y antioxidante: E 223 (metabisulfito sódico) y E 385"],"ean":"8433329079051"},{"full_name":"EL CORTE INGLES alubia blanca cocida extra frasco 200 g","name":"alubia blanca cocida extra frasco 200 g","brand":"EL CORTE INGLES ","img":"https://sgfm.elcorteingles.es/SGFM/dctm/MEDIA03/201609/23/00118007300553____1__600x600.jpg","price":"0,83 €","price_unit":"(4,15 € / Kilo)","categories":["Supermercado","Alimentación General","Legumbres","Alubias cocidas","EL CORTE INGLES alubia blanca cocida extra frasco 200 g"],"general_information":["Denominación del alimento: Alubias Blancas Cocidas  ","Nombre del operador: Fabricado para El Corte Inglés por GRUPO RIBEREBRO Polígono Industrial La Llanada 26540 - Alfaro (La Rioja). España","Cantidad Neta: 290 g","Peso neto escurrido: 200 g","Número de raciones por envase: 2"],"ingredients":[" Ingredientes: Alubias,  agua,  sal y antioxidante: E-223 (metabisulfito sódico)"],"ean":"8433329009126"},{"full_name":"ALIADA alubia blanca cocida frasco 400 g","name":"alubia blanca cocida frasco 400 g","brand":"ALIADA ","img":"https://sgfm.elcorteingles.es/SGFM/dctm/MEDIA02/CONTENIDOS/201408/20/00118007300652____1__600x600.jpg","price":"0,62 €","price_unit":"(1,55 € / Kilo)","categories":["Supermercado","Alimentación General","Legumbres","Alubias cocidas","ALIADA alubia blanca cocida frasco 400 g"],"general_information":["Denominación del alimento: Alubias cocidas. Categoría Extra","Nombre del operador: Elaborado para\nEl  Grupo El Corte Inglés \nHermosilla, 112 ? 28009 Madrid ? España por NIF: A 24010993","Cantidad Neta: 570 g","Peso neto escurrido: 400 g","Número de raciones por envase: 2"],"ingredients":[" Ingredientes: Alubias, agua, sal y antioxidante E-385  y conservador (metabisulfito sódico)."],"conservation":" Una vez abierto conservar en frigorífico y consumir en un máximo de 5 días.","ean":"8433329001793"},{"full_name":"ALIADA alubia judión cocida frasco 400 g","name":"alubia judión cocida frasco 400 g","brand":"ALIADA ","img":"https://sgfm.elcorteingles.es/SGFM/00/66/0/0118007300660/0118007300660000g01011.jpg","price":"1,15 €","price_unit":"(2,88 € / Kilo)","categories":["Supermercado","Alimentación General","Legumbres","Alubias cocidas","ALIADA alubia judión cocida frasco 400 g"],"general_information":["Denominación del alimento: Judión cocido. Categoría Extra","Nombre del operador: Elaborado para\nEl  Grupo El Corte Inglés \nHermosilla, 112 ? 28009 Madrid ? España por NIF: A 24010993","Cantidad Neta: 570 g","Peso neto escurrido: 400 g","Número de raciones por envase: 2"],"ingredients":[" Ingredientes: Judión, agua, sal, antioxidante (E-385) y conservador (metabisulfito sódico)."],"conservation":" Una vez abierto conservar en frigorífico y consumir en un máximo de 5 días.","ean":"8433329001816"},{"full_name":"JA'E alubia blanca larga extra cocida lata 500 g neto escurrido","name":"alubia blanca larga extra cocida lata 500 g neto escurrido","brand":"JA'E ","img":"https://sgfm.elcorteingles.es/SGFM/00/49/6/0118007300496/0118007300496000g01011.jpg","price":"1,55 €","price_unit":"(3,10 € / Kilo)","categories":["Supermercado","Alimentación General","Legumbres","Alubias cocidas","JA'E alubia blanca larga extra cocida lata 500 g neto escurrido"],"general_information":["Denominación del alimento: Alubias  Largas Extra","País de origen: España","Nombre del operador: RIBEREBRO INTEGRAL, SAU","Dirección del operador: Poligono Industrial La Llanada - 26540 Alfaro La Rioja","Cantidad Neta: 780 g","Peso neto escurrido: 500 g","Número de raciones por envase: 1"],"ingredients":[" Alubias, agua, sal, antioxidante E-223 Contiene Sulfitos"],"conservation":" Almacenar en ambiente fresco y seco, una vez abierto mantener refrigerado y consumir antes del tercer día de su apertura","ean":"8412151870012"},{"full_name":"JA'E alubia blanca riñón cocida extra frasco 400 g neto escurrido","name":"alubia blanca riñón cocida extra frasco 400 g neto escurrido","brand":"JA'E ","img":"https://sgfm.elcorteingles.es/SGFM/00/43/9/0118007300439/0118007300439000g01011.jpg","price":"1,28 €","price_unit":"(3,20 € / Kilo)","categories":["Supermercado","Alimentación General","Legumbres","Alubias cocidas","JA'E alubia blanca riñón cocida extra frasco 400 g neto escurrido"],"general_information":["Denominación del alimento: Alubias Blancas Largas","País de origen: España","Nombre del operador: RIBEREBRO INTEGRAL, SAU","Dirección del operador: Poligono Industrial La Llanada - 26540 Alfaro La Rioja","Cantidad Neta: 560 g","Peso neto escurrido: 400 g","Número de raciones por envase: 1"],"ingredients":[" Alubias, agua, sal, antioxidante E-223: Contiene sulfitos"],"conservation":" Almacenar en ambiente fresco y seco, una vez abierto mantener refrigerado y consumir antes del tercer día de su apertura","ean":"8412151875017"},{"full_name":"JA'E alubia roja cocida extra lata 500 g neto escurrido","name":"alubia roja cocida extra lata 500 g neto escurrido","brand":"JA'E ","img":"https://sgfm.elcorteingles.es/SGFM/00/50/4/0118007300504/0118007300504000g01011.jpg","price":"1,55 €","price_unit":"(3,10 € / Kilo)","categories":["Supermercado","Alimentación General","Legumbres","Alubias cocidas","JA'E alubia roja cocida extra lata 500 g neto escurrido"],"general_information":["Denominación del alimento: Alubia Roja Extra","País de origen: España","Nombre del operador: RIBEREBRO INTEGRAL, SAU","Dirección del operador: Poligono Industrial La Llanada - 26540 Alfaro La Rioja","Cantidad Neta: 780 g","Peso neto escurrido: 500 g","Número de raciones por envase: 1"],"ingredients":[" Alubias rojas, agua, sal y antioxidante: E-385"],"conservation":" Almacenar en ambiente fresco y seco, una vez abierto mantener refrigerado y consumir antes del tercer día de su apertura","ean":"8412151070115"},{"full_name":"JA'E alubia roja cocida extra lata 250 g","name":"alubia roja cocida extra lata 250 g","brand":"JA'E ","img":"https://sgfm.elcorteingles.es/SGFM/00/52/0/0118007300520/0118007300520000g01011.jpg","price":"1,00 €","price_unit":"(4 € / Kilo)","categories":["Supermercado","Alimentación General","Legumbres","Alubias cocidas","JA'E alubia roja cocida extra lata 250 g"],"general_information":["Denominación del alimento: Alubia Roja Extra","País de origen: España","Nombre del operador: RIBEREBRO INTEGRAL, SAU","Dirección del operador: Poligono Industrial La Llanada - 26540 Alfaro La Rioja","Cantidad Neta: 390 g","Peso neto escurrido: 250 g","Número de raciones por envase: 1"],"ingredients":[" Alubias rojas, agua, sal y antioxidante: E-385"],"conservation":" Almacenar en ambiente fresco y seco, una vez abierto mantener refrigerado y consumir antes del tercer día de su apertura","ean":"8412151070122"},{"full_name":"JA'E alubia roja cocida extra frasco 400 g neto escurrido","name":"alubia roja cocida extra frasco 400 g neto escurrido","brand":"JA'E ","img":"https://sgfm.elcorteingles.es/SGFM/dctm/MEDIA02/CONTENIDOS/201408/20/00118007300447____1__600x600.jpg","price":"1,28 €","price_unit":"(3,20 € / Kilo)","categories":["Supermercado","Alimentación General","Legumbres","Alubias cocidas","JA'E alubia roja cocida extra frasco 400 g neto escurrido"],"general_information":["Denominación del alimento: Alubia Rojas Extra","País de origen: España","Nombre del operador: RIBEREBRO INTEGRAL, SAU","Dirección del operador: Poligono Industrial La Llanada - 26540 Alfaro La Rioja","Cantidad Neta: 560 g","Peso neto escurrido: 400 g","Número de raciones por envase: 1"],"ingredients":[" Alubias rojas, agua, sal y antioxidante: E-385"],"conservation":" Una vez abierto el tarro conservar en el frigorífico","ean":"8412151075110"},{"full_name":"JA'E alubia blanca cocida extra de granja frasco 400 g neto escurrido","name":"alubia blanca cocida extra de granja frasco 400 g neto escurrido","brand":"JA'E ","img":"https://sgfm.elcorteingles.es/SGFM/00/45/4/0118007300454/0118007300454000g01011.jpg","price":"1,28 €","price_unit":"(3,20 € / Kilo)","categories":["Supermercado","Alimentación General","Legumbres","Alubias cocidas","JA'E alubia blanca cocida extra de granja frasco 400 g neto escurrido"],"general_information":["Denominación del alimento: Alubias granja habonas Extra","País de origen: España","Nombre del operador: RIBEREBRO INTEGRAL, SAU","Dirección del operador: Poligono Industrial La Llanada - 26540 Alfaro La Rioja","Cantidad Neta: 560 g","Peso neto escurrido: 400 g","Número de raciones por envase: 1"],"ingredients":[" Alubias, agua, sal, antioxidante:E-223 y E-385  Sulfitos"],"conservation":" Una vez abierto el tarro conservar en el frigorífico","ean":"8412151475019"},{"full_name":"JA'E alubia pocha manteca cocida lata 500 g","name":"alubia pocha manteca cocida lata 500 g","brand":"JA'E ","img":"https://sgfm.elcorteingles.es/SGFM/00/48/8/0118007300488/0118007300488000g01011.jpg","price":"1,25 €","price_unit":"(2,50 € / Kilo)","categories":["Supermercado","Alimentación General","Legumbres","Alubias cocidas","JA'E alubia pocha manteca cocida lata 500 g"],"general_information":["Denominación del alimento: Alubias Pochas variedad manteca Extra","País de origen: España","Nombre del operador: RIBEREBRO INTEGRAL, SAU","Dirección del operador: Poligono Industrial La Llanada - 26540 Alfaro La Rioja","Cantidad Neta: 390 g","Peso neto escurrido: 250 g","Número de raciones por envase: 1"],"ingredients":[" Alubia, agua, sal, antioxidante E-223 Contiene sulfitos"],"conservation":" Almacenar en ambiente fresco y seco, una vez abierto mantener refrigerado y consumir antes del tercer día de su apertura","ean":"8412151070023"},{"full_name":"JA'E alubia pocha manteca cocida extra al natural lata 1000 g neto escurrido","name":"alubia pocha manteca cocida extra al natural lata 1000 g neto escurrido","brand":"JA'E ","img":"https://sgfm.elcorteingles.es/SGFM/00/47/0/0118007300470/0118007300470000g01011.jpg","price":"2,25 €","price_unit":"(2,25 € / Kilo)","categories":["Supermercado","Alimentación General","Legumbres","Alubias cocidas","JA'E alubia pocha manteca cocida extra al natural lata 1000 g neto escurrido"],"general_information":["Denominación del alimento: Alubias Pochas variedad manteca Extra","País de origen: España","Nombre del operador: RIBEREBRO INTEGRAL, SAU","Dirección del operador: Poligono Industrial La Llanada - 26540 Alfaro La Rioja","Cantidad Neta: 780 g","Peso neto escurrido: 500 g","Número de raciones por envase: 1"],"ingredients":[" Alubia, agua, sal, antioxidante E-223 Contiene Sulfitos"],"conservation":" Almacenar en ambiente fresco y seco, una vez abierto mantener refrigerado y consumir antes del tercer día de su apertura","ean":"8412151070016"},{"full_name":"JA'E alubia manteca cocida frasco 400 g neto escurrido","name":"alubia manteca cocida frasco 400 g neto escurrido","brand":"JA'E ","img":"https://sgfm.elcorteingles.es/SGFM/00/46/2/0118007300462/0118007300462000g01011.jpg","price":"1,75 €","price_unit":"(4,38 € / Kilo)","categories":["Supermercado","Alimentación General","Legumbres","Alubias cocidas","JA'E alubia manteca cocida frasco 400 g neto escurrido"],"general_information":["Denominación del alimento: Alubias pochas variedad manteca Extra","País de origen: España","Nombre del operador: RIBEREBRO INTEGRAL, SAU","Dirección del operador: Poligono Industrial La Llanada - 26540 Alfaro La Rioja","Cantidad Neta: 560 g","Peso neto escurrido: 400 g","Número de raciones por envase: 1"],"ingredients":[" Alubias, agua, sal, antioxidante: E-223 Contiene Sulfitos"],"conservation":" Una vez abierto el tarro conservar en el frigorífico","ean":"8412151005018"},{"full_name":"CIDACOS alubia blanca cocida extra al natural frasco 400 g","name":"alubia blanca cocida extra al natural frasco 400 g","brand":"CIDACOS ","img":"https://sgfm.elcorteingles.es/SGFM/00/38/9/0118007300389/0118007300389000g01011.jpg","price":"1,20 €","price_unit":"(3 € / Kilo)","categories":["Supermercado","Alimentación General","Legumbres","Alubias cocidas","CIDACOS alubia blanca cocida extra al natural frasco 400 g"],"general_information":["Denominación del alimento: Alubias extras","Nombre del operador: Conservas el Cidacos S.A.","Dirección del operador: Crta. De Calahorra km. 1 26560 Autol (La Rioja)","Lugar de procedencia del alimento: DO España","Cantidad Neta: 570,0 g","Peso neto escurrido: 400,0 g"],"ingredients":[" Alubias, agua y sal. Antioxidantes: E-385 y E-223 (sulfito)."],"conservation":" Mantener en lugar fresco y seco.","ean":"8410313315814"},{"full_name":"CIDACOS alubia roja cocida frasco 400 g","name":"alubia roja cocida frasco 400 g","brand":"CIDACOS ","img":"https://sgfm.elcorteingles.es/SGFM/00/39/7/0118007300397/0118007300397000g01011.jpg","price":"1,50 €","price_unit":"(3,75 € / Kilo)","categories":["Supermercado","Alimentación General","Legumbres","Alubias cocidas","CIDACOS alubia roja cocida frasco 400 g"],"general_information":["Denominación del alimento: Alubias rojas extras","Nombre del operador: Conservas el Cidacos S.A.","Dirección del operador: Crta. De Calahorra km. 1 26560 Autol (La Rioja)","Lugar de procedencia del alimento: DO España","Cantidad Neta: 570,0 g","Peso neto escurrido: 400,0 g"],"ingredients":[" Alubias rojas, agua y sal. Antioxidantes: E-385 y E-223 (sulfito)."],"conservation":" Mantener en lugar fresco y seco.","ean":"8410313315821"},{"full_name":"CIDACOS judión cocido al natural frasco 400 g","name":"judión cocido al natural frasco 400 g","brand":"CIDACOS ","img":"https://sgfm.elcorteingles.es/SGFM/00/40/5/0118007300405/0118007300405000g01011.jpg","price":"1,35 €","price_unit":"(3,38 € / Kilo)","categories":["Supermercado","Alimentación General","Legumbres","Alubias cocidas","CIDACOS judión cocido al natural frasco 400 g"],"general_information":["Denominación del alimento: Judiones extras","Nombre del operador: Conservas el Cidacos S.A.","Dirección del operador: Crta. De Calahorra km. 1 26560 Autol (La Rioja)","Lugar de procedencia del alimento: DO España","Cantidad Neta: 570,0 g","Peso neto escurrido: 400,0 g"],"ingredients":[" Alubias, agua y sal. Antioxidantes: E-385 y E-223 (sulfito)."],"conservation":" Mantener en lugar fresco y seco.","ean":"8410313315869"},{"full_name":"CIDACOS alubia blanca cocida extra baja en sal frasco 400 g neto escurrido","name":"alubia blanca cocida extra baja en sal frasco 400 g neto escurrido","brand":"CIDACOS ","img":"https://sgfm.elcorteingles.es/SGFM/00/41/3/0118007300413/0118007300413000g01011.jpg","price":"1,25 €","price_unit":"(3,12 € / Kilo)","categories":["Supermercado","Alimentación General","Legumbres","Alubias cocidas","CIDACOS alubia blanca cocida extra baja en sal frasco 400 g neto escurrido"],"general_information":["Denominación del alimento: Alubias sin sal añadida extras","Nombre del operador: Conservas el Cidacos S.A.","Dirección del operador: Crta. De Calahorra km. 1 26560 Autol (La Rioja)","Lugar de procedencia del alimento: DO España","Cantidad Neta: 570,0 g","Peso neto escurrido: 400,0 g"],"ingredients":[" Alubias y agua. Antioxidantes: E-385 y E-223 (sulfito)."],"conservation":" Mantener en lugar fresco y seco.","ean":"8410313315852"},{"full_name":"LUENGO alubia blanca cocida frasco 570 g","name":"alubia blanca cocida frasco 570 g","brand":"LUENGO ","img":"https://sgfm.elcorteingles.es/SGFM/00/75/8/0200107300758/0200107300758000g01011.jpg","price":"0,95 €","price_unit":"(1,67 € / Kilo)","categories":["Supermercado","Alimentación General","Legumbres","Alubias cocidas","LUENGO alubia blanca cocida frasco 570 g"],"general_information":["Denominación del alimento: Alubia cocida","Nombre del operador: LEGUMBRES LUENGO. S.A.","Dirección del operador: Ctra Nacional VI, km 314. 24794 Riego de la Vega (León)","Cantidad Neta: 570 g","Peso neto escurrido: 400 g"],"ingredients":[" Alubia, agua, sal, antioxidante (E-385) y conservador (metabisulfito sódico)"],"conservation":" Una vez abierto se recomienda consumir antes de 2-3 días","ean":"8410505271010"},{"full_name":"LUENGO alubias granja frasco 570 g","name":"alubias granja frasco 570 g","brand":"LUENGO ","img":"https://sgfm.elcorteingles.es/SGFM/dctm/MEDIA02/CONTENIDOS/201501/28/00118007300793____1__600x600.jpg","price":"1,30 €","price_unit":"(2,28 € / Kilo)","categories":["Supermercado","Alimentación General","Legumbres","Alubias cocidas","LUENGO alubias granja frasco 570 g"],"general_information":["Denominación del alimento: Alubia granja cocida","Nombre del operador: LEGUMBRES LUENGO. S.A.","Dirección del operador: Ctra Nacional VI, km 314. 24794 Riego de la Vega (León)","Cantidad Neta: 570 g","Peso neto escurrido: 400 g"],"ingredients":[" Alubia granja, agua, sal, antioxidante (E-385) y conservante (metabisulfito sódico)"],"conservation":" Una vez abierto se recomienda consumir antes de 2-3 días","ean":"8410505277012"},{"full_name":"LUENGO Origen alubia riñón cocida de la Bañeza León frasco 400 g","name":"Origen alubia riñón cocida de la Bañeza León frasco 400 g","brand":"LUENGO ","img":"https://sgfm.elcorteingles.es/SGFM/dctm/MEDIA03/201704/04/00118007300827____1__600x600.jpg","price":"1,15 €","price_unit":"(2,88 € / Kilo)","categories":["Supermercado","Alimentación General","Legumbres","Alubias cocidas","LUENGO Origen alubia riñón cocida de la Bañeza León frasco 400 g"],"general_information":[],"ingredients":[],"ean":"8410505051629"},{"full_name":"LUENGO alubia riñón cocida ecológica frasco 570 g","name":"alubia riñón cocida ecológica frasco 570 g","brand":"LUENGO ","img":"https://sgfm.elcorteingles.es/SGFM/dctm/MEDIA03/201712/11/00118007200076____6__600x600.jpg","price":"2,40 €","price_unit":"(4,21 € / Kilo)","categories":["Supermercado","Alimentación General","Legumbres","Alubias cocidas","LUENGO alubia riñón cocida ecológica frasco 570 g"],"general_information":["Denominación del alimento: Alubia ecológica cocida","Nombre del operador: LEGUMBRES LUENGO. S.A.","Dirección del operador: Ctra Nacional VI, km 314. 24794 Riego de la Vega (León)","Cantidad Neta: 570 g","Peso neto escurrido: 400 g"],"ingredients":[" Alubias,agua, sal y antioxidante (E-330)"],"conservation":" Una vez abierto se recomienda consumir antes de 2-3 días","ean":"8410505058628"},{"full_name":"PEDRO LUIS alubia blanca cocida ecológica frasco 660 ml","name":"alubia blanca cocida ecológica frasco 660 ml","brand":"PEDRO LUIS ","img":"https://sgfm.elcorteingles.es/SGFM/dctm/MEDIA02/CONTENIDOS/201503/27/00118007200068____1__600x600.jpg","price":"2,55 €","price_unit":"(3,86 € / Litro)","categories":["Supermercado","Alimentación General","Legumbres","Alubias cocidas","PEDRO LUIS alubia blanca cocida ecológica frasco 660 ml"],"general_information":["Denominación del alimento: Alubias blancas*, agua y sal marina. *Procedente de la agricultura ecológica","Nombre del operador: Conservas Pedro Luís, S.L.","Dirección del operador: Pol.Industrial El Ramal, C/Del Ramal 19 -31580- Lodosa (Navarra)","Cantidad Neta: 660 g","Peso neto escurrido: 500 g"],"ingredients":[" Alubias blancas*, agua y sal marina. *Procedente de la agricultura ecológica"],"conservation":" Conservar en lugar fresco y seco protegido de la luz. Una vez abierto conservar en el frigorífico y consumir en 3 días.","ean":"8425205011279"},{"full_name":"PEDRO LUIS pochas verdes y blancas frasco 500 g","name":"pochas verdes y blancas frasco 500 g","brand":"PEDRO LUIS ","img":"https://sgfm.elcorteingles.es/SGFM/dctm/MEDIA03/201706/07/00118029903350____1__600x600.jpg","price":"2,99 €","price_unit":"(5,98 € / Kilo)","categories":["Supermercado","Alimentación General","Legumbres","Alubias cocidas","PEDRO LUIS pochas verdes y blancas frasco 500 g"],"general_information":["Denominación del alimento: Pochas frescas, blancas y verdes, al natural, primera.","País de origen: España","Nombre del operador: Conservas Pedro Luís, S.L.","Dirección del operador: Pol.Industrial El Ramal, C/Del Ramal 19 -31580- Lodosa (Navarra)","Cantidad Neta: 660 g","Peso neto escurrido: 500 g"],"ingredients":[" Pochas, agua y sal marina."],"conservation":" Conservar en lugar fresco y seco protegido de la luz. Una vez abierto conservar en el frigorífico y consumir en 3 días.","ean":"8425205060116"},{"full_name":"LA ASTURIANA alubia blanca cocida frasco 400 g","name":"alubia blanca cocida frasco 400 g","brand":"LA ASTURIANA ","img":"https://sgfm.elcorteingles.es/SGFM/00/42/1/0118007300421/0118007300421000g01011.jpg","price":"1,28 €","price_unit":"(3,20 € / Kilo)","categories":["Supermercado","Alimentación General","Legumbres","Alubias cocidas","LA ASTURIANA alubia blanca cocida frasco 400 g"],"general_information":["Denominación del alimento: Alubia Blanca cocida natural","País de origen: España","Nombre del operador: Selección de Productos Leoneses,SA","Dirección del operador: Polígono Industrial de Cistierna. 24950 Vidanes - León","Cantidad Neta: 570 g","Peso neto escurrido: 400 g"],"ingredients":[" Alubias blancas cocidas, agua, sal y antioxidantes (E-385 y metabisulfito potásico)."],"conservation":" Una vez abierto, guardar en el frigo y consumir en máximo 5 días.","ean":"8410133129912"},{"full_name":"DON PEDRO ALTA SELECCION judión cocido frasco 570 g","name":"judión cocido frasco 570 g","brand":"DON PEDRO ALTA SELECCION ","img":"https://sgfm.elcorteingles.es/SGFM/dctm/MEDIA02/CONTENIDOS/201502/11/00118007300785____1__600x600.jpg","price":"1,18 €","price_unit":"(2,07 € / Kilo)","categories":["Supermercado","Alimentación General","Legumbres","Alubias cocidas","DON PEDRO ALTA SELECCION judión cocido frasco 570 g"],"general_information":["Denominación del alimento: Alubia judión","Nombre del operador: Legumbres Pedro, S.L.","Dirección del operador: P.I. La Palmosa M-3, Calle CP. 13-17, alcalá de los Gazules (Cádiz).","Cantidad Neta: 540 g"],"ingredients":[" Alubia judion.sal.agua.E-385.E-225"],"conservation":" Conservar a temperatura ambiente en lugar fresco y seco. No exponer directamente a la luz solar.","ean":"8420933001707"},{"full_name":"CARNE alubia blanca cocida del Ganxet frasco 570 g neto escurrido","name":"alubia blanca cocida del Ganxet frasco 570 g neto escurrido","brand":"CARNE ","img":"https://sgfm.elcorteingles.es/SGFM/dctm/MEDIA03/201608/31/00118007300371____1__600x600.jpg","price":"5,10 €","price_unit":"(8,95 € / Kilo)","categories":["Supermercado","Alimentación General","Legumbres","Alubias cocidas","CARNE alubia blanca cocida del Ganxet frasco 570 g neto escurrido"],"general_information":["Denominación del alimento: Mongetes del ganxet","Nombre del operador: Conservas Carné, S.A.","Dirección del operador: P.I. Congost Parc. 4 Sur Nave 6, 08530 La Garriga, Barcelona.","Cantidad Neta: 720 g","Peso neto escurrido: 570 g"],"ingredients":[" Mongeta del ganxet, agua, sal, antioxidante: ácido ascórbico (E330), secuestrante EDTA (E385), potenciador del sabor: glutamato monosódico (E631), conservante (E223). Contiene sulfitos."],"ean":"8412792252451"},{"full_name":"ESPINALER judías del Ganxet al natural frasco 340 g neto escurrido","name":"judías del Ganxet al natural frasco 340 g neto escurrido","brand":"ESPINALER ","img":"https://sgfm.elcorteingles.es/SGFM/dctm/MEDIA03/201607/13/00118007300819____1__600x600.jpg","price":"4,20 €","price_unit":"(12,35 € / Kilo)","categories":["Supermercado","Alimentación General","Legumbres","Alubias cocidas","ESPINALER judías del Ganxet al natural frasco 340 g neto escurrido"],"general_information":["Denominación del alimento: Mongetes ganxet espinaler vidre","País de origen: España","Nombre del operador: Espinaler, S.L.","Dirección del operador: Pol. Ind. Els Garrofers -Av. Progrés, 47 - 08340 Vilassar de Mar (Barcelona)","Cantidad Neta: 345 g","Peso neto escurrido: 270 g"],"ingredients":[" Alubias, agua y sal."],"conservation":" Conservar en lugar fresco y seco. Una vez abierto si no se consume inmediatamente, conservar refrigerado un máximo de 5 días.","ean":"8427230903680"},{"full_name":"ARANCA alubia blanca Santa Pau cocida frasco 580 g","name":"alubia blanca Santa Pau cocida frasco 580 g","brand":"ARANCA ","img":"https://sgfm.elcorteingles.es/SGFM/dctm/MEDIA03/201705/12/00118007300645____1__600x600.jpg","price":"2,50 €","price_unit":"(4,31 € / Litro)","categories":["Supermercado","Alimentación General","Legumbres","Alubias cocidas","ARANCA alubia blanca Santa Pau cocida frasco 580 g"],"general_information":["Denominación del alimento: Alubias","Nombre del operador: Selfoods SAU","Dirección del operador: El Rebato s/n 08739 SUBIRATS (Barcelona)","Cantidad Neta: 560 g","Peso neto escurrido: 400 g"],"ingredients":[" Alubias Santa Pau, agua, sal y antioxidantes E-223 y E-385."],"conservation":" Recomendaciones de almacenaje: temperatura máxima de 25 °C y humedad relativa mínima de 80 %.","ean":"8436021663320"},{"full_name":"EL CORTE INGLES fabes de Asturias saco 500 g","name":"fabes de Asturias saco 500 g","brand":"EL CORTE INGLES ","img":"https://sgfm.elcorteingles.es/SGFM/dctm/MEDIA03/201710/04/00118006301487____2__600x600.jpg","price":"9,74 €","price_unit":"(19,48 € / Kilo)","categories":["Supermercado","Alimentación General","Legumbres","Legumbres especiales","EL CORTE INGLES fabes de Asturias saco 500 g"],"general_information":["Nombre del operador: Distribuido para El Corte Inglés\npor\nLegumbres Luengo SA.\nCtra. Nacional VI, km 314\n24794 Riego de la Vega - León - España","Lugar de procedencia del alimento: Origen: España","Cantidad Neta: 500 g"],"ingredients":[],"conservation":" Mantener en lugar fresco, seco  y  oscuro","ean":"8433329078979"},{"full_name":"MONTES lentejas extra Armuña I. G. P. saco 1 kg","name":"lentejas extra Armuña I. G. P. saco 1 kg","brand":"MONTES ","img":"https://sgfm.elcorteingles.es/SGFM/00/32/3/0118007700323/0118007700323000g01011.jpg","price":"3,89 €","price_unit":"(3,89 € / Kilo)","categories":["Supermercado","Alimentación General","Legumbres","Legumbres especiales","MONTES lentejas extra Armuña I. G. P. saco 1 kg"],"general_information":["Denominación del alimento: Lenteja de La Armuña, D.E.","País de origen: España","Nombre del operador: Legumbres Montes, S.L.","Dirección del operador: Ctra. Pedrosillo, 8 - 37427 La Velles (Salamanca)","Lugar de procedencia del alimento: D.E. Armuña","Cantidad Neta: 1 Kilogramos","Otras menciones obligatorias en la etiqueta: Categoría extra"],"ingredients":[],"conservation":" Conservar en lugar fresco, seco y oscuro.","ean":"8424879000053"},{"full_name":"LA ASTURIANA lenteja Lanzarote extra bolsa 500 g","name":"lenteja Lanzarote extra bolsa 500 g","brand":"LA ASTURIANA ","img":"https://sgfm.elcorteingles.es/SGFM/00/45/5/0118007700455/0118007700455000g01011.jpg","price":"2,25 €","price_unit":"(4,50 € / Kilo)","categories":["Supermercado","Alimentación General","Legumbres","Legumbres especiales","LA ASTURIANA lenteja Lanzarote extra bolsa 500 g"],"general_information":["Denominación del alimento: Lenteja tipo Lanzarote","País de origen: España","Nombre del operador: SEPROLESA","Dirección del operador: Polígono Industrial de Cistierna. 24950 Vidanes - León","Lugar de procedencia del alimento: Canada","Cantidad Neta: 500 g","Otras menciones obligatorias en la etiqueta: Accidentalmente puede contener granos de cereal"],"ingredients":[" Lenteja tipo Lanzarote"],"conservation":" Mantener el producto en lugar seco, fresco y no exponerlo directamente a la luz solar","ean":"8410133110729"},{"full_name":"LA ASTURIANA alubia palmeña paquete 1 kg","name":"alubia palmeña paquete 1 kg","brand":"LA ASTURIANA ","img":"https://sgfm.elcorteingles.es/SGFM/00/07/5/0118006300075/0118006300075000g01011.jpg","price":"4,95 €","categories":["Supermercado","Alimentación General","Legumbres","Legumbres especiales","LA ASTURIANA alubia palmeña paquete 1 kg"],"general_information":["Denominación del alimento: Alubia Palmeña","País de origen: España","Nombre del operador: SEPROLESA","Dirección del operador: Polígono Industrial de Cistierna. 24950 Vidanes - León","Cantidad Neta: 1 Kilogramos"],"ingredients":[" Alubia palmeña"],"conservation":" Mantener el producto en lugar seco, fresco y no exponerlo directamente a la luz solar","ean":"8410133122517"},{"full_name":"PEPE EL BUENO fabes D.O. Asturias bolsa 500 g","name":"fabes D.O. Asturias bolsa 500 g","brand":"PEPE EL BUENO ","img":"https://sgfm.elcorteingles.es/SGFM/dctm/MEDIA02/CONTENIDOS/201408/20/00118006300349____1__600x600.jpg","price":"9,96 €","price_unit":"(19,92 € / Kilo)","categories":["Supermercado","Alimentación General","Legumbres","Legumbres especiales","PEPE EL BUENO fabes D.O. Asturias bolsa 500 g"],"general_information":[],"ingredients":[],"ean":"8424942000027"},{"full_name":"PEPE EL BUENO alubia verdina saco 500 g","name":"alubia verdina saco 500 g","brand":"PEPE EL BUENO ","img":"https://sgfm.elcorteingles.es/SGFM/dctm/MEDIA03/201602/17/00200106301484____1__600x600.jpg","price":"6,80 €","categories":["Supermercado","Alimentación General","Legumbres","Legumbres especiales","PEPE EL BUENO alubia verdina saco 500 g"],"general_information":[],"ingredients":[],"ean":"8424942000201"},{"full_name":"FINCA MARICAMPA fabes de Asturias saco 1 kg","name":"fabes de Asturias saco 1 kg","brand":"FINCA MARICAMPA ","img":"https://sgfm.elcorteingles.es/SGFM/00/22/4/0118006300224/0118006300224000g01011.jpg","price":"19,80 €","price_unit":"(19,80 € / Kilo)","categories":["Supermercado","Alimentación General","Legumbres","Legumbres especiales","FINCA MARICAMPA fabes de Asturias saco 1 kg"],"general_information":[],"ingredients":[],"ean":"8428011961004"},{"full_name":"VEGAS BAÑEZANAS judión de León saco 1 kg","name":"judión de León saco 1 kg","brand":"VEGAS BAÑEZANAS ","img":"https://sgfm.elcorteingles.es/SGFM/00/12/5/0118006300125/0118006300125000g01011.jpg","price":"4,86 €","price_unit":"(4,86 € / Kilo)","categories":["Supermercado","Alimentación General","Legumbres","Legumbres especiales","VEGAS BAÑEZANAS judión de León saco 1 kg"],"general_information":["Denominación del alimento: Judión","Nombre del operador: LEGUMBRES LUENGO. S.A.","Dirección del operador: Ctra Nacional VI, km 314. 24794 Riego de la Vega (León)","Cantidad Neta: 1000 g"],"ingredients":[" Judión"],"conservation":" Consérvese en lugar fresco, seco y oscuro.","ean":"8414822010109"},{"full_name":"VEGAS BAÑEZANAS alubia de ibeas saco 500 g","name":"alubia de ibeas saco 500 g","brand":"VEGAS BAÑEZANAS ","img":"https://sgfm.elcorteingles.es/SGFM/dctm/MEDIA03/201707/26/00118006301768____1__600x600.jpg","price":"4,90 €","categories":["Supermercado","Alimentación General","Legumbres","Legumbres especiales","VEGAS BAÑEZANAS alubia de ibeas saco 500 g"],"general_information":["Denominación del alimento: Alubia de Ibeas","Nombre del operador: LEGUMBRES LUENGO. S.A.","Dirección del operador: Ctra Nacional VI, km 314. 24794 Riego de la Vega (León)","Cantidad Neta: 500 g"],"ingredients":[" Alubia de Ibeas"],"conservation":" Consérvese en lugar fresco, seco y oscuro.","ean":"8414822261914"},{"full_name":"SAN MIGUEL alubia de La Granja especial fabada saco 1 kg","name":"alubia de La Granja especial fabada saco 1 kg","brand":"SAN MIGUEL ","img":"https://sgfm.elcorteingles.es/SGFM/01/17/2/0118006301172/0118006301172000g01011.jpg","price":"17,80 €","price_unit":"(17,80 € / Kilo)","categories":["Supermercado","Alimentación General","Legumbres","Legumbres especiales","SAN MIGUEL alubia de La Granja especial fabada saco 1 kg"],"general_information":[],"ingredients":[],"ean":"8428011961202"},{"full_name":"LA POSADA judión de la Granja bolsa 1 kg","name":"judión de la Granja bolsa 1 kg","brand":"LA POSADA ","img":"https://sgfm.elcorteingles.es/SGFM/dctm/MEDIA02/CONTENIDOS/201412/10/00118006301131____2__600x600.jpg","price":"8,80 €","price_unit":"(8,80 € / Kilo)","categories":["Supermercado","Alimentación General","Legumbres","Legumbres especiales","LA POSADA judión de la Granja bolsa 1 kg"],"general_information":["Denominación del alimento: Judión Granja","Nombre del operador: Legumbres Selectas La Posada S.L.","Dirección del operador: Polígono Industrial, S/N, 45593 Bargas - Toledo","Cantidad Neta: 1 Kilogramos"],"ingredients":[" Judión de la granja."],"conservation":" Mantener en lugar fresco y seco y no exponer directamente a la luz solar.","ean":"8437010156014"},{"full_name":"DON PEDRO ALTA SELECCION alubia blanca fabada paquete 500 g","name":"alubia blanca fabada paquete 500 g","brand":"DON PEDRO ALTA SELECCION ","img":"https://sgfm.elcorteingles.es/SGFM/dctm/MEDIA02/CONTENIDOS/201502/11/00118006301602____1__600x600.jpg","price":"5,25 €","price_unit":"(10,50 € / Kilo)","categories":["Supermercado","Alimentación General","Legumbres","Legumbres especiales","DON PEDRO ALTA SELECCION alubia blanca fabada paquete 500 g"],"general_information":["Denominación del alimento: Alubia Fabada","Nombre del operador: Legumbres Pedro, S.L.","Dirección del operador: P.I. La Palmosa M-3, Calle CP. 13-17, alcalá de los Gazules (Cádiz).","Cantidad Neta: 500 g","Otras menciones obligatorias en la etiqueta: cocinado. Para una buena cocción recomendamos:tiempo de remojo de 10 a 12 horas"],"ingredients":[" Alubia 100%"],"conservation":" Conservar a temperatura ambiente en lugar fresco y seco. No exponer directamente a la luz solar.","ean":"8420933000731"},{"full_name":"DEME alubia granja especial fabada paquete 1 kg","name":"alubia granja especial fabada paquete 1 kg","brand":"DEME ","img":"https://sgfm.elcorteingles.es/SGFM/01/35/4/0118006301354/0118006301354000g01011.jpg","price":"18,90 €","price_unit":"(18,90 € / Kilo)","categories":["Supermercado","Alimentación General","Legumbres","Legumbres especiales","DEME alubia granja especial fabada paquete 1 kg"],"general_information":["Denominación del alimento: Alubia Granja Extra","País de origen: España","Nombre del operador: G. Menéndez, S.L.","Dirección del operador: c/ Benjamin Franklin nº 282, Pol. Ind. Roces nº 3 - 33211 Gijón (Asturias)","Lugar de procedencia del alimento: España","Cantidad Neta: 1,0 Kilogramos","Otras menciones obligatorias en la etiqueta: Categoria extra."],"ingredients":[],"conservation":" Consérvese en lugar fresco, seco y oscuro.","ean":"8412939030034"},{"full_name":"LA FLOR DE ASTURIAS alubias especial fabada D.O. Asturias paquete 500 g","name":"alubias especial fabada D.O. Asturias paquete 500 g","brand":"LA FLOR DE ASTURIAS ","img":"https://sgfm.elcorteingles.es/SGFM/00/62/0/0118006300620/0118006300620000g01011.jpg","price":"11,30 €","price_unit":"(22,60 € / Kilo)","categories":["Supermercado","Alimentación General","Legumbres","Legumbres especiales","LA FLOR DE ASTURIAS alubias especial fabada D.O. Asturias paquete 500 g"],"general_information":["Denominación del alimento: Faba Asturiana","País de origen: España","Nombre del operador: G. Menéndez, S.L.","Dirección del operador: c/ Benjamin Franklin nº 282, Pol. Ind. Roces nº 3 - 33211 Gijón (Asturias)","Lugar de procedencia del alimento: D.E. Faba Asturiana","Cantidad Neta: 500,0 g","Otras menciones obligatorias en la etiqueta: Categoria extra."],"ingredients":[],"conservation":" Consérvese en lugar fresco, seco y oscuro.","ean":"8412939000273"},{"full_name":"LAS CHARRAS lenteja de La Armuña saco 1 kg","name":"lenteja de La Armuña saco 1 kg","brand":"LAS CHARRAS ","img":"https://sgfm.elcorteingles.es/SGFM/dctm/MEDIA02/CONTENIDOS/201409/22/00118007700539____1__600x600.jpg","price":"2,49 €","price_unit":"(2,49 € / Kilo)","categories":["Supermercado","Alimentación General","Legumbres","Legumbres especiales","LAS CHARRAS lenteja de La Armuña saco 1 kg"],"general_information":[],"ingredients":[],"ean":"8436025671093"},{"full_name":"DEME alubia granja corta extra paquete 1 kg","name":"alubia granja corta extra paquete 1 kg","brand":"DEME ","img":"https://sgfm.elcorteingles.es/SGFM/00/59/3/0200106300593/0200106300593000g01011.jpg","price":"9,55 €","price_unit":"(9,55 € / Kilo)","categories":["Supermercado","Alimentación General","Legumbres","Legumbres especiales","DEME alubia granja corta extra paquete 1 kg"],"general_information":["Denominación del alimento: Alubia Granja Corta Extra","País de origen: España","Nombre del operador: G. Menéndez, S.L.","Dirección del operador: c/ Benjamin Franklin nº 282, Pol. Ind. Roces nº 3 - 33211 Gijón (Asturias)","Lugar de procedencia del alimento: España","Cantidad Neta: 1,0 Kilogramos","Otras menciones obligatorias en la etiqueta: Categoria extra."],"ingredients":[],"conservation":" Consérvese en lugar fresco, seco y oscuro.","ean":"8412939030027"},{"full_name":"LA ASTURIANA alubia negra paquete 1 kg","name":"alubia negra paquete 1 kg","brand":"LA ASTURIANA ","img":"https://sgfm.elcorteingles.es/SGFM/00/27/3/0118006300273/0118006300273000g01011.jpg","price":"4,15 €","price_unit":"(4,15 € / Kilo)","categories":["Supermercado","Alimentación General","Legumbres","Frijoles negros","LA ASTURIANA alubia negra paquete 1 kg"],"general_information":["Denominación del alimento: Alubia Negra","País de origen: España","Nombre del operador: SEPROLESA","Dirección del operador: Polígono Industrial de Cistierna. 24950 Vidanes - León","Lugar de procedencia del alimento: Canada","Cantidad Neta: 1 Kilogramos"],"ingredients":[" Alubia negra"],"conservation":" Mantener el producto en lugar seco, fresco y no exponerlo directamente a la luz solar","ean":"8410133122418"},{"full_name":"LA ASTURIANA alubia negra bolsa 500 g","name":"alubia negra bolsa 500 g","brand":"LA ASTURIANA ","img":"https://sgfm.elcorteingles.es/SGFM/00/87/7/0118006300877/0118006300877000g01011.jpg","price":"1,90 €","price_unit":"(3,80 € / Kilo)","categories":["Supermercado","Alimentación General","Legumbres","Frijoles negros","LA ASTURIANA alubia negra bolsa 500 g"],"general_information":["Denominación del alimento: Alubia Negra","País de origen: España","Nombre del operador: SEPROLESA","Dirección del operador: Polígono Industrial de Cistierna. 24950 Vidanes - León","Lugar de procedencia del alimento: Canada","Cantidad Neta: 500 g"],"ingredients":[" Alubia negra"],"conservation":" Mantener el producto en lugar seco, fresco y no exponerlo directamente a la luz solar","ean":"8410133122425"},{"full_name":"UBIDEA alubia negra paquete 500 g","name":"alubia negra paquete 500 g","brand":"UBIDEA ","img":"https://sgfm.elcorteingles.es/SGFM/00/67/9/0118006300679/0118006300679000g01011.jpg","price":"7,75 €","price_unit":"(15,50 € / Kilo)","categories":["Supermercado","Alimentación General","Legumbres","Frijoles negros","UBIDEA alubia negra paquete 500 g"],"general_information":["Denominación del alimento: Alubias negras extra.","Nombre del operador: Ubidea Alimentación S.L.","Dirección del operador: Polígono Industrial-Alkaiaga 2 (31780 Zalain, Navarra).","Cantidad Neta: 500,0 g"],"ingredients":[" Alubias negras."],"conservation":" Conservar en lugar fresco y seco, sin exposición directa a la luz solar.","ean":"8423594000317"},{"full_name":"DEME alubia frijol negro paquete 1 kg","name":"alubia frijol negro paquete 1 kg","brand":"DEME ","img":"https://sgfm.elcorteingles.es/SGFM/01/46/1/0118006301461/0118006301461000g01011.jpg","price":"3,82 €","price_unit":"(3,82 € / Kilo)","categories":["Supermercado","Alimentación General","Legumbres","Frijoles negros","DEME alubia frijol negro paquete 1 kg"],"general_information":["Denominación del alimento: Alubia Negrito Extra","País de origen: España","Nombre del operador: G. Menéndez, S.L.","Dirección del operador: c/ Benjamin Franklin nº 282, Pol. Ind. Roces nº 3 - 33211 Gijón (Asturias)","Lugar de procedencia del alimento: España","Cantidad Neta: 1,0 Kilogramos","Otras menciones obligatorias en la etiqueta: Categoria extra."],"ingredients":[],"conservation":" Consérvese en lugar fresco, seco y oscuro.","ean":"8412939030072"}]