[{"full_name":"LIGERESA margarina vegetal suave y ligera tarrina 500 g","name":"margarina vegetal suave y ligera tarrina 500 g","brand":"LIGERESA ","img":"https://sgfm.elcorteingles.es/SGFM/dctm/MEDIA03/201708/25/00118815200250____8__600x600.jpg","price":"2,31 €","price_unit":"(4,62 € / Kilo)","categories":["Supermercado","Lácteos","Mantequilla y margarina","Margarina","LIGERESA margarina vegetal suave y ligera tarrina 500 g"],"general_information":["Denominación del alimento: Margarina Vegetal Ligera","País de origen: España","Nombre del operador: Unilever","Dirección del operador: Unilever Espana, S.A. C/ Tecnología, 1908840 Viladecans (Barcelona)ATENCIÓN AL CONSUMIDOR 900 812 511www.clubligeresa.es\"","Cantidad Neta: 500 g","Número de raciones por envase: 50"],"ingredients":[" Ingredientes: Agua, (aceite de girasol y grasa de palma) (40%), gelatina, LECHE desnatada, sal (0,7%), emulgente (mono y diglicéridos de ácidos grasos), acidulante (ácido láctico), conservador (sorbato potásico), aromas, colorante (carotenos), vitaminas (A,D)."],"ean":"8413800017505"},{"full_name":"FLORA Gold margarina con delicioso sabor a mantequilla tarrina 250 g","name":"Gold margarina con delicioso sabor a mantequilla tarrina 250 g","brand":"FLORA ","img":"https://sgfm.elcorteingles.es/SGFM/dctm/MEDIA03/201706/15/00118815200482____3__600x600.jpg","price":"1,52 €","price_unit":"(6,08 € / Kilo)","categories":["Supermercado","Lácteos","Mantequilla y margarina","Margarina","FLORA Gold margarina con delicioso sabor a mantequilla tarrina 250 g"],"general_information":["Denominación del alimento: Materia grasa para untar 70%","Nombre del operador: Unilever España S.A.","Dirección del operador: C/Tecnología 19, 08840 Viladecans (Barcelona)","Cantidad Neta: 250 g"],"ingredients":[" Aceites vegetales (51%)(girasol (81%), linaza), grasa de palma, agua, suero de mantequilla, sal (0,7%), emulgentes (lecitina de girasol, mono y diglicéridos de ácidos grasos), conservador (sorbato potásico), acidulante (ácido cítrico), aroma natural, colorante (carotenos), vitaminas (A, D, tiamina)."],"conservation":" CONSÉRVESE EN FRIGORÍFICO","ean":"8712100732416"},{"full_name":"FLORA margarina vegetal tarrina 500 g","name":"margarina vegetal tarrina 500 g","brand":"FLORA ","img":"https://sgfm.elcorteingles.es/SGFM/dctm/MEDIA03/201706/15/00118815200045____3__600x600.jpg","price":"2,29 €","price_unit":"(4,58 € / Kilo)","categories":["Supermercado","Lácteos","Mantequilla y margarina","Margarina","FLORA margarina vegetal tarrina 500 g"],"general_information":["Denominación del alimento: Margarina 3/4","País de origen: España","Nombre del operador: Unilever","Dirección del operador: 900 812 511","Cantidad Neta: 500 g","Número de raciones por envase: 50"],"ingredients":[" Aceites y grasa vegetales (60%) (girasol (75%), palma y linaza), agua, emulgentes (mono y diglicéridos de ácidos grasos, lecitina  de girasol), sal (0,2%), acidulante (acido cítrico), aromas naturales, vitaminas (A, D, tiamina), colorante (carotenos)."],"ean":"8413800011503"},{"full_name":"FLORA margarina original con omega 3 y 6 100% vegetal tarrina 260 g","name":"margarina original con omega 3 y 6 100% vegetal tarrina 260 g","brand":"FLORA ","img":"https://sgfm.elcorteingles.es/SGFM/dctm/MEDIA03/201708/10/00118815200656____1__600x600.jpg","price":"1,48 €","price_unit":"(5,69 € / Kilo)","categories":["Supermercado","Lácteos","Mantequilla y margarina","Margarina","FLORA margarina original con omega 3 y 6 100% vegetal tarrina 260 g"],"general_information":[],"ingredients":[],"ean":"8714100768501"},{"full_name":"FLORA margarina de oliva con omega 3 y 6 100% vegetal tarrina 260 g","name":"margarina de oliva con omega 3 y 6 100% vegetal tarrina 260 g","brand":"FLORA ","img":"https://sgfm.elcorteingles.es/SGFM/dctm/MEDIA03/201708/10/00118815200664____1__600x600.jpg","price":"1,52 €","price_unit":"(5,85 € / Kilo)","categories":["Supermercado","Lácteos","Mantequilla y margarina","Margarina","FLORA margarina de oliva con omega 3 y 6 100% vegetal tarrina 260 g"],"general_information":[],"ingredients":[],"ean":"8714100768549"},{"full_name":"FLORA margarina pro-activ con sabor mantequilla envase 250 g","name":"margarina pro-activ con sabor mantequilla envase 250 g","brand":"FLORA ","img":"https://sgfm.elcorteingles.es/SGFM/dctm/MEDIA03/201709/08/00118815200466____13__600x600.jpg","price":"2,59 €","price_unit":"(10,36 € / Kilo)","categories":["Supermercado","Lácteos","Mantequilla y margarina","Margarina","FLORA margarina pro-activ con sabor mantequilla envase 250 g"],"general_information":["Denominación del alimento: Margarina 3/4 con esteroles vegetales anadidos (7,5%)","País de origen: Países Bajos","Nombre del operador: Unilever","Dirección del operador: Unilever Espana, S.A.C/ Tecnología 19, 08840 Viladecans (Barcelona)Atención al consumidor: 900 812 511\"","Cantidad Neta: 250 g","Número de raciones por envase: 25"],"ingredients":[" Ingredientes: Aceites y grasa vegetales (girasol, linaza, palma) (55%), agua, ésteres de esteroles vegetales (12,5%) (equivalen a esteroles vegetales (7,5%)), suero de MANTEQUILLA, sal (0,5%), emulgentes (mono y diglicéridos de ácidos grasos, lecitina de girasol), aroma natural de MANTEQUILLA (contiene LECHE), aroma, conservador (sorbato potásico), acidulante (ácido cítrico), vitaminas (A, D), colorante (carotenos)."],"conservation":"Modo de empleo: No especificado","ean":"8712100536915"},{"full_name":"FLORA margarina pro-activ tarrina 500 g","name":"margarina pro-activ tarrina 500 g","brand":"FLORA ","img":"https://sgfm.elcorteingles.es/SGFM/dctm/MEDIA03/201706/15/00118815200573____7__600x600.jpg","price":"4,51 €","categories":["Supermercado","Lácteos","Mantequilla y margarina","Margarina","FLORA margarina pro-activ tarrina 500 g"],"general_information":["Denominación del alimento: Materia grasa vegetal para untar 35% M.G. con esteroles vegetales añadidos (7,5%)","Nombre del operador: Unilever España S.A.","Dirección del operador: C/Tecnología 19, 08840 Viladecans (Barcelona)","Cantidad Neta: 500 g"],"ingredients":[" Agua, aceites y grasa vegetales (girasol, palma, linaza), ésteres de esteroles vegetales (12,5%)(equivalen a esteroles vegetales (7,5%)), suero de leche, almidón modificado de maíz, emulgentes (mono y diglicéridos de ácidos grasos, lecitina de girasol), sal (0,2%), conservador (sorbato potásico), acidulante (ácido cítrico), colorante (carotenos), aroma y vitaminas (A, D)."],"conservation":" Consérvese en frigorífico","ean":"8714100664384"},{"full_name":"FLORA margarina pro-activ tarrina 250 g","name":"margarina pro-activ tarrina 250 g","brand":"FLORA ","img":"https://sgfm.elcorteingles.es/SGFM/dctm/MEDIA03/201706/15/00118815200094____14__600x600.jpg","price":"2,48 €","price_unit":"(9,92 € / Kilo)","categories":["Supermercado","Lácteos","Mantequilla y margarina","Margarina","FLORA margarina pro-activ tarrina 250 g"],"general_information":["Denominación del alimento: Materia grasa vegetal para untar 35% M.G. con esteroles vegetales anadidos (7,5%)","País de origen: España","Nombre del operador: Unilever","Dirección del operador: Unilever Espana, S.A.C/ Tecnología 19, 08840 Viladecans (Barcelona)Teléfono de Atención al Consumidor: 900 812 511\"","Cantidad Neta: 250 g","Número de raciones por envase: 25"],"ingredients":[" Ingredientes: Agua, aceites y grasa vegetales (girasol, linaza, palma), ésteres de esteroles vegetales (12,5%) (equivalen a esteroles vegetales (7,5%)), almidón modificado de tapioca, suero de LECHE, emulgentes (mono y diglicéridos de ácidos grasos, lecitina de girasol), sal (0,2%), conservador (sorbato potásico), acidulante (ácido cítrico), colorante (carotenos), aromas y vitaminas (A, D)."],"ean":"8413800011206"},{"full_name":"FLORA margarina pro-activ con aceite de oliva envase 225 g","name":"margarina pro-activ con aceite de oliva envase 225 g","brand":"FLORA ","img":"https://sgfm.elcorteingles.es/SGFM/dctm/MEDIA03/201706/22/00118815200623____1__600x600.jpg","price":"2,85 €","price_unit":"(12,67 € / Kilo)","categories":["Supermercado","Lácteos","Mantequilla y margarina","Margarina","FLORA margarina pro-activ con aceite de oliva envase 225 g"],"general_information":["Denominación del alimento: Materia grasa vegetal para untar 35% con esteroles vegetales añadidos (8,9%) y aceite de oliva","Nombre del operador: Unilever España S.A.","Dirección del operador: C/Tecnología 19, 08840 Viladecans (Barcelona)","Cantidad Neta: 225 g"],"ingredients":[" Agua, ésteres de esteroles vegetales (14,9%)(equivalen a esteroles vegetales (8,9%)), aceite de girasol (11%), aceite de oliva (7%), suero de leche, grasa de palma, aceite de linaza, almidón modificado de maíz, sal (0,3%), emulgentes (mono y diglicéridos de ácidos grasos, lecitina de girasol), conservador (sorbato potásico), acidulante (ácido cítrico), colorante (carotenos), aromas naturales y vitaminas (A, D, E)."],"conservation":" Consérvese en frigorífico","ean":"8714100601587"},{"full_name":"FLORA margarina con aceite de nueces envase 225 g","name":"margarina con aceite de nueces envase 225 g","brand":"FLORA ","img":"https://sgfm.elcorteingles.es/SGFM/dctm/MEDIA03/201706/22/00118815200607____1__600x600.jpg","price":"1,99 €","price_unit":"(8,84 € / Kilo)","categories":["Supermercado","Lácteos","Mantequilla y margarina","Margarina","FLORA margarina con aceite de nueces envase 225 g"],"general_information":["Denominación del alimento: Materia grasa para untar 70% con aceite de nueces","Nombre del operador: Unilever España S.A.","Dirección del operador: C/Tecnología 19, 08840 Viladecans (Barcelona)","Cantidad Neta: 225 g"],"ingredients":[" Aceites vegetales (53%) (girasol, nueces (28%), linaza, nabina), agua, grasa de palma, sal (0,4%), emulgentes (mono y diglicéridos de ácidos grasos, lecitina de girasol), aroma natural, azúcar caramelizado, acidulante (ácido cítrico), vitaminas (A, D, tiamina)."],"conservation":" Consérvese en frigorífico","ean":"8714100735879"},{"full_name":"FLORA margarina con aceite de aguacate y lima envase 225 g","name":"margarina con aceite de aguacate y lima envase 225 g","brand":"FLORA ","img":"https://sgfm.elcorteingles.es/SGFM/dctm/MEDIA03/201706/22/00118815200615____1__600x600.jpg","price":"1,99 €","price_unit":"(8,84 € / Kilo)","categories":["Supermercado","Lácteos","Mantequilla y margarina","Margarina","FLORA margarina con aceite de aguacate y lima envase 225 g"],"general_information":["Denominación del alimento: Materia grasa para untar 70% con aceite de aguacate y lima","Nombre del operador: Unilever España S.A.","Dirección del operador: C/Tecnología 19, 08840 Viladecans (Barcelona)","Cantidad Neta: 225 g"],"ingredients":[" Aceites vegetales (53%)(girasol, aguacate (28%), linaza, nabina), agua, grasa de palma, sal (1%), emulgentes (mono y diglicéridos de ácidos grasos, lecitina de girasol), aroma natural, aceite esencial de lima, acidulante (ácido cítrico), vitaminas (A, D, tiamina)."],"conservation":" Consérvese en frigorífico","ean":"8714100735862"},{"full_name":"FLORA Esencia margarina 100% vegetal sin aceite de palma sin lactosa tarrina 225 g","name":"Esencia margarina 100% vegetal sin aceite de palma sin lactosa tarrina 225 g","brand":"FLORA ","img":"https://sgfm.elcorteingles.es/SGFM/dctm/MEDIA03/201710/19/00118815200714____1__600x600.jpg","price":"1,99 €","categories":["Supermercado","Lácteos","Mantequilla y margarina","Margarina","FLORA Esencia margarina 100% vegetal sin aceite de palma sin lactosa tarrina 225 g"],"general_information":["Denominación del alimento: Materia grasa para untar 70%","Nombre del operador: Unilever España S.A.","Dirección del operador: C/Tecnología 19, 08840 Viladecans (Barcelona)","Cantidad Neta: 225 g"],"ingredients":[" Aceites y grasas vegetales (70%) (girasol, allanblackia, linaza, coco y nabina), agua, sal (0,5%), emulgente (lecitina de girasol), acidulante (ácido cítrico), aroma natural, vitamina D , colorante (carotenos)."],"conservation":" Consérvese en frigorífico","ean":"8714100838082"},{"full_name":"TULIPAN margarina con sal con ácidos grasos esenciales calcio y vitaminas A D E tarrina 500 g","name":"margarina con sal con ácidos grasos esenciales calcio y vitaminas A D E tarrina 500 g","brand":"TULIPAN ","img":"https://sgfm.elcorteingles.es/SGFM/dctm/MEDIA02/CONTENIDOS/201410/17/00118815200086____1__600x600.jpg","price":"1,63 €            ","price_unit":"(3,12 € / Kilo)","categories":["Supermercado","Lácteos","Mantequilla y margarina","Margarina","TULIPAN margarina con sal con ácidos grasos esenciales calcio y vitaminas A D E tarrina 500 g"],"general_information":["Denominación del alimento: Margarina 3/4 con sal","País de origen: España","Nombre del operador: Unilever","Dirección del operador: Unilever Espana, S.A.C/ Tecnología 19,08840 Viladecans (Barcelona)Atención al consumidor 900 812 511www.tulipan.es\"","Cantidad Neta: 500 g","Número de raciones por envase: 50"],"ingredients":[" Ingredientes: (Aceites vegetales (68%)(girasol, soja, linaza) y grasa de palma)(60%), agua, LECHE desnatada, sal (0,9%), sales de calcio, emulgentes (mono y diglicéridos de ácidos grasos, lecitina de girasol), acidulante (ácido láctico), conservador (sorbato potásico), estabilizante (goma xantana), aromas naturales, vitaminas (A, D), colorante (carotenos)."],"ean":"8413800013507"},{"full_name":"TULIPAN margarina con sal con ácidos grasos esenciales calcio y vitaminas A D E tarrina 260 g","name":"margarina con sal con ácidos grasos esenciales calcio y vitaminas A D E tarrina 260 g","brand":"TULIPAN ","img":"https://sgfm.elcorteingles.es/SGFM/dctm/MEDIA03/201708/10/00118815200649____1__600x600.jpg","price":"1,12 €            ","price_unit":"(4,12 € / Kilo)","categories":["Supermercado","Lácteos","Mantequilla y margarina","Margarina","TULIPAN margarina con sal con ácidos grasos esenciales calcio y vitaminas A D E tarrina 260 g"],"general_information":["Denominación del alimento: Margarina 3/4 con sal","Nombre del operador: Unilever España S.A.","Dirección del operador: C/Tecnología 19, 08840 Viladecans (Barcelona)","Cantidad Neta: 260 g"],"ingredients":[" (Aceites vegetales (68%)(girasol, soja, linaza) y grasa de palma)(60%), agua, leche desnatada, sal (0,9%), sales de calcio, emulgentes (mono y diglicéridos de ácidos grasos, lecitina de girasol), acidulante (ácido láctico), conservador (sorbato potásico), estabilizante (goma xantana), aromas naturales, vitaminas (A, D), colorante (carotenos)."],"conservation":" Consérvese en frigorífico","ean":"8714100768525"},{"full_name":"TULIPAN margarina con ácidos grasos esenciales calcio y vitaminas A D E tarrina 500 g","name":"margarina con ácidos grasos esenciales calcio y vitaminas A D E tarrina 500 g","brand":"TULIPAN ","img":"https://sgfm.elcorteingles.es/SGFM/dctm/MEDIA03/201709/11/00118815200029____2__600x600.jpg","price":"1,63 €            ","price_unit":"(3,12 € / Kilo)","categories":["Supermercado","Lácteos","Mantequilla y margarina","Margarina","TULIPAN margarina con ácidos grasos esenciales calcio y vitaminas A D E tarrina 500 g"],"general_information":["Denominación del alimento: Margarina 3/4","País de origen: España","Nombre del operador: Unilever","Dirección del operador: 900 812 511www.tulipan.es","Cantidad Neta: 500 g","Número de raciones por envase: 50"],"ingredients":[" Ingredientes: (Aceites vegetales (girasol, soja, linaza) (68%) y grasa de palma)(60%), agua, LECHE desnatada, sales de calcio, sal (0,3%), emulgentes (mono y diglicéridos de ácidos grasos, lecitina de girasol), acidulante (ácido láctico), conservador (sorbato potásico), estabilizante (goma xantana), aromas naturales, vitaminas (A, D), colorante (carotenos)."],"conservation":"Modo de empleo: --","ean":"8413800012500"},{"full_name":"TULIPAN margarina con sabor a mantequilla envase 250 g","name":"margarina con sabor a mantequilla envase 250 g","brand":"TULIPAN ","img":"https://sgfm.elcorteingles.es/SGFM/dctm/MEDIA03/201705/10/00118815200391____2__600x600.jpg","price":"1,42 €            ","price_unit":"(5,40 € / Kilo)","categories":["Supermercado","Lácteos","Mantequilla y margarina","Margarina","TULIPAN margarina con sabor a mantequilla envase 250 g"],"general_information":["Denominación del alimento: Materia grasa vegetal para untar 70%","Nombre del operador: Unilever España S.A.","Dirección del operador: C/Tecnología 19, 08840 Viladecans (Barcelona)","Cantidad Neta: 250 g"],"ingredients":[" (Aceites vegetales (girasol, linaza) (61%) y grasa de palma) (70%), agua, suero de mantequilla, sal (0.5%), emulgentes (lecitina de girasol, mono y diglicéridos de ácidos grasos), conservador (sorbato potásico), aromas naturales, acidulante (ácido cítrico), vitaminas (A, D), colorante (carotenos)."],"conservation":" Consérvese en frigorífico","ean":"8712566453115"},{"full_name":"ZAS margarina extra fina salada tarrina 1 kg","name":"margarina extra fina salada tarrina 1 kg","brand":"ZAS ","img":"https://sgfm.elcorteingles.es/SGFM/dctm/MEDIA03/201707/05/00201015200106____1__600x600.jpg","price":"3,85 €","price_unit":"(3,85 € / Kilo)","categories":["Supermercado","Lácteos","Mantequilla y margarina","Margarina","ZAS margarina extra fina salada tarrina 1 kg"],"general_information":["Denominación del alimento: Margarina","Nombre del operador: Unilever España S.A.","Dirección del operador: C/Tecnología 19, 08840 Viladecans (Barcelona)","Cantidad Neta: 1 Kilogramos"],"ingredients":[" Aceite y grasas vegetales (81%) (girasol, palma, palma totalmente hidrogenada), agua, sal (2.2%), leche desnatada, colorante (E160b), conservador (sorbato potásico), acidulante (ácido cítrico), aromas, vitaminas (A, D)."],"conservation":" Consérvese en frigorífico","ean":"8413800014658"},{"full_name":"PULEVA Omega 3 margarina  60% M.G. envase 250 g","name":"Omega 3 margarina  60% M.G. envase 250 g","brand":"PULEVA ","img":"https://sgfm.elcorteingles.es/SGFM/dctm/MEDIA03/201705/04/00118815200599____1__600x600.jpg","price":"1,89 €","price_unit":"(7,56 € / Kilo)","categories":["Supermercado","Lácteos","Mantequilla y margarina","Margarina","PULEVA Omega 3 margarina  60% M.G. envase 250 g"],"general_information":["Denominación del alimento: MARGARINA ¾ 60 M.G. PARA COCINAR Y UNTAR CON ACEITE DE OLIVA VIRGEN EXTRA (6%)","Nombre del operador: Lactalis Forlasa S.L.U.","Dirección del operador: Avda. Reyes Católicos, 135. 02600 Villarrobledo","Cantidad Neta: 250 g"],"ingredients":[" Aceites y grasas vegetales (59,1 %): Girasol, coco, oliva virgen extra (6%), karité, linaza. Agua. Emulgentes: mono y diglecéridos de ácidos grasos, ésteres cítricos de mono y diglicéridos de ácidos grasos, Sal (0,4 %), Leche desnatada en polvo, Antioxidante: extractos de romero, Corrector de acidez: ácido cítrico, Colorante: Beta-caroteno, Vitamina: B1."],"ean":"3155251204510"},{"full_name":"ARTUA margarina de maíz sin lactosa tarrina 500 g","name":"margarina de maíz sin lactosa tarrina 500 g","brand":"ARTUA ","img":"https://sgfm.elcorteingles.es/SGFM/dctm/MEDIA02/CONTENIDOS/201410/14/00118815200052____2__600x600.jpg","price":"2,18 €","price_unit":"(4,36 € / Kilo)","categories":["Supermercado","Lácteos","Mantequilla y margarina","Margarina","ARTUA margarina de maíz sin lactosa tarrina 500 g"],"general_information":["Denominación del alimento: Materia grasa para untar 55%","País de origen: España","Nombre del operador: Unilever","Dirección del operador: Unilever Espana, S.A.C/ Tecnologia, 1908840 Viladecans (Barcelona)Teléfono de Atención al Consumidor 900 812 511\"","Cantidad Neta: 500 g","Número de raciones por envase: 50"],"ingredients":[" Ingredientes:  Aceites y grasa vegetales (aceite de germen de maíz (51%), palma y girasol)(55%), agua, sal (0,5%), emulgentes (mono y diglicéridos de ácidos grasos, lecitina de girasol), conservador (sorbato potásico), acidulante (ácido láctico), aromas, vitaminas (A, riboflavina, D)."],"ean":"8413800010209"},{"full_name":"HOLLAND margarina vegetal tarrina 500 g","name":"margarina vegetal tarrina 500 g","brand":"HOLLAND ","img":"https://sgfm.elcorteingles.es/SGFM/dctm/MEDIA02/CONTENIDOS/201411/19/00118815200169____1__600x600.jpg","price":"1,55 €","price_unit":"(3,10 € / Kilo)","categories":["Supermercado","Lácteos","Mantequilla y margarina","Margarina","HOLLAND margarina vegetal tarrina 500 g"],"general_information":["Denominación del alimento: MARGARINA","Nombre del operador: TEODORO GARCIA S.A.","Dirección del operador: Pol.Ind. Centro C/Ferrocarril, 2  VILADECANS 08840 ESPAÑA","Cantidad Neta: 0.5 Kilogramos"],"ingredients":[" ACEITES Y GRASAS VEGET. (GIRASOL, PALMA Y COCO) (80%), AGUA, SAL (0.5%), LECITINA DE SOJA, E-471, LECHE DESNATADA EN POLVO, E-202, ACIDO CITRICO, AROMA NATURAL, CAROTENOS, VITAMINA A, VITAMINA D"],"conservation":" CONSERVESE EN SITIO FRESCO","ean":"8710454021682"},{"full_name":"ASTURIANA mantequilla tradicional rulo 500 g","name":"mantequilla tradicional rulo 500 g","brand":"ASTURIANA ","img":"https://sgfm.elcorteingles.es/SGFM/dctm/MEDIA03/201609/08/00118815100039____1__600x600.jpg","price":"3,99 €","price_unit":"(7,98 € / Kilo)","categories":["Supermercado","Lácteos","Mantequilla y margarina","Mantequilla","ASTURIANA mantequilla tradicional rulo 500 g"],"general_information":["Denominación del alimento: Mantequilla","Nombre del operador: Corporación Alimentaria Peñasanta,","Dirección del operador: LG Sierra de Granda, s/n, 33199, Siero - Asturias.","Cantidad Neta: 0.5 Litros"],"ingredients":[" mantequilla"],"conservation":" Conservar en frio entre 1 y 6ºC","ean":"8410297031007"},{"full_name":"ASTURIANA mantequilla mediterránea con aceite de oliva tarrina 250 g","name":"mantequilla mediterránea con aceite de oliva tarrina 250 g","brand":"ASTURIANA ","img":"https://sgfm.elcorteingles.es/SGFM/dctm/MEDIA02/CONTENIDOS/201407/21/00118815100476____1__600x600.jpg","price":"2,39 €","price_unit":"(9,56 € / Kilo)","categories":["Supermercado","Lácteos","Mantequilla y margarina","Mantequilla","ASTURIANA mantequilla mediterránea con aceite de oliva tarrina 250 g"],"general_information":["Denominación del alimento: Semimateria grasa compuesta para untar (7% aceite de oliva)","Nombre del operador: Corporación Alimentaria Peñasanta S.A","Dirección del operador: Sierra de Granda, s/n 33199 Siero, Asturias","Cantidad Neta: 250 g"],"ingredients":[" Mantequilla (24%), agua, aceites vegetales (19.8% de los cuales 36% aceite de oliva),proteínas lácteas, sal (1.5%), estabilizantes (E-401), emulgentes (E-471,E-476), conservantes (E-202), aroma y colorante (betacaroteno)"],"conservation":" Conservar en frío entre 1 y 6°C","ean":"8410297132230"},{"full_name":"ASTURIANA mantequilla tradicional tarrina 250 g","name":"mantequilla tradicional tarrina 250 g","brand":"ASTURIANA ","img":"https://sgfm.elcorteingles.es/SGFM/dctm/MEDIA03/201609/08/00118815100013____1__600x600.jpg","price":"2,29 €","price_unit":"(9,16 € / Kilo)","categories":["Supermercado","Lácteos","Mantequilla y margarina","Mantequilla","ASTURIANA mantequilla tradicional tarrina 250 g"],"general_information":["Denominación del alimento: Mantequilla","Nombre del operador: Corporación Alimentaria Peñasanta S.A","Dirección del operador: Sierra de Granda, s/n 33199 Siero, Asturias","Cantidad Neta: 250 g"],"ingredients":[" Mantequilla"],"conservation":" Conservar en frío entre 1 y 6°C","ean":"8410297132209"},{"full_name":"ASTURIANA mantequilla ligera tarrina 250 g","name":"mantequilla ligera tarrina 250 g","brand":"ASTURIANA ","img":"https://sgfm.elcorteingles.es/SGFM/dctm/MEDIA03/201609/08/00118815100203____2__600x600.jpg","price":"2,39 €","price_unit":"(9,56 € / Kilo)","categories":["Supermercado","Lácteos","Mantequilla y margarina","Mantequilla","ASTURIANA mantequilla ligera tarrina 250 g"],"general_information":["Denominación del alimento: Mantequilla ligera","Nombre del operador: Corporación Alimentaria Peñasanta S.A","Dirección del operador: Sierra de Granda, s/n 33199 Siero, Asturias","Cantidad Neta: 250 g","Otras menciones obligatorias en la etiqueta: Menos del 50% de calorias (Comparado con la mantequilla tradicional)"],"ingredients":[" Nata, proteínas lácteas, sal (1.5%), estabilizante (E-401), emulgentes (E-471,E-476), conservante (E-202), aroma y colorante betacaroteno"],"conservation":" Conservar en frío entre 1 y 6°C","ean":"8410297132223"},{"full_name":"ASTURIANA matequilla sin lactosa tarrina 250 g","name":"matequilla sin lactosa tarrina 250 g","brand":"ASTURIANA ","img":"https://sgfm.elcorteingles.es/SGFM/dctm/MEDIA02/CONTENIDOS/201601/21/00118815101540____1__600x600.jpg","price":"2,39 €","price_unit":"(9,56 € / Kilo)","categories":["Supermercado","Lácteos","Mantequilla y margarina","Mantequilla","ASTURIANA matequilla sin lactosa tarrina 250 g"],"general_information":["Denominación del alimento: Mantequilla ligera sin lactosa","Nombre del operador: Corporación Alimentaria Peñasanta,","Dirección del operador: LG Sierra de Granda, s/n, 33199, Siero - Asturias.","Cantidad Neta: 0.25 Litros"],"ingredients":[" nata, proteínas lácteas, almidón modificado, emulgentes (E-471,E-476), sal (0,3%), conservante (E-202), colorante betacaroteno, aromas"],"conservation":" Conservar en frio entre 1 y 6ºC","ean":"8410297132384"},{"full_name":"ARIAS mantequilla en barritas 4 unidades de 62,5 g envase 250 g","name":"mantequilla en barritas 4 unidades de 62,5 g envase 250 g","brand":"ARIAS ","img":"https://sgfm.elcorteingles.es/SGFM/dctm/MEDIA02/CONTENIDOS/201512/29/00118815100336____1__600x600.jpg","price":"2,95 €","price_unit":"(11,80 € / Kilo)","categories":["Supermercado","Lácteos","Mantequilla y margarina","Mantequilla","ARIAS mantequilla en barritas 4 unidades de 62,5 g envase 250 g"],"general_information":["Denominación del alimento: Mantequilla Sin Sal","Nombre del operador: Mantequerias Arias","Dirección del operador: C/Pedro Teixeira 8-28020 MADRID","Cantidad Neta: 250,0 g"],"ingredients":[" Nata y Fermentos lácticos"],"ean":"0000084131089"},{"full_name":"ARIAS mantequilla tradicional tarrina 250 g","name":"mantequilla tradicional tarrina 250 g","brand":"ARIAS ","img":"https://sgfm.elcorteingles.es/SGFM/dctm/MEDIA02/CONTENIDOS/201512/29/00118815101409____1__600x600.jpg","price":"2,49 €","price_unit":"(10,60 € / Kilo)","categories":["Supermercado","Lácteos","Mantequilla y margarina","Mantequilla","ARIAS mantequilla tradicional tarrina 250 g"],"general_information":["Denominación del alimento: Mantequilla Tradicional","Nombre del operador: Mantequerias Arias","Dirección del operador: C/Pedro Teixeira 8-28020 MADRID","Cantidad Neta: 235 g"],"ingredients":[" Nata leche y Fermentos lácticos"],"ean":"8413100612592"},{"full_name":"ARIAS mantequilla extra ligera tarrina 235 g","name":"mantequilla extra ligera tarrina 235 g","brand":"ARIAS ","img":"https://sgfm.elcorteingles.es/SGFM/dctm/MEDIA02/CONTENIDOS/201512/29/00118815100864____1__600x600.jpg","price":"2,29 €","price_unit":"(9,74 € / Kilo)","categories":["Supermercado","Lácteos","Mantequilla y margarina","Mantequilla","ARIAS mantequilla extra ligera tarrina 235 g"],"general_information":["Denominación del alimento: Materia Grasa Láctea Para Untar 20% Ligera","Nombre del operador: Mantequerias Arias","Dirección del operador: C/Pedro Teixeira 8-28020 MADRID","Cantidad Neta: 235,0 g"],"ingredients":[" Agua, materia grasa láctea, almidón modificado, maltodextrina,aroma natural, lactosa, estabilizadores (E-471,E-476), sal,proteínas de leche conservador sorbato potasio, colorante:beta-caroteno vitamina E y vitamina A"],"ean":"8413100612622"},{"full_name":"ARIAS mantequilla fácil de untar tarrina 235 g","name":"mantequilla fácil de untar tarrina 235 g","brand":"ARIAS ","img":"https://sgfm.elcorteingles.es/SGFM/dctm/MEDIA02/CONTENIDOS/201512/29/00118815100286____1__600x600.jpg","price":"2,49 €","price_unit":"(10,60 € / Kilo)","categories":["Supermercado","Lácteos","Mantequilla y margarina","Mantequilla","ARIAS mantequilla fácil de untar tarrina 235 g"],"general_information":["Denominación del alimento: Mantequilla Arias Fácil de Untar","Nombre del operador: Mantequerias Arias","Dirección del operador: C/Pedro Teixeira 8-28020 MADRID","Cantidad Neta: 235 g"],"ingredients":[" Nata(leche )y Fermentos lácticos"],"ean":"8413100612615"},{"full_name":"ARIAS mantequilla en porciones individuales envase 10 unidades","name":"mantequilla en porciones individuales envase 10 unidades","brand":"ARIAS ","img":"https://sgfm.elcorteingles.es/SGFM/dctm/MEDIA02/CONTENIDOS/201512/29/00118815100302____1__600x600.jpg","price":"1,39 €","price_unit":"(12,09 € / Kilo)","categories":["Supermercado","Lácteos","Mantequilla y margarina","Mantequilla","ARIAS mantequilla en porciones individuales envase 10 unidades"],"general_information":["Denominación del alimento: Mantequilla Tradicional 10 Mini Porciones","Nombre del operador: Mantequerias Arias","Dirección del operador: C/Pedro Teixeira 8-28020 MADRID","Cantidad Neta: 115 g"],"ingredients":[" Nata(leche )y Fermentos lácticos"],"ean":"8413100612639"},{"full_name":"ARIAS microtarrina de mantequilla 10 g caja 100 unidades","name":"microtarrina de mantequilla 10 g caja 100 unidades","brand":"ARIAS ","img":"https://sgfm.elcorteingles.es/SGFM/dctm/MEDIA03/201708/25/00118815101490____2__600x600.jpg","price":"10,00 €","price_unit":"(10.000 € / Kilo)","categories":["Supermercado","Lácteos","Mantequilla y margarina","Mantequilla","ARIAS microtarrina de mantequilla 10 g caja 100 unidades"],"general_information":["Denominación del alimento: Mantequilla Tradicional","Nombre del operador: Mantequerias Arias","Dirección del operador: C/Pedro Teixeira 8-28020 MADRID","Cantidad Neta: 1000 g"],"ingredients":[" nata, fermentos lacticos"],"ean":"8413100023206"},{"full_name":"PASCUAL mantequilla tarrina 250 g","name":"mantequilla tarrina 250 g","brand":"PASCUAL ","img":"https://sgfm.elcorteingles.es/SGFM/00/18/7/0118815100187/0118815100187000g01011.jpg","price":"2,28 €            ","price_unit":"(8,76 € / Kilo)","categories":["Supermercado","Lácteos","Mantequilla y margarina","Mantequilla","PASCUAL mantequilla tarrina 250 g"],"general_information":["Denominación del alimento: Mantequilla","Nombre del operador: Calidad Pascual, SAU.","Dirección del operador: Ctra. De Palencia, s/n - 09400 Aranda de Duero (Burgos)","Cantidad Neta: 250 g"],"ingredients":[" Nata pasteurizada y fermentos lácticos."],"conservation":" Conservar en frío entre 2° y 6°C. Una vez abierto conservar el envase cerrado en nevera entre 2° y 6°C, y consumir antes de 1 mes, no superando la fecha de consumo preferente.","ean":"8410128000578"},{"full_name":"PRESIDENT mantequilla fácil de untar tarrina 250 g","name":"mantequilla fácil de untar tarrina 250 g","brand":"PRESIDENT ","img":"https://sgfm.elcorteingles.es/SGFM/dctm/MEDIA03/201712/18/00118815100419____1__600x600.jpg","price":"2,65 €","price_unit":"(10,60 € / Kilo)","categories":["Supermercado","Lácteos","Mantequilla y margarina","Mantequilla","PRESIDENT mantequilla fácil de untar tarrina 250 g"],"general_information":["Denominación del alimento: Mantequilla fácil de untar - 82% M.G.","Nombre del operador: Lactalis Forlasa S.L.U.","Dirección del operador: LB&C-Les PLACIS 35230 Bourgbarré France","Cantidad Neta: 250 g"],"ingredients":[" Mantequilla Fácil de Untar - 82%mg"],"ean":"3228021920184"},{"full_name":"PRESIDENT mantequilla envase 250 g","name":"mantequilla envase 250 g","brand":"PRESIDENT ","img":"https://sgfm.elcorteingles.es/SGFM/00/37/7/0118815100377/0118815100377000g01011.jpg","price":"2,79 €","price_unit":"(11,16 € / Kilo)","categories":["Supermercado","Lácteos","Mantequilla y margarina","Mantequilla","PRESIDENT mantequilla envase 250 g"],"general_information":["Denominación del alimento: mantequilla 82% M.G.","Nombre del operador: Lactalis Forlasa S.L.U.","Dirección del operador: LB&C-Les PLACIS 35230 Bourgbarré France","Cantidad Neta: 250 g"],"ingredients":[" Mantequilla 82%MG."],"ean":"3228023950301"},{"full_name":"PRESIDENT mantequilla ligera tarrina 250 g","name":"mantequilla ligera tarrina 250 g","brand":"PRESIDENT ","img":"https://sgfm.elcorteingles.es/SGFM/dctm/MEDIA02/CONTENIDOS/201502/18/00201015101494____1__600x600.jpg","price":"2,74 €","price_unit":"(10,96 € / Kilo)","categories":["Supermercado","Lácteos","Mantequilla y margarina","Mantequilla","PRESIDENT mantequilla ligera tarrina 250 g"],"general_information":["Denominación del alimento: Mantequilla ligera 40% M.G.","Nombre del operador: Lactalis Forlasa S.L.U.","Dirección del operador: LB&C - LES PLACIS - 35230 Bourgbarré - Francia","Cantidad Neta: 250 g"],"ingredients":[" Agua, mantequilla (leche), almidón modificado, gelatina, acidificante: ácido lácteo (leche), sal (0,4%), emulsionante: E471, conservante: sorbato de potasio, colorante: betacaroteno, vitaminas A y E, aroma natural."],"ean":"3228022000298"},{"full_name":"PRESIDENT mantequilla Bio 250 g","name":"mantequilla Bio  250 g","brand":"PRESIDENT ","img":"https://sgfm.elcorteingles.es/SGFM/dctm/MEDIA03/201705/10/00118815700044____1__600x600.jpg","price":"3,59 €","price_unit":"(14,36 € / Kilo)","categories":["Supermercado","Lácteos","Mantequilla y margarina","Mantequilla","PRESIDENT mantequilla Bio 250 g"],"general_information":["Denominación del alimento: mantequilla 82% M.G.","País de origen: Francia","Nombre del operador: Lactalis Forlasa S.L.U.","Dirección del operador: LB&C-Les PLACIS 35230 Bourgbarré France","Cantidad Neta: 250 g"],"ingredients":[" Nata (leche) procedente de agricultura ecológica, fermentos lácticos"],"ean":"3155250347621"},{"full_name":"CADI mantequilla envase 250 g","name":"mantequilla envase 250 g","brand":"CADI ","img":"https://sgfm.elcorteingles.es/SGFM/dctm/MEDIA03/201702/16/00118815100229____1__600x600.jpg","price":"3,55 €","price_unit":"(14,20 € / Kilo)","categories":["Supermercado","Lácteos","Mantequilla y margarina","Mantequilla","CADI mantequilla envase 250 g"],"general_information":["Denominación del alimento: MANTEQUILLA DE MADURACIÓN LENTA CON DOP","Nombre del operador: CADÍ SOCIETAT COOPERATIVA CATALANA LTDA.","Dirección del operador: C/Sant Ermengol, 37 - 25700 La Seu d'Urgell (Lleida)","Lugar de procedencia del alimento: DOP Mantega Alt Urgell-Cerdanya","Cantidad Neta: 250 g"],"ingredients":[" Nata pasteurizada de leche de vaca, fermentos lácticos"],"conservation":" CONSERVAR EN FRÍO","ean":"8410672000031"},{"full_name":"PULEVA mantequilla paquete 250 g","name":"mantequilla paquete 250 g","brand":"PULEVA ","img":"https://sgfm.elcorteingles.es/SGFM/00/09/6/0118815100096/0118815100096000g01011.jpg","price":"2,00 €","price_unit":"(8 € / Kilo)","categories":["Supermercado","Lácteos","Mantequilla y margarina","Mantequilla","PULEVA mantequilla paquete 250 g"],"general_information":["Denominación del alimento: Mantequilla sin sal 82% M.G.","Nombre del operador: Lactalis Puleva, S.L.","Dirección del operador: Camino de Purchil, 66 - 18004 Granada","Cantidad Neta: 250 g","Número de raciones por envase: 1"],"ingredients":[" Mantequilla (Leche)."],"conservation":" Consumir preferentemente antes del: ver lateral.","ean":"0000084117762"},{"full_name":"IMPERIAL mantequilla sin sal lata 250 g","name":"mantequilla sin sal lata 250 g","brand":"IMPERIAL ","img":"https://sgfm.elcorteingles.es/SGFM/dctm/MEDIA02/CONTENIDOS/201509/10/00118815100146____2__600x600.jpg","price":"4,12 €","price_unit":"(16,48 € / Kilo)","categories":["Supermercado","Lácteos","Mantequilla y margarina","Mantequilla","IMPERIAL mantequilla sin sal lata 250 g"],"general_information":["Denominación del alimento: Mantequilla","Nombre del operador: Mantequera de Tineo, S.A.","Dirección del operador: Fernández Capalleja, 5, 33870 Tineo (Asturias)","Cantidad Neta: 250 g"],"ingredients":[" Mantequilla."],"conservation":" Consérvese en frío (Entre 1°C y 6°C).","ean":"8412120001539"},{"full_name":"LORENZANA mantequilla sin sal lata 500 g","name":"mantequilla sin sal lata 500 g","brand":"LORENZANA ","img":"https://sgfm.elcorteingles.es/SGFM/dctm/MEDIA02/CONTENIDOS/201509/10/00118815101391____2__600x600.jpg","price":"6,57 €","price_unit":"(13,14 € / Kilo)","categories":["Supermercado","Lácteos","Mantequilla y margarina","Mantequilla","LORENZANA mantequilla sin sal lata 500 g"],"general_information":["Denominación del alimento: Mantequilla","Nombre del operador: Mantequera de Tineo, S.A.","Dirección del operador: Fernández Capalleja, 5, 33870 Tineo (Asturias)","Cantidad Neta: 500 g"],"ingredients":[" Mantequilla."],"conservation":" Consérvese en frío (Entre 1°C y 6°C).","ean":"8412120006022"},{"full_name":"KERRYGOLD mantequilla pastilla 250 g","name":"mantequilla pastilla 250 g","brand":"KERRYGOLD ","img":"https://sgfm.elcorteingles.es/SGFM/dctm/MEDIA03/201604/26/00118815101094____1__600x600.jpg","price":"2,99 €","price_unit":"(11,96 € / Kilo)","categories":["Supermercado","Lácteos","Mantequilla y margarina","Mantequilla","KERRYGOLD mantequilla pastilla 250 g"],"general_information":["Denominación del alimento: Mantequilla De Irlanda Sin Sal Añadida","Nombre del operador: KERRYGOLD","Dirección del operador: GRATTAN HOUSE,MOUNT STREET LOWER ( 2 ) DUBLIN","Cantidad Neta: 250 g"],"ingredients":[" Nata Pasteurizada"],"conservation":" Consérvese en frío +04°C/+05ºC","ean":"5011038112509"},{"full_name":"FRICO mantequilla holandesa sin sal lata 500 g","name":"mantequilla holandesa sin sal lata 500 g","brand":"FRICO ","img":"https://sgfm.elcorteingles.es/SGFM/01/14/4/0118815101144/0118815101144000g01011.jpg","price":"6,99 €","price_unit":"(13,98 € / Kilo)","categories":["Supermercado","Lácteos","Mantequilla y margarina","Mantequilla","FRICO mantequilla holandesa sin sal lata 500 g"],"general_information":["Denominación del alimento: Mantequilla sin sal","País de origen: Países Bajos","Nombre del operador: Primar Iberica. S.A.","Dirección del operador: c/ Angel Guimera 5-7 08930 Sant Adrià Besós","Cantidad Neta: 500 g"],"ingredients":[" Mantequilla 82% Materia Grasa"],"ean":"8715300239549"},{"full_name":"CLOVER mantequilla envase 250 g","name":"mantequilla envase 250 g","brand":"CLOVER ","img":"https://sgfm.elcorteingles.es/SGFM/dctm/MEDIA03/201709/14/00118815101664____6__600x600.jpg","price":"2,59 €","price_unit":"(10,36 € / Kilo)","categories":["Supermercado","Lácteos","Mantequilla y margarina","Mantequilla","CLOVER mantequilla envase 250 g"],"general_information":["Denominación del alimento: Margarina con sal","País de origen: Reino Unido","Nombre del operador: Primar Iberica. S.A.","Dirección del operador: c/ Angel Guimera 5-7 08930 Sant Adrià Besós","Cantidad Neta: 250 g"],"ingredients":[" Aceites Vegetales, (31%  aceites de semillas) suero de leche ( 27 % ) , crema , sal ( 1,7 % ) , emulgentes ( E471 , lecitina de girasol) , aromatizantes naturales , Colorante (Beta Caroteno Natural)"],"ean":"5000295080287"},{"full_name":"LARSA mantequilla envase 250 g","name":"mantequilla envase 250 g","brand":"LARSA ","img":"https://sgfm.elcorteingles.es/SGFM/dctm/MEDIA02/CONTENIDOS/201506/09/00118815101474____1__600x600.jpg","price":"2,25 €","price_unit":"(9 € / Kilo)","categories":["Supermercado","Lácteos","Mantequilla y margarina","Mantequilla","LARSA mantequilla envase 250 g"],"general_information":["Denominación del alimento: Mantequilla","Nombre del operador: Corporación Alimentaria Peñasanta S.A","Dirección del operador: Avda. Los Martices s/n-36600 Villagarcía de Arosa-Pontevedra","Cantidad Neta: 250 g"],"ingredients":[" Mantequilla"],"conservation":" Conservar en frío entre 1 y 6°C","ean":"8411024210252"},{"full_name":"FERRARINI Fattorie Ferrarini mantequilla italiana envase 250 g","name":"Fattorie Ferrarini mantequilla italiana envase 250 g","brand":"FERRARINI ","img":"https://sgfm.elcorteingles.es/SGFM/dctm/MEDIA03/201602/18/00118815101219____1__600x600.jpg","price":"4,49 €","price_unit":"(17,96 € / Kilo)","categories":["Supermercado","Lácteos","Mantequilla y margarina","Mantequilla","FERRARINI Fattorie Ferrarini mantequilla italiana envase 250 g"],"general_information":["Denominación del alimento: BURRO FERRARINI NO OGM 250 gr.","País de origen: Italia","Nombre del operador: FERRARINI ESPAÑA, S.L.","Dirección del operador: RONDA DE BUENAVISTA, 55 - CENTRO COMERCIAL MODULO 3 1ª PLANTA OF. 11 - 45005 TOLEDO","Cantidad Neta: 250 g","Otras menciones obligatorias en la etiqueta: Alérgenos presentes: Producto a base de nata/crema de leche."],"ingredients":[" Nata/Crema de leche pasteurizada."],"conservation":" T. max +4ºC","ean":"8008706605460"},{"full_name":"FERRARINI mantequilla lata 250 g","name":"mantequilla lata 250 g","brand":"FERRARINI ","img":"https://sgfm.elcorteingles.es/SGFM/dctm/MEDIA03/201709/08/00118815101607____1__600x600.jpg","price":"4,80 €","price_unit":"(19,20 € / Kilo)","categories":["Supermercado","Lácteos","Mantequilla y margarina","Mantequilla","FERRARINI mantequilla lata 250 g"],"general_information":["Denominación del alimento: BURRO FATTORIE FERRARINI NO OGM LATA 250 gr.","País de origen: Italia","Nombre del operador: FERRARINI ESPAÑA, S.L.","Dirección del operador: RONDA DE BUENAVISTA, 55 - CENTRO COMERCIAL MODULO 3 1ª PLANTA OF. 11 - 45005 TOLEDO","Cantidad Neta: 250 g","Otras menciones obligatorias en la etiqueta: Alérgenos presentes: Producto a base de nata/crema de leche."],"ingredients":[" Nata/Crema de leche pasteurizada."],"conservation":" T. max +4ºC","ean":"8008706605484"},{"full_name":"FERRARINI Fattorie Ferrarini mantequilla italina en monodosis envase 125 g","name":"Fattorie Ferrarini mantequilla italina en monodosis envase 125 g","brand":"FERRARINI ","img":"https://sgfm.elcorteingles.es/SGFM/dctm/MEDIA03/201602/18/00118815101227____1__600x600.jpg","price":"2,29 €","price_unit":"(18,32 € / Kilo)","categories":["Supermercado","Lácteos","Mantequilla y margarina","Mantequilla","FERRARINI Fattorie Ferrarini mantequilla italina en monodosis envase 125 g"],"general_information":["Denominación del alimento: BURRO FATTORIE FERRARINI NO OGM MONOPORCION 12,5 gr.","País de origen: Italia","Nombre del operador: FERRARINI ESPAÑA, S.L.","Dirección del operador: RONDA DE BUENAVISTA, 55 - CENTRO COMERCIAL MODULO 3 1ª PLANTA OF. 11 - 45005 TOLEDO","Cantidad Neta: 125 g","Número de raciones por envase: 10","Otras menciones obligatorias en la etiqueta: Alérgenos presentes: Producto a base de nata/crema de leche."],"ingredients":[" Nata/Crema de leche pasteurizada."],"conservation":" T. max +4ºC","ean":"8008706605507"},{"full_name":"LURPAK mantequilla tradicional sin sal tarrina 200 g","name":"mantequilla tradicional sin sal tarrina 200 g","brand":"LURPAK ","img":"https://sgfm.elcorteingles.es/SGFM/dctm/MEDIA03/201706/09/00118815101276____3__600x600.jpg","price":"2,69 €","price_unit":"(13,45 € / Kilo)","categories":["Supermercado","Lácteos","Mantequilla y margarina","Mantequilla","LURPAK mantequilla tradicional sin sal tarrina 200 g"],"general_information":["Denominación del alimento: Mantequilla","Nombre del operador: ARLA","Dirección del operador: C/ JOSE ECHEGARAY, 8  EDIF. III  Ba ( 28232 ) MADRID","Cantidad Neta: 200 g"],"ingredients":[" Mantequilla (Leche), Aceite De Colza, Agua, Fermentoslácticos"],"conservation":" Consérvese en frío +04°C/+08ºC","ean":"5740900401754"},{"full_name":"OLDENBURGUER mantequilla sin sal envase 250 g","name":"mantequilla sin sal envase 250 g","brand":"OLDENBURGUER ","img":"https://sgfm.elcorteingles.es/SGFM/dctm/MEDIA03/201709/01/00118815101235____2__600x600.jpg","price":"1,66 €","price_unit":"(6,64 € / Kilo)","categories":["Supermercado","Lácteos","Mantequilla y margarina","Mantequilla","OLDENBURGUER mantequilla sin sal envase 250 g"],"general_information":["Denominación del alimento: MANTEQUILLA SIN SAL","Nombre del operador: TEODORO GARCIA S.A.","Dirección del operador: Pol.Ind. Centro C/Ferrocarril, 2  VILADECANS 08840 ESPAÑA","Cantidad Neta: 0.25 Kilogramos"],"ingredients":[" MANTEQUILLA"],"ean":"4036300010278"},{"full_name":"LA PASIEGA DE PEÑA PELADA mantequilla rulo 250 g","name":"mantequilla rulo 250 g","brand":"LA PASIEGA DE PEÑA PELADA ","img":"https://sgfm.elcorteingles.es/SGFM/dctm/MEDIA03/201706/16/00118815101300____1__600x600.jpg","price":"3,40 €","price_unit":"(13,60 € / Kilo)","categories":["Supermercado","Lácteos","Mantequilla y margarina","Mantequilla","LA PASIEGA DE PEÑA PELADA mantequilla rulo 250 g"],"general_information":["Denominación del alimento: Mantequilla","Nombre del operador: Herederos de Tomás Ruiz, S.L.","Dirección del operador: C/Sierra Hermosa, 16 A, 39720 La Cavada, Cantabria","Cantidad Neta: 250 g","Otras menciones obligatorias en la etiqueta: M.G, 82 %"],"ingredients":[" Nata de leche."],"conservation":" Consérvese en frío entre 0 y 5 °C","ean":"8424457000017"},{"full_name":"BAYERNLAND Gold Butter mantequilla envase 125 g","name":"Gold Butter mantequilla envase 125 g","brand":"BAYERNLAND ","img":"https://sgfm.elcorteingles.es/SGFM/dctm/MEDIA02/CONTENIDOS/201510/09/00118815101060____1__600x600.jpg","price":"1,55 €","price_unit":"(12,40 € / Kilo)","categories":["Supermercado","Lácteos","Mantequilla y margarina","Mantequilla","BAYERNLAND Gold Butter mantequilla envase 125 g"],"general_information":["Denominación del alimento: MANTEQUILLA. Grasa 82%","Nombre del operador: Casa Westfalia, S.A.","Dirección del operador: C/ Dels Roures 4, Polígono Industrial V2 - 17111 Vulpellac (Girona)","Cantidad Neta: 125 g","Porcentaje de alcohol: 0%","Número de raciones por envase: 20"],"ingredients":[" No es obligatorio declarar los ingredientes."],"conservation":" Mantener en frigorífico","ean":"4002174000653"},{"full_name":"KAIKU mantequilla envase 250 g","name":"mantequilla envase 250 g","brand":"KAIKU ","img":"https://sgfm.elcorteingles.es/SGFM/dctm/MEDIA03/201705/26/00118815101680____1__600x600.jpg","price":"2,89 €","price_unit":"(11,56 € / Kilo)","categories":["Supermercado","Lácteos","Mantequilla y margarina","Mantequilla","KAIKU mantequilla envase 250 g"],"general_information":["Denominación del alimento: Mantequilla","País de origen: España","Nombre del operador: Kaiku Corporación Alimentaria S.L.","Dirección del operador: Paseo de Mikeletegi 55; 20009 San Sebatian (Guipuzcoa)","Cantidad Neta: 250 g"],"ingredients":[" Nata pasterizada y fermentos lácticos."],"conservation":" Conservar en frío","ean":"8410981198733"},{"full_name":"LORENZANA mantequilla con sal lata 500 g","name":"mantequilla con sal lata 500 g","brand":"LORENZANA ","img":"https://sgfm.elcorteingles.es/SGFM/dctm/MEDIA02/CONTENIDOS/201509/10/00118815100732____2__600x600.jpg","price":"6,57 €","price_unit":"(13,14 € / Kilo)","categories":["Supermercado","Lácteos","Mantequilla y margarina","Mantequilla con sal","LORENZANA mantequilla con sal lata 500 g"],"general_information":["Denominación del alimento: Mantequilla","Nombre del operador: Mantequera de Tineo, S.A.","Dirección del operador: Fernández Capalleja, 5, 33870 Tineo (Asturias)","Cantidad Neta: 500 g"],"ingredients":[" Mantequilla y sal (2.1%)."],"conservation":" Consérvese en frío (Entre 1°C y 6°C).","ean":"8412120006039"},{"full_name":"ARIAS mantequilla con sal tarrina 235 g","name":"mantequilla con sal tarrina 235 g","brand":"ARIAS ","img":"https://sgfm.elcorteingles.es/SGFM/dctm/MEDIA02/CONTENIDOS/201512/29/00118815100237____1__600x600.jpg","price":"2,75 €","price_unit":"(11,70 € / Kilo)","categories":["Supermercado","Lácteos","Mantequilla y margarina","Mantequilla con sal","ARIAS mantequilla con sal tarrina 235 g"],"general_information":["Denominación del alimento: Mantequilla Arias Con Sal","Nombre del operador: Mantequerias Arias","Dirección del operador: C/Pedro Teixeira 8-28020 MADRID","Cantidad Neta: 235 g"],"ingredients":[" Nata(leche ). Fermentos Lácticos y sal"],"ean":"8413100612608"},{"full_name":"ASTURIANA mantequilla con sal envase 250 g","name":"mantequilla con sal envase 250 g","brand":"ASTURIANA ","img":"https://sgfm.elcorteingles.es/SGFM/dctm/MEDIA03/201609/08/00118815100690____2__600x600.jpg","price":"2,29 €","price_unit":"(9,16 € / Kilo)","categories":["Supermercado","Lácteos","Mantequilla y margarina","Mantequilla con sal","ASTURIANA mantequilla con sal envase 250 g"],"general_information":["Denominación del alimento: Mantequilla con sal","Nombre del operador: Corporación Alimentaria Peñasanta,","Dirección del operador: LG Sierra de Granda, s/n, 33199, Siero - Asturias.","Cantidad Neta: 0.25 Litros"],"ingredients":[" mantequilla, sales de sodio, potasio y magnesio (0.7%)"],"conservation":" Conservar en frio entre 1 y 6ºC","ean":"8410297132216"},{"full_name":"PRESIDENT mantequilla con sal envase 250 g","name":"mantequilla con sal envase 250 g","brand":"PRESIDENT ","img":"https://sgfm.elcorteingles.es/SGFM/00/38/5/0118815100385/0118815100385000g01011.jpg","price":"2,79 €","price_unit":"(11,16 € / Kilo)","categories":["Supermercado","Lácteos","Mantequilla y margarina","Mantequilla con sal","PRESIDENT mantequilla con sal envase 250 g"],"general_information":["Denominación del alimento: Mantequilla salada 80% M.G.","Nombre del operador: Lactalis Forlasa S.L.U.","Dirección del operador: LB&C - LES PLACIS - 35230 Bourgbarré - Francia","Cantidad Neta: 250 g"],"ingredients":[" Mantequilla, sal (3% máximo)."],"ean":"3228023950318"},{"full_name":"PRESIDENT mantequilla fácil de untar con sal envase 250 g","name":"mantequilla fácil de untar con sal envase 250 g","brand":"PRESIDENT ","img":"https://sgfm.elcorteingles.es/SGFM/dctm/MEDIA03/201712/18/00118815101011____1__600x600.jpg","price":"2,65 €","price_unit":"(10,60 € / Kilo)","categories":["Supermercado","Lácteos","Mantequilla y margarina","Mantequilla con sal","PRESIDENT mantequilla fácil de untar con sal envase 250 g"],"general_information":["Denominación del alimento: Mantequilla fácil de untar salada - 80%M.G.","Nombre del operador: Lactalis Forlasa S.L.U.","Dirección del operador: LB&C-Les PLACIS 35230 Bourgbarré France","Cantidad Neta: 250 g"],"ingredients":[" Mantequilla, sal (3% máximo)"],"ean":"3228021920191"},{"full_name":"PRESIDENT mantequilla con granos de sal marina envase 250 g","name":"mantequilla con granos de sal marina envase 250 g","brand":"PRESIDENT ","img":"https://sgfm.elcorteingles.es/SGFM//01/33/4/0118815101334/0118815101334000g01011.jpg","price":"2,99 €","price_unit":"(11,96 € / Kilo)","categories":["Supermercado","Lácteos","Mantequilla y margarina","Mantequilla con sal","PRESIDENT mantequilla con granos de sal marina envase 250 g"],"general_information":["Denominación del alimento: Mantequilla con Granos de Sal de Mar Pasteurizada 80%MG","Nombre del operador: Lactalis Forlasa S.L.U.","Dirección del operador: LB&C-Les PLACIS 35230 Bourgbarré France","Cantidad Neta: 250 g"],"ingredients":[" Mantequilla, granos de sal de mar (3% max)"],"ean":"3228021000084"},{"full_name":"PULEVA mantequilla con sal paquete 250 g","name":"mantequilla con sal paquete 250 g","brand":"PULEVA ","img":"https://sgfm.elcorteingles.es/SGFM/00/10/4/0118815100104/0118815100104000g01011.jpg","price":"2,00 €","price_unit":"(8 € / Kilo)","categories":["Supermercado","Lácteos","Mantequilla y margarina","Mantequilla con sal","PULEVA mantequilla con sal paquete 250 g"],"general_information":["Denominación del alimento: Mantequilla con sal 80% M.G.","Nombre del operador: Lactalis Puleva, S.L.","Dirección del operador: Camino de Purchil, 66 - 18004 Granada","Cantidad Neta: 250 g","Número de raciones por envase: 1"],"ingredients":[" Mantequilla (Leche), sal (3%max)."],"conservation":" Consumir preferentemente antes del: ver lateral.","ean":"0000084117779"},{"full_name":"IMPERIAL mantequilla con sal lata 250 g","name":"mantequilla con sal lata 250 g","brand":"IMPERIAL ","img":"https://sgfm.elcorteingles.es/SGFM/dctm/MEDIA02/CONTENIDOS/201509/10/00118815100153____2__600x600.jpg","price":"4,12 €","price_unit":"(16,48 € / Kilo)","categories":["Supermercado","Lácteos","Mantequilla y margarina","Mantequilla con sal","IMPERIAL mantequilla con sal lata 250 g"],"general_information":["Denominación del alimento: Mantequilla","Nombre del operador: Mantequera de Tineo, S.A.","Dirección del operador: Fernández Capalleja, 5, 33870 Tineo (Asturias)","Cantidad Neta: 250 g"],"ingredients":[" Mantequilla con sal."],"conservation":" Consérvese en frío (Entre 1°C y 6°C).","ean":"8412120001546"},{"full_name":"PRIMOR mantequilla con sal tarrina 250 g","name":"mantequilla con sal tarrina 250 g","brand":"PRIMOR ","img":"https://sgfm.elcorteingles.es/SGFM/dctm/MEDIA03/201708/24/00118815101243____1__600x600.jpg","price":"1,99 €","price_unit":"(7,96 € / Kilo)","categories":["Supermercado","Lácteos","Mantequilla y margarina","Mantequilla con sal","PRIMOR mantequilla con sal tarrina 250 g"],"general_information":[],"ingredients":[],"ean":"5603722493942"},{"full_name":"FRICO mantequilla holandesa con sal lata 500 g","name":"mantequilla holandesa con sal lata 500 g","brand":"FRICO ","img":"https://sgfm.elcorteingles.es/SGFM/01/15/1/0118815101151/0118815101151000g01011.jpg","price":"6,99 €","price_unit":"(13,98 € / Kilo)","categories":["Supermercado","Lácteos","Mantequilla y margarina","Mantequilla con sal","FRICO mantequilla holandesa con sal lata 500 g"],"general_information":["Denominación del alimento: Mantequilla con sal","País de origen: Países Bajos","Nombre del operador: Primar Iberica. S.A.","Dirección del operador: c/ Angel Guimera 5-7 08930 Sant Adrià Besós","Cantidad Neta: 500 g"],"ingredients":[" Mantequilla 81% Materia Grasa, sal (1%)"],"ean":"8715300239556"},{"full_name":"OLDENBURGUER mantequilla alemana con sal envase 250 g","name":"mantequilla alemana con sal envase 250 g","brand":"OLDENBURGUER ","img":"https://sgfm.elcorteingles.es/SGFM/dctm/MEDIA02/CONTENIDOS/201504/24/00118815101136____1__600x600.jpg","price":"1,66 €","price_unit":"(6,64 € / Kilo)","categories":["Supermercado","Lácteos","Mantequilla y margarina","Mantequilla con sal","OLDENBURGUER mantequilla alemana con sal envase 250 g"],"general_information":["Denominación del alimento: MANTEQUILLA CON SAL","Nombre del operador: TEODORO GARCIA S.A.","Dirección del operador: Pol.Ind. Centro C/Ferrocarril, 2  VILADECANS 08840 ESPAÑA","Cantidad Neta: 0.25 Kilogramos"],"ingredients":[" MANTEQUILLA, SAL"],"ean":"4036300010315"},{"full_name":"LURPAK mantequilla tradicional ligeramente salada tarrina 250 g","name":"mantequilla tradicional ligeramente salada tarrina 250 g","brand":"LURPAK ","img":"https://sgfm.elcorteingles.es/SGFM/dctm/MEDIA03/201706/09/00118815101284____3__600x600.jpg","price":"3,45 €","price_unit":"(13,80 € / Kilo)","categories":["Supermercado","Lácteos","Mantequilla y margarina","Mantequilla con sal","LURPAK mantequilla tradicional ligeramente salada tarrina 250 g"],"general_information":["Denominación del alimento: Lurpak fácil de untar con sal","País de origen: Dinamarca","Nombre del operador: Arla Foods","Dirección del operador: C/José Echegaray, 8, Edificio III, Bajo, oficina 2, 28232, Las Rozas, Madrid, España.","Cantidad Neta: 250 g"],"ingredients":[" Mantequilla, aceite de colza, agua, cultivos de ácido láctico, sal."],"conservation":" Conservar en frío: 2-8ºC","ean":"5740900805309"},{"full_name":"ELPOZO manteca de cerdo ibérico sin gluten tarrina 400 g","name":"manteca de cerdo ibérico sin gluten tarrina 400 g","brand":"ELPOZO ","img":"https://sgfm.elcorteingles.es/SGFM/dctm/MEDIA03/201702/03/00202484101015____1__600x600.jpg","price":"1,80 €","price_unit":"(4,50 € / Kilo)","categories":["Supermercado","Lácteos","Mantequilla y margarina","Manteca de cerdo","ELPOZO manteca de cerdo ibérico sin gluten tarrina 400 g"],"general_information":["Denominación del alimento: MANTECA DE CERDO IBÉRICO","Nombre del operador: ELPOZO ALIMENTACION SA","Dirección del operador: Avda. Antonio Fuertes, 1 30840 Alhama De Murcia (Murcia)","Cantidad Neta: 0.4 Kilogramos"],"ingredients":[" Manteca de cerdo ibérico, antioxidantes (E-321 y E-320)"],"conservation":" Conservar refrigerado entre 0° y 5°C","ean":"8410843090212"}]