[{"full_name":"EL CORTE INGLES miel de flores española tarro 500 g","name":"miel de flores española tarro 500 g","brand":"EL CORTE INGLES ","img":"https://sgfm.elcorteingles.es/SGFM/dctm/MEDIA03/201711/23/00120640202568____1__600x600.jpg","price":"3,99 €","price_unit":"(7,98 € / Kilo)","categories":["Supermercado","Desayunos Dulces y pan","Desayunos, dulces y pan","Mermelada, confituras y miel","Miel","EL CORTE INGLES miel de flores española tarro 500 g"],"general_information":["Denominación del alimento: Miel de flores","Nombre del operador: Elaborado para \nEl Corte Inglés por Primo Mendoza, S.L\nC/ Mestral, 18.  Poligono Industrial Ciutat de Carlet.\n46240 Carlet -  Valencia (España)","Lugar de procedencia del alimento: Producto de España","Cantidad Neta: 500 g"],"ingredients":[],"conservation":" Conservar en lugar fresco y seco, preservado de la luz directa del sol.","ean":"8433329083751"},{"full_name":"EL CORTE INGLES miel de mil flores antigoteo bote 500 g","name":"miel de mil flores antigoteo bote 500 g","brand":"EL CORTE INGLES ","img":"https://sgfm.elcorteingles.es/SGFM/dctm/MEDIA03/201609/08/00120640202246____1__600x600.jpg","price":"3,66 €","price_unit":"(7,32 € / Kilo)","categories":["Supermercado","Desayunos Dulces y pan","Desayunos, dulces y pan","Mermelada, confituras y miel","Miel","EL CORTE INGLES miel de mil flores antigoteo bote 500 g"],"general_information":["Denominación del alimento: Miel Mil Flores","Nombre del operador: Elaborado para \nEl Corte Inglés por Reina Apícola Levantina S.L\nPolígono Industrial Nº1. C/. Ferrers, 13\n46600 Alzira. Valencia (España)","Lugar de procedencia del alimento: Origen España","Cantidad Neta: 500 g"],"ingredients":[],"conservation":" Conservar en lugar fresco y seco, alejado de la exposición directa del sol.","ean":"8433329075022"},{"full_name":"EL CORTE INGLES miel de azahar antigoteo bote 350 g","name":"miel de azahar antigoteo bote 350 g","brand":"EL CORTE INGLES ","img":"https://sgfm.elcorteingles.es/SGFM/dctm/MEDIA03/201608/26/00120640201545____2__600x600.jpg","price":"2,85 €","price_unit":"(8,14 € / Kilo)","categories":["Supermercado","Desayunos Dulces y pan","Desayunos, dulces y pan","Mermelada, confituras y miel","Miel","EL CORTE INGLES miel de azahar antigoteo bote 350 g"],"general_information":["Denominación del alimento: MIel de AZAHAR","Nombre del operador: Elaborado para \nEl Corte Inglés por Reina Apícola Levantina S.L\nPolígono Industrial Nº1. C/. Ferrers, 13\n46600 Alzira. Valencia (España)","Lugar de procedencia del alimento: Origen España","Cantidad Neta: 350 g"],"ingredients":[],"conservation":" Conservar en lugar fresco y seco, alejado de la exposición directa del sol.","ean":"8433329044288"},{"full_name":"EL CORTE INGLES miel de eucalipto antigoteo bote 350 g","name":"miel de eucalipto antigoteo bote 350 g","brand":"EL CORTE INGLES ","img":"https://sgfm.elcorteingles.es/SGFM/dctm/MEDIA03/201608/26/00120640201552____2__600x600.jpg","price":"3,13 €","price_unit":"(8,94 € / Kilo)","categories":["Supermercado","Desayunos Dulces y pan","Desayunos, dulces y pan","Mermelada, confituras y miel","Miel","EL CORTE INGLES miel de eucalipto antigoteo bote 350 g"],"general_information":["Denominación del alimento: MIel de EUCALIPTO","Nombre del operador: Elaborado para \nEl Corte Inglés por Reina Apícola Levantina S.L\nPolígono Industrial Nº1. C/. Ferrers, 13\n46600 Alzira. Valencia (España)","Lugar de procedencia del alimento: Origen España","Cantidad Neta: 350 g"],"ingredients":[],"conservation":" Conservar en lugar fresco y seco, alejado de la exposición directa del sol.","ean":"8433329044264"},{"full_name":"EL CORTE INGLES miel de flores española con propóleo tarro 250 g","name":"miel de flores española con propóleo tarro 250 g","brand":"EL CORTE INGLES ","img":"https://sgfm.elcorteingles.es/SGFM/dctm/MEDIA03/201711/23/00120640202584____1__600x600.jpg","price":"3,99 €","price_unit":"(15,96 € / Kilo)","categories":["Supermercado","Desayunos Dulces y pan","Desayunos, dulces y pan","Mermelada, confituras y miel","Miel","EL CORTE INGLES miel de flores española con propóleo tarro 250 g"],"general_information":["Denominación del alimento: Miel de flores con propóleo","Nombre del operador: Elaborado para \nEl Corte Inglés por Primo Mendoza, S.L\nC/ Mestral, 18.  Poligono Industrial Ciutat de Carlet.\n46240 Carlet -  Valencia (España)","Lugar de procedencia del alimento: Producto de España","Cantidad Neta: 250 g"],"ingredients":[" Ingredientes: Miel de flores (97%) y propóleo (3%)."],"conservation":" Conservar en lugar fresco y seco, preservado de la luz directa del sol.","ean":"8433329083720"},{"full_name":"EL CORTE INGLES miel de flores española con panal tarro 250 g","name":"miel de flores española con panal tarro 250 g","brand":"EL CORTE INGLES ","img":"https://sgfm.elcorteingles.es/SGFM/dctm/MEDIA03/201711/23/00120640202592____1__600x600.jpg","price":"3,55 €","price_unit":"(14,20 € / Kilo)","categories":["Supermercado","Desayunos Dulces y pan","Desayunos, dulces y pan","Mermelada, confituras y miel","Miel","EL CORTE INGLES miel de flores española con panal tarro 250 g"],"general_information":["Denominación del alimento: Miel de flores con panal","Nombre del operador: Elaborado para \nEl Corte Inglés por Primo Mendoza, S.L\nC/ Mestral, 18.  Poligono Industrial Ciutat de Carlet.\n46240 Carlet -  Valencia (España)","Lugar de procedencia del alimento: Producto de España","Cantidad Neta: 250 g"],"ingredients":[" Ingredientes: Miel de flores (68%) y miel en panal (32%)."],"conservation":" Conservar en lugar fresco y seco, preservado de la luz directa del sol.","ean":"8433329083737"},{"full_name":"EL CORTE INGLES miel de flores española con jalea real tarro 250 g","name":"miel de flores española con jalea real tarro 250 g","brand":"EL CORTE INGLES ","img":"https://sgfm.elcorteingles.es/SGFM/dctm/MEDIA03/201711/23/00120640202576____1__600x600.jpg","price":"3,55 €","price_unit":"(14,20 € / Kilo)","categories":["Supermercado","Desayunos Dulces y pan","Desayunos, dulces y pan","Mermelada, confituras y miel","Miel","EL CORTE INGLES miel de flores española con jalea real tarro 250 g"],"general_information":["Denominación del alimento: Miel de flores con jalea real","Nombre del operador: Elaborado para \nEl Corte Inglés por Primo Mendoza, S.L\nC/ Mestral, 18.  Poligono Industrial Ciutat de Carlet.\n46240 Carlet -  Valencia (España)","Lugar de procedencia del alimento: Producto de España","Cantidad Neta: 250 g"],"ingredients":[" Ingredientes: Miel de flores (96%) y jalea real (4%)."],"conservation":" Conservar en lugar fresco y seco, preservado de la luz directa del sol.","ean":"8433329083713"},{"full_name":"ALIADA miel de flores en tarro de cristal frasco 1 kg","name":"miel de flores en tarro de cristal frasco 1 kg","brand":"ALIADA ","img":"https://sgfm.elcorteingles.es/SGFM/dctm/MEDIA02/CONTENIDOS/201505/20/00120640202089____1__600x600.jpg","price":"4,10 €","price_unit":"(4,10 € / Kilo)","categories":["Supermercado","Desayunos Dulces y pan","Desayunos, dulces y pan","Mermelada, confituras y miel","Miel","ALIADA miel de flores en tarro de cristal frasco 1 kg"],"general_information":["Denominación del alimento: Miel Mil Flores","Nombre del operador: Elaborado para el Grupo El Corte Inglés \nHermosilla,112. 28009 - Madrid - España \npor NIF: B-97158778","Cantidad Neta: 1 Kilogramos"],"ingredients":[" Ingredientes:  Miel de Flores. Mezcla de mieles procedentes de la UE y de mieles no procedentes de la EU"],"conservation":" Conservar en lugar fresco y seco, alejado de la exposición directa del sol.","ean":"8433329056663"},{"full_name":"ALIADA miel de flores antigoteo bote 500 g","name":"miel de flores antigoteo bote 500 g","brand":"ALIADA ","img":"https://sgfm.elcorteingles.es/SGFM/dctm/MEDIA02/CONTENIDOS/201505/20/00120640201511____1__600x600.jpg","price":"3,30 €","price_unit":"(6,60 € / Kilo)","categories":["Supermercado","Desayunos Dulces y pan","Desayunos, dulces y pan","Mermelada, confituras y miel","Miel","ALIADA miel de flores antigoteo bote 500 g"],"general_information":["Denominación del alimento: Miel Mil Flores","Nombre del operador: Elaborado para el Grupo El Corte Inglés \nHermosilla,112. 28009 - Madrid - España \npor NIF:  B-97158778","Cantidad Neta: 500 g"],"ingredients":[" Ingredientes:  Miel de Flores. Mezcla de mieles procedentes de la UE y de mieles no procedentes de la EU"],"conservation":" Conservar en lugar fresco y seco, alejado de la exposición directa del sol.","ean":"8433329044325"},{"full_name":"GRANJA SAN FRANCISCO miel de milflores frasco 1 kg","name":"miel de milflores frasco 1 kg","brand":"GRANJA SAN FRANCISCO ","img":"https://sgfm.elcorteingles.es/SGFM/dctm/MEDIA03/201610/28/00120640200430____1__600x600.jpg","price":"6,60 €","price_unit":"(6,60 € / Kilo)","categories":["Supermercado","Desayunos Dulces y pan","Desayunos, dulces y pan","Mermelada, confituras y miel","Miel","GRANJA SAN FRANCISCO miel de milflores frasco 1 kg"],"general_information":["Denominación del alimento: Miel de flores","País de origen: España","Nombre del operador: Granja San Francisco, S.L.U.","Dirección del operador: C. Llevant, núm. 1, Pol. Ind. Can Pruna 17421-Riudarenes","Cantidad Neta: 1000 g"],"ingredients":[],"conservation":" Se recomienda mantener a temperatura moderada, en lugar seco.","ean":"8434164441799"},{"full_name":"GRANJA SAN FRANCISCO miel de milflores antigoteo bote 425 g","name":"miel de milflores antigoteo bote 425 g","brand":"GRANJA SAN FRANCISCO ","img":"https://sgfm.elcorteingles.es/SGFM/dctm/MEDIA03/201709/26/00120640201503____6__600x600.jpg","price":"4,50 €","price_unit":"(10,59 € / Kilo)","categories":["Supermercado","Desayunos Dulces y pan","Desayunos, dulces y pan","Mermelada, confituras y miel","Miel","GRANJA SAN FRANCISCO miel de milflores antigoteo bote 425 g"],"general_information":[],"ingredients":[],"ean":"8434164441836"},{"full_name":"GRANJA SAN FRANCISCO miel de flores suave con antigoteo bote 350 g","name":"miel de flores suave con antigoteo bote 350 g","brand":"GRANJA SAN FRANCISCO ","img":"https://sgfm.elcorteingles.es/SGFM/dctm/MEDIA03/201609/21/00200240202465____1__600x600.jpg","price":"4,23 €","price_unit":"(12,09 € / Kilo)","categories":["Supermercado","Desayunos Dulces y pan","Desayunos, dulces y pan","Mermelada, confituras y miel","Miel","GRANJA SAN FRANCISCO miel de flores suave con antigoteo bote 350 g"],"general_information":["Denominación del alimento: MIEL DE FLORES.MEL DE FLORES.","País de origen: España","Nombre del operador: Granja San Francisco, S.L.U.","Dirección del operador: C. Llevant, núm. 1, Pol. Ind. Can Pruna 17421-Riudarenes","Cantidad Neta: 350 g"],"ingredients":[],"conservation":" Mantener a temperatura moderada, en lugar seco. No calentar.Manter à temperatura ambiente e em lugar seco. Não aquecer.","ean":"8434164460714"},{"full_name":"LUNA DE MIEL jalea real pura ecológica bote 18 g","name":"jalea real pura ecológica bote 18 g","brand":"LUNA DE MIEL ","img":"https://sgfm.elcorteingles.es/SGFM/dctm/MEDIA03/201703/29/00120640202105____1__600x600.jpg","price":"13,80 €","price_unit":"(766,67 € / Kilo)","categories":["Supermercado","Dietéticos","Complementos nutricionales","Jaleas y polen","LUNA DE MIEL jalea real pura ecológica bote 18 g"],"general_information":["Denominación del alimento: Jalea Real Pura","Nombre del operador: Tierra y oro, S.A.","Dirección del operador: C/Puerto de los leones, . 1 Majadahonda - 28220 - Madrid","Cantidad Neta: 18 g"],"ingredients":[" 100% jalea real"],"conservation":" Después de abrir, conservar cerrado en la nevera.","ean":"8428919183256"},{"full_name":"HERO miel de flores 8 unidades estuche 200 g","name":"miel de flores 8 unidades estuche 200 g","brand":"HERO ","img":"https://sgfm.elcorteingles.es/SGFM/dctm/MEDIA03/201607/08/00120640200018____1__600x600.jpg","price":"2,96 €","price_unit":"(14,80 € / Kilo)","categories":["Supermercado","Desayunos Dulces y pan","Desayunos, dulces y pan","Mermelada, confituras y miel","Miel","HERO miel de flores 8 unidades estuche 200 g"],"general_information":["Denominación del alimento: Miel","País de origen: España","Nombre del operador: Hero España, S.A.","Dirección del operador: Avda. Murcia, 1 30820 Alcantarilla, Murcia","Cantidad Neta: 25 g"],"ingredients":[" Miel"],"conservation":" Conservar en lugar fresco y seco.","ean":"8410175019011"},{"full_name":"LUNA DE MIEL miel de flores 100% puro y natural envase 1 kg","name":"miel de flores 100% puro y natural envase 1 kg","brand":"LUNA DE MIEL ","img":"https://sgfm.elcorteingles.es/SGFM/dctm/MEDIA03/201710/09/00120640201784____1__600x600.jpg","price":"6,45 €","price_unit":"(0,01 € / Kilo)","categories":["Supermercado","Desayunos Dulces y pan","Desayunos, dulces y pan","Mermelada, confituras y miel","Miel","LUNA DE MIEL miel de flores 100% puro y natural envase 1 kg"],"general_information":["Denominación del alimento: Miel","Nombre del operador: Tierra y Oro, S.A.","Dirección del operador: C/Puerto de los leones, . 1 Majadahonda - 28220 - Madrid","Cantidad Neta: 1,0 Kilogramos"],"ingredients":[],"ean":"8428919104107"},{"full_name":"LUNA DE MIEL miel de flores sabor natural antigoteo envase 500 g","name":"miel de flores sabor natural antigoteo envase 500 g","brand":"LUNA DE MIEL ","img":"https://sgfm.elcorteingles.es/SGFM/dctm/MEDIA03/201711/03/00120640200794____10__600x600.jpg","price":"3,77 €","price_unit":"(7,54 € / Kilo)","categories":["Supermercado","Desayunos Dulces y pan","Desayunos, dulces y pan","Mermelada, confituras y miel","Miel","LUNA DE MIEL miel de flores sabor natural antigoteo envase 500 g"],"general_information":[],"ingredients":[],"ean":"8428919504440"},{"full_name":"LUNA DE MIEL miel milflores envase económico envase 450 g","name":"miel milflores envase económico envase 450 g","brand":"LUNA DE MIEL ","img":"https://sgfm.elcorteingles.es/SGFM/01/68/5/0120640201685/0120640201685000g01011.jpg","price":"3,80 €","price_unit":"(8,44 € / Kilo)","categories":["Supermercado","Desayunos Dulces y pan","Desayunos, dulces y pan","Mermelada, confituras y miel","Miel","LUNA DE MIEL miel milflores envase económico envase 450 g"],"general_information":["Denominación del alimento: Miel","Nombre del operador: Tierra y Oro, S.A.","Dirección del operador: C/Puerto de los leones, . 1 Majadahonda - 28220 - Madrid","Cantidad Neta: 450,0 g"],"ingredients":[],"ean":"8428919104053"},{"full_name":"LUNA DE MIEL miel de flores 100% natural dosificador 250 g","name":"miel de flores 100% natural dosificador 250 g","brand":"LUNA DE MIEL ","img":"https://sgfm.elcorteingles.es/SGFM/01/79/2/0120640201792/0120640201792000g01011.jpg","price":"3,47 €","price_unit":"(13,88 € / Kilo)","categories":["Supermercado","Desayunos Dulces y pan","Desayunos, dulces y pan","Mermelada, confituras y miel","Miel","LUNA DE MIEL miel de flores 100% natural dosificador 250 g"],"general_information":["Denominación del alimento: Miel de flores","Nombre del operador: Tierra y Oro, S.A.","Dirección del operador: C/Puerto de los leones, . 1 Majadahonda - 28220 - Madrid","Cantidad Neta: 250,0 g"],"ingredients":[],"conservation":" Se recomienda mantener a temperatura moderada, en un lugar fresco y seco.","ean":"8428919004445"},{"full_name":"LUNA DE MIEL miel con ginseng 0% goteo tarro 250 g","name":"miel con ginseng 0% goteo tarro 250 g","brand":"LUNA DE MIEL ","img":"https://sgfm.elcorteingles.es/SGFM/00/90/1/0120640200901/0120640200901000g01011.jpg","price":"4,39 €","price_unit":"(17,56 € / Kilo)","categories":["Supermercado","Desayunos Dulces y pan","Desayunos, dulces y pan","Mermelada, confituras y miel","Miel","LUNA DE MIEL miel con ginseng 0% goteo tarro 250 g"],"general_information":["Denominación del alimento: Miel con Ginseng","Nombre del operador: Tierra y Oro, S.A.","Dirección del operador: C/Puerto de los leones, . 1 Majadahonda - 28220 - Madrid","Cantidad Neta: 250 g"],"ingredients":[" Miel 99%, extracto concentrado de ginseng 1%."],"conservation":" Se recomienda mantener a temperatura moderada, en un lugar seco.","ean":"8428919203343"},{"full_name":"LUNA DE MIEL miel con própolis aliado natural tarro 250 g","name":"miel con própolis aliado natural tarro 250 g","brand":"LUNA DE MIEL ","img":"https://sgfm.elcorteingles.es/SGFM/00/81/0/0120640200810/0120640200810000g01011.jpg","price":"4,64 €","price_unit":"(18,56 € / Kilo)","categories":["Supermercado","Desayunos Dulces y pan","Desayunos, dulces y pan","Mermelada, confituras y miel","Miel","LUNA DE MIEL miel con própolis aliado natural tarro 250 g"],"general_information":["Denominación del alimento: Miel","Nombre del operador: Tierra y oro, S.A.","Dirección del operador: C/Puerto de los leones, . 1 Majadahonda - 28220 - Madrid","Cantidad Neta: 250,0 g"],"ingredients":[" Miel (99.5%), extracto de própolis verde (0.5%)."],"ean":"8428919204296"},{"full_name":"LUNA DE MIEL miel con jalea real vitalidad natural tarro 250 g","name":"miel con jalea real vitalidad natural tarro 250 g","brand":"LUNA DE MIEL ","img":"https://sgfm.elcorteingles.es/SGFM/00/80/2/0120640200802/0120640200802000g01011.jpg","price":"4,69 €","price_unit":"(18,76 € / Kilo)","categories":["Supermercado","Desayunos Dulces y pan","Desayunos, dulces y pan","Mermelada, confituras y miel","Miel","LUNA DE MIEL miel con jalea real vitalidad natural tarro 250 g"],"general_information":["Denominación del alimento: Miel","Nombre del operador: Tierra y oro, S.A.","Dirección del operador: C/Puerto de los leones, . 1 Majadahonda - 28220 - Madrid","Cantidad Neta: 250,0 g"],"ingredients":[" Miel (96%), Jalea Real (4% equivale a 10g)"],"ean":"8428919204265"},{"full_name":"LUNA DE MIEL miel con aloe vera bote 250 g","name":"miel con aloe vera bote 250 g","brand":"LUNA DE MIEL ","img":"https://sgfm.elcorteingles.es/SGFM/dctm/MEDIA02/CONTENIDOS/201507/23/00120640202097____1__600x600.jpg","price":"5,20 €","price_unit":"(20,80 € / Kilo)","categories":["Supermercado","Desayunos Dulces y pan","Desayunos, dulces y pan","Mermelada, confituras y miel","Miel","LUNA DE MIEL miel con aloe vera bote 250 g"],"general_information":["Denominación del alimento: Miel","Nombre del operador: Tierra y oro, S.A.","Dirección del operador: C/Puerto de los leones, . 1 Majadahonda - 28220 - Madrid","Cantidad Neta: 250 g"],"ingredients":[" Miel (99%), jugo de Aloe Vera (1%)"],"ean":"8428919203145"},{"full_name":"LA OBRERA miel de flores cosechada en España tarro 950 g","name":"miel de flores cosechada en España tarro 950 g","brand":"LA OBRERA ","img":"https://sgfm.elcorteingles.es/SGFM/dctm/MEDIA02/CONTENIDOS/201511/05/00120640202121____1__600x600.jpg","price":"8,25 €","price_unit":"(8,68 € / Kilo)","categories":["Supermercado","Desayunos Dulces y pan","Desayunos, dulces y pan","Mermelada, confituras y miel","Miel","LA OBRERA miel de flores cosechada en España tarro 950 g"],"general_information":[],"ingredients":[],"ean":"8411882003799"},{"full_name":"LA OBRERA miel de romero cosechada en España tarro 950 g","name":"miel de romero cosechada en España tarro 950 g","brand":"LA OBRERA ","img":"https://sgfm.elcorteingles.es/SGFM/dctm/MEDIA02/CONTENIDOS/201511/05/00120640202113____1__600x600.jpg","price":"10,15 €","price_unit":"(10,68 € / Kilo)","categories":["Supermercado","Desayunos Dulces y pan","Desayunos, dulces y pan","Mermelada, confituras y miel","Miel","LA OBRERA miel de romero cosechada en España tarro 950 g"],"general_information":[],"ingredients":[],"ean":"8411882000064"},{"full_name":"LA OBRERA miel de azahar cosechada en España tarro 500 g","name":"miel de azahar cosechada en España tarro 500 g","brand":"LA OBRERA ","img":"https://sgfm.elcorteingles.es/SGFM/dctm/MEDIA02/CONTENIDOS/201504/15/00120640202048____1__600x600.jpg","price":"4,65 €","price_unit":"(9,30 € / Kilo)","categories":["Supermercado","Desayunos Dulces y pan","Desayunos, dulces y pan","Mermelada, confituras y miel","Miel","LA OBRERA miel de azahar cosechada en España tarro 500 g"],"general_information":[],"ingredients":[],"ean":"8411882000125"},{"full_name":"LA OBRERA miel de romero cosechada en España tarro 500 g","name":"miel de romero cosechada en España tarro 500 g","brand":"LA OBRERA ","img":"https://sgfm.elcorteingles.es/SGFM/dctm/MEDIA02/CONTENIDOS/201504/15/00120640202055____1__600x600.jpg","price":"4,65 €","price_unit":"(9,30 € / Kilo)","categories":["Supermercado","Desayunos Dulces y pan","Desayunos, dulces y pan","Mermelada, confituras y miel","Miel","LA OBRERA miel de romero cosechada en España tarro 500 g"],"general_information":[],"ingredients":[],"ean":"8411882000071"},{"full_name":"LA OBRERA miel de azahar con panal 100% España tarro 450 g","name":"miel de azahar con panal 100% España tarro 450 g","brand":"LA OBRERA ","img":"https://sgfm.elcorteingles.es/SGFM/dctm/MEDIA03/201604/01/00120640202154____1__600x600.jpg","price":"6,55 €","price_unit":"(14,56 € / Kilo)","categories":["Supermercado","Desayunos Dulces y pan","Desayunos, dulces y pan","Mermelada, confituras y miel","Miel","LA OBRERA miel de azahar con panal 100% España tarro 450 g"],"general_information":[],"ingredients":[],"ean":"8411882010087"},{"full_name":"LA OBRERA miel de Manuka 100% de Nueva Zelanda MGO 100+ tarro 300 g","name":"miel de Manuka 100% de Nueva Zelanda MGO 100+ tarro 300 g","brand":"LA OBRERA ","img":"https://sgfm.elcorteingles.es/SGFM/dctm/MEDIA03/201702/13/00200240202325____2__600x600.jpg","price":"29,85 €","price_unit":"(99,50 € / Kilo)","categories":["Supermercado","Desayunos Dulces y pan","Desayunos, dulces y pan","Mermelada, confituras y miel","Miel","LA OBRERA miel de Manuka 100% de Nueva Zelanda MGO 100+ tarro 300 g"],"general_information":[],"ingredients":[],"ean":"8411882010070"},{"full_name":"EL COLMENAR DE VALDEROMERO miel de la Alcarria multifloral tarro 500 g","name":"miel de la Alcarria multifloral tarro 500 g","brand":"EL COLMENAR DE VALDEROMERO ","img":"https://sgfm.elcorteingles.es/SGFM/00/04/2/0120640200042/0120640200042000g01011.jpg","price":"4,15 €","price_unit":"(8,30 € / Kilo)","categories":["Supermercado","Desayunos Dulces y pan","Desayunos, dulces y pan","Mermelada, confituras y miel","Miel","EL COLMENAR DE VALDEROMERO miel de la Alcarria multifloral tarro 500 g"],"general_information":["Denominación del alimento: Miel D.O. de la Alcarria Multifloral","País de origen: España","Nombre del operador: Jesús Donoso García","Dirección del operador: Ctra. de Soria, s/n - 19250 Sigüenza (Guadalajara)","Lugar de procedencia del alimento: D.O. de la Alcarria (Guadalajara)","Cantidad Neta: 500 g"],"ingredients":[" Miel Multifloral"],"conservation":" Conservar en lugar fresco y seco.","ean":"8425555230016"},{"full_name":"EL COLMENAR DE VALDEROMERO miel de la Alcarria de romero tarro 500 g","name":"miel de la Alcarria de romero tarro 500 g","brand":"EL COLMENAR DE VALDEROMERO ","img":"https://sgfm.elcorteingles.es/SGFM/00/09/1/0120640200091/0120640200091000g01011.jpg","price":"5,99 €","price_unit":"(11,98 € / Kilo)","categories":["Supermercado","Desayunos Dulces y pan","Desayunos, dulces y pan","Mermelada, confituras y miel","Miel","EL COLMENAR DE VALDEROMERO miel de la Alcarria de romero tarro 500 g"],"general_information":["Denominación del alimento: Miel D.O. de la Alcarria Romero","País de origen: España","Nombre del operador: Jesús Donoso García","Dirección del operador: Ctra. de Soria, s/n - 19250 Sigüenza (Guadalajara)","Lugar de procedencia del alimento: D.O. de la Alcarria (Guadalajara)","Cantidad Neta: 500 g"],"ingredients":[" Miel Romero"],"conservation":" Conservar en lugar fresco y seco.","ean":"8425555230276"},{"full_name":"COMVITA miel de Manuka de Nueva Zelanda UMF 15+ única por su sabor y propiedades saludables tarro 250 g","name":"miel de Manuka de Nueva Zelanda UMF 15+ única por su sabor y propiedades saludables tarro 250 g","brand":"COMVITA ","img":"https://sgfm.elcorteingles.es/SGFM/dctm/MEDIA03/201711/17/00120733000218____1__600x600.jpg","price":"72,95 €","price_unit":"(291,80 € / Kilo)","categories":["Supermercado","Dietéticos","Complementos nutricionales","Defensas","COMVITA miel de Manuka de Nueva Zelanda UMF 15+ única por su sabor y propiedades saludables tarro 250 g"],"general_information":["Denominación del alimento: Miel de manuka","Nombre del operador: COMVITA","Dirección del operador: BOX 220, 5 HIGH STREET SL6 1JN (REINO UNIDO)","Cantidad Neta: 250 g"],"ingredients":[" miel de manuka UMF 15+."],"conservation":" Almacenar a temperatura inferior a 25°C","ean":"9400501005558"},{"full_name":"DORAY miel de flores frasco 1 kg","name":"miel de flores frasco 1 kg","brand":"DORAY ","img":"https://sgfm.elcorteingles.es/SGFM/00/14/1/0120640200141/0120640200141000g01011.jpg","price":"6,75 €","categories":["Supermercado","Desayunos Dulces y pan","Desayunos, dulces y pan","Mermelada, confituras y miel","Miel","DORAY miel de flores frasco 1 kg"],"general_information":[],"ingredients":[],"ean":"8413279813059"},{"full_name":"DORAY miel de flores selección oro tarro 500 g","name":"miel de flores selección oro tarro 500 g","brand":"DORAY ","img":"https://sgfm.elcorteingles.es/SGFM/00/16/6/0120640200166/0120640200166000g01011.jpg","price":"3,65 €","price_unit":"(7,30 € / Kilo)","categories":["Supermercado","Desayunos Dulces y pan","Desayunos, dulces y pan","Mermelada, confituras y miel","Miel","DORAY miel de flores selección oro tarro 500 g"],"general_information":[],"ingredients":[],"ean":"8413279770031"},{"full_name":"ALEMANY miel de mil flores frasco 500 g","name":"miel de mil flores frasco 500 g","brand":"ALEMANY ","img":"https://sgfm.elcorteingles.es/SGFM/00/48/9/0120640200489/0120640200489000g01011.jpg","price":"4,35 €","price_unit":"(8,70 € / Kilo)","categories":["Supermercado","Desayunos Dulces y pan","Desayunos, dulces y pan","Mermelada, confituras y miel","Miel","ALEMANY miel de mil flores frasco 500 g"],"general_information":["Denominación del alimento: Mel de flors","Nombre del operador: Torrons i Mel Alemany, S.L.","Dirección del operador: C/Barcelona, 4. 25610, Os de Balaguer","Cantidad Neta: 500 g"],"ingredients":[" Mel Mil Flors. Pot contenir traces de fruits secs."],"conservation":" Conservar en un lloc fresc i sec. La mel pot arribar a cristal·litzar-se es torna líquida escalfant-la suaument (al bany Maria)","ean":"8412614101042"},{"full_name":"ALEMANY miel de romero frasco 500 g","name":"miel de romero frasco 500 g","brand":"ALEMANY ","img":"https://sgfm.elcorteingles.es/SGFM/00/49/7/0120640200497/0120640200497000g01011.jpg","price":"6,05 €","price_unit":"(12,10 € / Kilo)","categories":["Supermercado","Desayunos Dulces y pan","Desayunos, dulces y pan","Mermelada, confituras y miel","Miel","ALEMANY miel de romero frasco 500 g"],"general_information":["Denominación del alimento: Mel de romaní","Nombre del operador: Torrons i Mel Alemany, S.L.","Dirección del operador: C/Barcelona, 4. 25610, Os de Balaguer","Cantidad Neta: 500 g"],"ingredients":[" Mel de romaní. Pot contenir traces de fruits secs."],"conservation":" Conservar en un lloc fresc i sec. La mel pot arribar a cristal·litzar-se es torna líquida escalfant-la suaument (al bany Maria)","ean":"8412614101066"},{"full_name":"ALEMANY miel de azahar frasco 500 g","name":"miel de azahar frasco 500 g","brand":"ALEMANY ","img":"https://sgfm.elcorteingles.es/SGFM/00/51/3/0120640200513/0120640200513000g01011.jpg","price":"5,25 €","price_unit":"(10,50 € / Kilo)","categories":["Supermercado","Desayunos Dulces y pan","Desayunos, dulces y pan","Mermelada, confituras y miel","Miel","ALEMANY miel de azahar frasco 500 g"],"general_information":["Denominación del alimento: Mel de taronger","Nombre del operador: Torrons i Mel Alemany, S.L.","Dirección del operador: C/Barcelona, 4. 25610, Os de Balaguer","Cantidad Neta: 500 g"],"ingredients":[" Mel de taronger. Pot contenir traces de fruits secs."],"conservation":" Conservar en un lloc fresc i sec. La mel pot arribar a cristal·litzar-se es torna líquida escalfant-la suaument (al bany Maria)","ean":"8412614101103"},{"full_name":"ALEMANY miel de tomillo frasco 500 g","name":"miel de tomillo frasco 500 g","brand":"ALEMANY ","img":"https://sgfm.elcorteingles.es/SGFM/00/52/1/0120640200521/0120640200521000g01011.jpg","price":"5,59 €","price_unit":"(11,18 € / Kilo)","categories":["Supermercado","Desayunos Dulces y pan","Desayunos, dulces y pan","Mermelada, confituras y miel","Miel","ALEMANY miel de tomillo frasco 500 g"],"general_information":["Denominación del alimento: Mel de farigola","Nombre del operador: Torrons i Mel Alemany, S.L.","Dirección del operador: C/Barcelona, 4. 25610, Os de Balaguer","Cantidad Neta: 500 g"],"ingredients":[" Mel de farigola. Pot contenir traces de fruits secs."],"conservation":" Conservar en un lloc fresc i sec. La mel pot arribar a cristal·litzar-se es torna líquida escalfant-la suaument (al bany Maria)","ean":"8412614101127"},{"full_name":"ALEMANY miel de bosque frasco 500 g","name":"miel de bosque frasco 500 g","brand":"ALEMANY ","img":"https://sgfm.elcorteingles.es/SGFM/00/53/9/0120640200539/0120640200539000g01011.jpg","price":"5,59 €","price_unit":"(11,18 € / Kilo)","categories":["Supermercado","Desayunos Dulces y pan","Desayunos, dulces y pan","Mermelada, confituras y miel","Miel","ALEMANY miel de bosque frasco 500 g"],"general_information":["Denominación del alimento: Mel de bosc","Nombre del operador: Torrons i Mel Alemany, S.L.","Dirección del operador: C/Barcelona, 4. 25610, Os de Balaguer","Cantidad Neta: 500 g"],"ingredients":[" Mel de bosc. Pot contenir traces de fruits secs."],"conservation":" Conservar en un lloc fresc i sec. La mel pot arribar a cristal·litzar-se es torna líquida escalfant-la suaument (al bany Maria)","ean":"8412614101226"},{"full_name":"PINSAPAR miel de la serranía gaditana frasco 1 kg","name":"miel de la serranía gaditana frasco 1 kg","brand":"PINSAPAR ","img":"https://sgfm.elcorteingles.es/SGFM/00/02/2/0200240200022/0200240200022000g01011.jpg","price":"6,95 €","price_unit":"(6,95 € / Kilo)","categories":["Supermercado","Desayunos Dulces y pan","Desayunos, dulces y pan","Mermelada, confituras y miel","Miel","PINSAPAR miel de la serranía gaditana frasco 1 kg"],"general_information":["Denominación del alimento: Miel de mil flores","Nombre del operador: Jose Guerrero Garcia","Dirección del operador: C/Ribera 4, Benamahoma 11679 Cádiz.","Cantidad Neta: 1 Kilogramos","Otras menciones obligatorias en la etiqueta: Miel pura de la Sierra de Grazalema. Miel multifloral. El contenido de sal obedece exclusivamente al sodio presente de forma natural en el alimento."],"ingredients":[" Miel de mil flores."],"conservation":" Consérvese en lugar fresco y seco. Una vez abierto se recomienda consumir antes de 18 meses.","ean":"8424193111114"},{"full_name":"MEL DA ANTA miel de los bosques de Galicia I.G.P. frasco 800 g","name":"miel de los bosques de Galicia I.G.P. frasco 800 g","brand":"MEL DA ANTA ","img":"https://sgfm.elcorteingles.es/SGFM/dctm/MEDIA03/201608/26/00120640202212____1__600x600.jpg","price":"8,65 €","price_unit":"(10,81 € / Kilo)","categories":["Supermercado","Desayunos Dulces y pan","Desayunos, dulces y pan","Mermelada, confituras y miel","Miel","MEL DA ANTA miel de los bosques de Galicia I.G.P. frasco 800 g"],"general_information":["Denominación del alimento: Miel de flores","Nombre del operador: Mieles Anta S.L.","Dirección del operador: Camino de Santiago. Lg de Toca, nave -27620- Samos (Lugo)","Cantidad Neta: 800 g"],"ingredients":[" Miel"],"conservation":" Conservar en lugar fresco y seco","ean":"8414260177181"},{"full_name":"MEL DA ANTA miel de brezo de Galicia I.G.P. frasco 800 g","name":"miel de brezo de Galicia I.G.P. frasco 800 g","brand":"MEL DA ANTA ","img":"https://sgfm.elcorteingles.es/SGFM/dctm/MEDIA03/201608/26/00120640202204____1__600x600.jpg","price":"8,79 €","price_unit":"(10,99 € / Kilo)","categories":["Supermercado","Desayunos Dulces y pan","Desayunos, dulces y pan","Mermelada, confituras y miel","Miel","MEL DA ANTA miel de brezo de Galicia I.G.P. frasco 800 g"],"general_information":["Denominación del alimento: Miel de flores monofloral de brezo","Nombre del operador: Mieles Anta S.L.","Dirección del operador: Camino de Santiago. Lg de Toca, nave -27620- Samos (Lugo)","Cantidad Neta: 800 g"],"ingredients":[" Miel"],"conservation":" Conservar en lugar fresco y seco","ean":"8414260177167"},{"full_name":"MEL DA ANTA miel de castaño de Galicia I.G.P. frasco 800 g","name":"miel de castaño de Galicia I.G.P. frasco 800 g","brand":"MEL DA ANTA ","img":"https://sgfm.elcorteingles.es/SGFM/dctm/MEDIA03/201608/26/00120640202220____1__600x600.jpg","price":"7,35 €","price_unit":"(9,19 € / Kilo)","categories":["Supermercado","Desayunos Dulces y pan","Desayunos, dulces y pan","Mermelada, confituras y miel","Miel","MEL DA ANTA miel de castaño de Galicia I.G.P. frasco 800 g"],"general_information":["Denominación del alimento: Miel de flores monofloral de castaño","Nombre del operador: Mieles Anta S.L.","Dirección del operador: Camino de Santiago. Lg de Toca, nave -27620- Samos (Lugo)","Cantidad Neta: 800 g"],"ingredients":[" Miel"],"conservation":" Conservar en lugar fresco y seco","ean":"8414260177174"},{"full_name":"MEL DA ANTA miel de los bosques de Galicia I.G.P. frasco 500 g","name":"miel de los bosques de Galicia I.G.P. frasco 500 g","brand":"MEL DA ANTA ","img":"https://sgfm.elcorteingles.es/SGFM/dctm/MEDIA03/201705/31/00120640201388____2__600x600.jpg","price":"4,60 €","price_unit":"(9,20 € / Kilo)","categories":["Supermercado","Desayunos Dulces y pan","Desayunos, dulces y pan","Mermelada, confituras y miel","Miel","MEL DA ANTA miel de los bosques de Galicia I.G.P. frasco 500 g"],"general_information":["Denominación del alimento: Miel de flores","Nombre del operador: Mieles Anta S.L.","Dirección del operador: Camino de Santiago. Lg de Toca, nave -27620- Samos (Lugo)","Cantidad Neta: 500 g"],"ingredients":[" Miel"],"conservation":" Conservar en lugar fresco y seco","ean":"8414260175019"},{"full_name":"MEL DA ANTA miel de eucalipto I. G. P. Miel de Galicia frasco 270 g","name":"miel de eucalipto I. G. P. Miel de Galicia frasco 270 g","brand":"MEL DA ANTA ","img":"https://sgfm.elcorteingles.es/SGFM/dctm/MEDIA03/201608/26/00120640202238____1__600x600.jpg","price":"2,87 €","price_unit":"(10,63 € / Kilo)","categories":["Supermercado","Desayunos Dulces y pan","Desayunos, dulces y pan","Mermelada, confituras y miel","Miel","MEL DA ANTA miel de eucalipto I. G. P. Miel de Galicia frasco 270 g"],"general_information":["Denominación del alimento: Miel de flores monofloral eucalipto","Nombre del operador: Mieles Anta S.L.","Dirección del operador: Camino de Santiago. Lg de Toca, nave -27620- Samos (Lugo)","Cantidad Neta: 270 g"],"ingredients":[" Miel"],"conservation":" Conservar en lugar fresco y seco","ean":"8414260177150"},{"full_name":"HIJAS DEL SOL miel de castaño ecológica frasco 500 g","name":"miel de castaño ecológica frasco 500 g","brand":"HIJAS DEL SOL ","img":"https://sgfm.elcorteingles.es/SGFM/dctm/MEDIA03/201612/27/00120753300118____1__600x600.jpg","price":"8,35 €","price_unit":"(16,70 € / Kilo)","categories":["Supermercado","Dietéticos","Desayunos, dulces y pan","Mermeladas, confituras y miel","HIJAS DEL SOL miel de castaño ecológica frasco 500 g"],"general_information":[],"ingredients":[],"ean":"8412016366346"},{"full_name":"RIO ALLER miel frasco 1 kg","name":"miel frasco 1 kg","brand":"RIO ALLER ","img":"https://sgfm.elcorteingles.es/SGFM/00/09/7/0200240200097/0200240200097000g01011.jpg","price":"9,45 €","price_unit":"(9,45 € / Kilo)","categories":["Supermercado","Desayunos Dulces y pan","Desayunos, dulces y pan","Mermelada, confituras y miel","Miel","RIO ALLER miel frasco 1 kg"],"general_information":["Denominación del alimento: Miel","Nombre del operador: Artesanos de Cuevas, SL.","Dirección del operador: C/San Juan n°5. Oviedo","Lugar de procedencia del alimento: Asturias","Cantidad Neta: 1 Kilogramos","Otras menciones obligatorias en la etiqueta: Milflores"],"ingredients":[" Miel"],"conservation":" Lugar fresco y seco.","ean":"8437000416012"},{"full_name":"HIJAS DEL SOL miel de bosque ecológica frasco 500 g","name":"miel de bosque ecológica frasco 500 g","brand":"HIJAS DEL SOL ","img":"https://sgfm.elcorteingles.es/SGFM/dctm/MEDIA03/201612/27/00120753300126____1__600x600.jpg","price":"8,35 €","price_unit":"(16,70 € / Kilo)","categories":["Supermercado","Dietéticos","Desayunos, dulces y pan","Mermeladas, confituras y miel","HIJAS DEL SOL miel de bosque ecológica frasco 500 g"],"general_information":[],"ingredients":[],"ean":"8412016366353"},{"full_name":"RIO ALLER miel frasco 500 g","name":"miel frasco 500 g","brand":"RIO ALLER ","img":"https://sgfm.elcorteingles.es/SGFM/00/10/5/0200240200105/0200240200105000g01011.jpg","price":"5,35 €","price_unit":"(10,70 € / Kilo)","categories":["Supermercado","Desayunos Dulces y pan","Desayunos, dulces y pan","Mermelada, confituras y miel","Miel","RIO ALLER miel frasco 500 g"],"general_information":["Denominación del alimento: Miel","Nombre del operador: Artesanos de Cuevas, SL.","Dirección del operador: C/San Juan n°5. Oviedo","Lugar de procedencia del alimento: Asturias","Cantidad Neta: 500 g","Otras menciones obligatorias en la etiqueta: Milflores"],"ingredients":[" Miel"],"conservation":" Lugar fresco y seco.","ean":"8437000416029"},{"full_name":"GUADIALA miel de flores frasco 1000 g","name":"miel de flores frasco 1000 g","brand":"GUADIALA ","img":"https://sgfm.elcorteingles.es/SGFM/01/82/6/0120640201826/0120640201826000g01011.jpg","price":"5,89 €","price_unit":"(5,89 € / Kilo)","categories":["Supermercado","Desayunos Dulces y pan","Desayunos, dulces y pan","Mermelada, confituras y miel","Miel","GUADIALA miel de flores frasco 1000 g"],"general_information":[],"ingredients":[],"ean":"8422435007522"},{"full_name":"PAZO LUSÍO Miel de flores de producción ecológica I.G.P. Galicia frasco 500 g","name":"Miel de flores de producción ecológica I.G.P. Galicia frasco 500 g","brand":"PAZO LUSÍO ","img":"https://sgfm.elcorteingles.es/SGFM/dctm/MEDIA02/CONTENIDOS/201510/19/00200240400077____1__600x600.jpg","price":"7,25 €","price_unit":"(14,50 € / Kilo)","categories":["Supermercado","Desayunos Dulces y pan","Desayunos, dulces y pan","Mermelada, confituras y miel","Miel","PAZO LUSÍO Miel de flores de producción ecológica I.G.P. Galicia frasco 500 g"],"general_information":["Denominación del alimento: Miel de flores de producción ecológica","Nombre del operador: Mieles Anta S.L.","Dirección del operador: Camino de Santiago. Lg de Toca, nave -27620- Samos (Lugo)","Cantidad Neta: 500 g","Otras menciones obligatorias en la etiqueta: Producto ecológico"],"ingredients":[" Miel"],"conservation":" Conservar en lugar fresco y seco","ean":"8414260176016"},{"full_name":"LOS MONTES TOROZOS miel de encina frasco 500 g","name":"miel de encina frasco 500 g","brand":"LOS MONTES TOROZOS ","img":"https://sgfm.elcorteingles.es/SGFM/dctm/MEDIA02/CONTENIDOS/201505/21/00120640201339____1__600x600.jpg","price":"4,19 €","price_unit":"(8,38 € / Kilo)","categories":["Supermercado","Desayunos Dulces y pan","Desayunos, dulces y pan","Mermelada, confituras y miel","Miel","LOS MONTES TOROZOS miel de encina frasco 500 g"],"general_information":["Denominación del alimento: Miel de Encina","Nombre del operador: Virginia San José Gonzalez-Miel los Montes Torozos","Dirección del operador: C/Jose Antonio Nº11.47641-La Santa Espina(Castromonte)-Valladolid","Lugar de procedencia del alimento: Artesanos Alimentarios de Castilla y Leon -Tierra De Sabor-Castilla y León","Cantidad Neta: 500 g"],"ingredients":[],"conservation":"Modo de empleo: Por su estado natural tiende a solidificarse, si la prefiere líquida pongala al baño maría no superando los 45°C.","ean":"8437014869040"},{"full_name":"LOS MONTES TOROZOS miel de tomillo frasco 500 g","name":"miel de tomillo frasco 500 g","brand":"LOS MONTES TOROZOS ","img":"https://sgfm.elcorteingles.es/SGFM/dctm/MEDIA02/CONTENIDOS/201505/21/00120640201347____1__600x600.jpg","price":"4,19 €","price_unit":"(8,38 € / Kilo)","categories":["Supermercado","Desayunos Dulces y pan","Desayunos, dulces y pan","Mermelada, confituras y miel","Miel","LOS MONTES TOROZOS miel de tomillo frasco 500 g"],"general_information":[],"ingredients":[],"ean":"8436044440588"},{"full_name":"LA OBRERA DEL COLMENAR miel de azahar con jalea real tarro 300 g","name":"miel de azahar con jalea real tarro 300 g","brand":"LA OBRERA DEL COLMENAR ","img":"https://sgfm.elcorteingles.es/SGFM/dctm/MEDIA02/CONTENIDOS/201411/19/00120640201693____1__600x600.jpg","price":"6,55 €","price_unit":"(21,83 € / Kilo)","categories":["Supermercado","Desayunos Dulces y pan","Desayunos, dulces y pan","Mermelada, confituras y miel","Miel","LA OBRERA DEL COLMENAR miel de azahar con jalea real tarro 300 g"],"general_information":[],"ingredients":[],"ean":"8411882001962"},{"full_name":"LA OBRERA DEL COLMENAR miel de azahar con polen tarro 300 g","name":"miel de azahar con polen tarro 300 g","brand":"LA OBRERA DEL COLMENAR ","img":"https://sgfm.elcorteingles.es/SGFM/dctm/MEDIA02/CONTENIDOS/201411/19/00120640201701____1__600x600.jpg","price":"6,55 €","price_unit":"(21,83 € / Kilo)","categories":["Supermercado","Desayunos Dulces y pan","Desayunos, dulces y pan","Mermelada, confituras y miel","Miel","LA OBRERA DEL COLMENAR miel de azahar con polen tarro 300 g"],"general_information":[],"ingredients":[],"ean":"8411882001979"},{"full_name":"LA OBRERA DEL COLMENAR miel del bosque con propóleo tarro 300 g","name":"miel del bosque con propóleo tarro 300 g","brand":"LA OBRERA DEL COLMENAR ","img":"https://sgfm.elcorteingles.es/SGFM/dctm/MEDIA02/CONTENIDOS/201411/06/00120640201719____1__600x600.jpg","price":"6,55 €","price_unit":"(21,83 € / Kilo)","categories":["Supermercado","Desayunos Dulces y pan","Desayunos, dulces y pan","Mermelada, confituras y miel","Miel","LA OBRERA DEL COLMENAR miel del bosque con propóleo tarro 300 g"],"general_information":[],"ingredients":[],"ean":"8411882001986"},{"full_name":"LA OBRERA DEL COLMENAR miel de azahar con polen jalea y propóleo tarro 300 g","name":"miel de azahar con polen jalea y propóleo tarro 300 g","brand":"LA OBRERA DEL COLMENAR ","img":"https://sgfm.elcorteingles.es/SGFM/dctm/MEDIA03/201701/23/00120640201727____2__600x600.jpg","price":"7,45 €","price_unit":"(24,83 € / Kilo)","categories":["Supermercado","Desayunos Dulces y pan","Desayunos, dulces y pan","Mermelada, confituras y miel","Miel","LA OBRERA DEL COLMENAR miel de azahar con polen jalea y propóleo tarro 300 g"],"general_information":[],"ingredients":[],"ean":"8411882001993"},{"full_name":"LA OBRERA DEL COLMENAR jarabe de miel casero miel del bosque propóleo eucaliptus y limón tarro 300 g","name":"jarabe de miel casero miel del bosque propóleo eucaliptus y limón tarro 300 g","brand":"LA OBRERA DEL COLMENAR ","img":"https://sgfm.elcorteingles.es/SGFM/dctm/MEDIA02/CONTENIDOS/201411/19/00120640201735____1__600x600.jpg","price":"10,75 €","price_unit":"(35,83 € / Kilo)","categories":["Supermercado","Desayunos Dulces y pan","Desayunos, dulces y pan","Mermelada, confituras y miel","Miel","LA OBRERA DEL COLMENAR jarabe de miel casero miel del bosque propóleo eucaliptus y limón tarro 300 g"],"general_information":[],"ingredients":[],"ean":"8411882002037"},{"full_name":"TARTUFI JIMMY Sweetness miel de acacia con trufa frasco 120 g","name":"Sweetness miel de acacia con trufa frasco 120 g","brand":"TARTUFI JIMMY ","img":"https://sgfm.elcorteingles.es/SGFM/dctm/MEDIA03/201711/28/00120640202550____1__600x600.jpg","price":"6,95 €","price_unit":"(57,92 € / Kilo)","categories":["Supermercado","Desayunos Dulces y pan","Desayunos, dulces y pan","Mermelada, confituras y miel","Miel","TARTUFI JIMMY Sweetness miel de acacia con trufa frasco 120 g"],"general_information":["Denominación del alimento: Miel de Acacia con Trufa de Verano","País de origen: Italia","Nombre del operador: Inasa Import S.L","Dirección del operador: Calle Zurbarán 7. entreplanta 4-28010 Madrid","Lugar de procedencia del alimento: Italia","Cantidad Neta: 120 g"],"ingredients":[" Miel de acacia 99% (Procedencia UE), trufa seca de verano 0,5% (Tuber Aestivum Vitt), aroma. No contiene colorantes ni conservantes añadidos."],"conservation":" Mantener lejos de fuentes de calor y luz.","ean":"8033993040267"},{"full_name":"MELLARIUS mieles de eucalipto, azahar, mil flores, bosque, romero y brezo 6 frascos de 250 g","name":"mieles de eucalipto, azahar, mil flores, bosque, romero y brezo 6 frascos de  250 g","brand":"MELLARIUS ","img":"https://sgfm.elcorteingles.es/SGFM/dctm/MEDIA03/201611/29/00120640202345____1__600x600.jpg","price":"14,99 €","price_unit":"(9,99 € / Kilo)","categories":["Supermercado","Desayunos Dulces y pan","Desayunos, dulces y pan","Mermelada, confituras y miel","Miel","MELLARIUS mieles de eucalipto, azahar, mil flores, bosque, romero y brezo 6 frascos de 250 g"],"general_information":[],"ingredients":[],"ean":"8424763111704"},{"full_name":"MELLARIUS miel de romero tarro 500 g","name":"miel de romero tarro 500 g","brand":"MELLARIUS ","img":"https://sgfm.elcorteingles.es/SGFM//01/92/5/0120640201925/0120640201925000g01011.jpg","price":"7,30 €","price_unit":"(14,60 € / Kilo)","categories":["Supermercado","Desayunos Dulces y pan","Desayunos, dulces y pan","Mermelada, confituras y miel","Miel","MELLARIUS miel de romero tarro 500 g"],"general_information":["Denominación del alimento: Miel de romero","Nombre del operador: Buleo Miel, S.L.","Dirección del operador: Polígono Fuente de los Arrieros, Parcela 4B, 16260 Minglanilla, Cuenca.","Cantidad Neta: 500 g","Otras menciones obligatorias en la etiqueta: No contiene ni puede contener trazas de: altramuces, apio, crustáceos, frutos secos, gluten, huevo, leche, moluscos, mostaza, nueces, pescado, sésamo, soja. Procedente de plantas no modificadas genéticamente."],"ingredients":[],"ean":"8424763111735"},{"full_name":"MELLARIUS miel de romero crema tarro 500 g","name":"miel de romero crema tarro 500 g","brand":"MELLARIUS ","img":"https://sgfm.elcorteingles.es/SGFM//01/91/7/0120640201917/0120640201917000g01011.jpg","price":"7,35 €","price_unit":"(14,70 € / Kilo)","categories":["Supermercado","Desayunos Dulces y pan","Desayunos, dulces y pan","Mermelada, confituras y miel","Miel","MELLARIUS miel de romero crema tarro 500 g"],"general_information":["Denominación del alimento: Miel de romero crema","Nombre del operador: Buleo Miel, S.L.","Dirección del operador: Polígono Fuente de los Arrieros, Parcela 4B, 16260 Minglanilla, Cuenca.","Cantidad Neta: 500 g","Otras menciones obligatorias en la etiqueta: No contiene ni puede contener trazas de: altramuces, apio, crustáceos, frutos secos, gluten, huevo, leche, moluscos, mostaza, nueces, pescado, sésamo, soja. Procedente de plantas no modificadas genéticamente."],"ingredients":[],"ean":"8424763181738"},{"full_name":"MELLARIUS miel de eucalipto tarro 500 g","name":"miel de eucalipto tarro 500 g","brand":"MELLARIUS ","img":"https://sgfm.elcorteingles.es/SGFM//01/93/3/0120640201933/0120640201933000g01011.jpg","price":"7,25 €","price_unit":"(14,50 € / Kilo)","categories":["Supermercado","Desayunos Dulces y pan","Desayunos, dulces y pan","Mermelada, confituras y miel","Miel","MELLARIUS miel de eucalipto tarro 500 g"],"general_information":["Denominación del alimento: Miel de eucalipto","Nombre del operador: Buleo Miel, S.L.","Dirección del operador: Polígono Fuente de los Arrieros, Parcela 4B, 16260 Minglanilla, Cuenca.","Cantidad Neta: 500 g","Otras menciones obligatorias en la etiqueta: No contiene ni puede contener trazas de: altramuces, apio, crustáceos, frutos secos, gluten, huevo, leche, moluscos, mostaza, nueces, pescado, sésamo, soja. Procedente de plantas no modificadas genéticamente."],"ingredients":[],"ean":"8424763131733"},{"full_name":"MELLARIUS miel de azahar tarro 500 g","name":"miel de azahar tarro 500 g","brand":"MELLARIUS ","img":"https://sgfm.elcorteingles.es/SGFM//01/94/1/0120640201941/0120640201941000g01011.jpg","price":"7,39 €","price_unit":"(14,78 € / Kilo)","categories":["Supermercado","Desayunos Dulces y pan","Desayunos, dulces y pan","Mermelada, confituras y miel","Miel","MELLARIUS miel de azahar tarro 500 g"],"general_information":["Denominación del alimento: Miel de azahar","Nombre del operador: Buleo Miel, S.L.","Dirección del operador: Polígono Fuente de los Arrieros, Parcela 4B, 16260 Minglanilla, Cuenca.","Cantidad Neta: 500 g","Otras menciones obligatorias en la etiqueta: No contiene ni puede contener trazas de: altramuces, apio, crustáceos, frutos secos, gluten, huevo, leche, moluscos, mostaza, nueces, pescado, sésamo, soja. Procedente de plantas no modificadas genéticamente."],"ingredients":[],"ean":"8424763151731"},{"full_name":"MELLARIUS miel de brezo tarro 500 g","name":"miel de brezo tarro 500 g","brand":"MELLARIUS ","img":"https://sgfm.elcorteingles.es/SGFM//01/95/8/0120640201958/0120640201958000g01011.jpg","price":"7,25 €","price_unit":"(14,50 € / Kilo)","categories":["Supermercado","Desayunos Dulces y pan","Desayunos, dulces y pan","Mermelada, confituras y miel","Miel","MELLARIUS miel de brezo tarro 500 g"],"general_information":["Denominación del alimento: Miel de brezo","Nombre del operador: Buleo Miel, S.L.","Dirección del operador: Polígono Fuente de los Arrieros, Parcela 4B, 16260 Minglanilla, Cuenca.","Cantidad Neta: 500 g","Otras menciones obligatorias en la etiqueta: No contiene ni puede contener trazas de: altramuces, apio, crustáceos, frutos secos, gluten, huevo, leche, moluscos, mostaza, nueces, pescado, sésamo, soja. Procedente de plantas no modificadas genéticamente."],"ingredients":[],"ean":"8424763191737"},{"full_name":"MELLARIUS mieles monoflorales españolas eucalipto, brezo, tomillo, romero, espliego y azahar 6x40g 240 g","name":"mieles monoflorales españolas eucalipto, brezo, tomillo, romero, espliego y azahar 6x40g  240 g","brand":"MELLARIUS ","img":"https://sgfm.elcorteingles.es/SGFM/dctm/MEDIA03/201603/11/00120640202147____1__600x600.jpg","price":"11,05 €","price_unit":"(46,04 € / Kilo)","categories":["Supermercado","Desayunos Dulces y pan","Desayunos, dulces y pan","Mermelada, confituras y miel","Miel","MELLARIUS mieles monoflorales españolas eucalipto, brezo, tomillo, romero, espliego y azahar 6x40g 240 g"],"general_information":[],"ingredients":[],"ean":"8424763123455"},{"full_name":"AL-ANDALUS melaza de caña antigoteo envase 460 g","name":"melaza de caña antigoteo envase 460 g","brand":"AL-ANDALUS ","img":"https://sgfm.elcorteingles.es/SGFM/dctm/MEDIA02/CONTENIDOS/201501/19/00120640202022____1__600x600.jpg","price":"2,99 €","price_unit":"(6,50 € / Kilo)","categories":["Supermercado","Desayunos Dulces y pan","Desayunos, dulces y pan","Mermelada, confituras y miel","Miel","AL-ANDALUS melaza de caña antigoteo envase 460 g"],"general_information":["Denominación del alimento: Melaza de caña de azúcar","Nombre del operador: Al-Andalus Delicatessen, S.C.A.","Dirección del operador: Calle Caño Eras, 9, 18420 Lanjarón (Granada)","Cantidad Neta: 460,0 g"],"ingredients":[" Melaza de caña de azúcar."],"ean":"8437005183995"},{"full_name":"EL CORTE INGLES mermelada extra de fresa 60% fruta tarro 410 g","name":"mermelada extra de fresa 60% fruta tarro 410 g","brand":"EL CORTE INGLES ","img":"https://sgfm.elcorteingles.es/SGFM/dctm/MEDIA02/CONTENIDOS/201507/09/00120605403730____2__600x600.jpg","price":"1,68 €","price_unit":"(4,10 € / Kilo)","categories":["Supermercado","Desayunos Dulces y pan","Desayunos, dulces y pan","Mermelada, confituras y miel","Mermelada y confitura de fresa","EL CORTE INGLES mermelada extra de fresa 60% fruta tarro 410 g"],"general_information":["Denominación del alimento: Mermelada extra de fresa","Nombre del operador: Elaborado para El Corte Inglés                                   por Dulces y Conservas Helios, S.A.                        Ctra de Salamanca Nº 44                                          47195 Arro","Cantidad Neta: 410 g","Número de raciones por envase: ~ 16"],"ingredients":[" Ingredientes: Fresa (60 %), azúcar, espesante: pectina, acidulante: ácido cítrico"],"conservation":" Conservar en lugar fresco y seco. Una vez abierto almacenar en frigorífico.","ean":"8433329059701"},{"full_name":"ALIADA mermelada de fresa tarro 410 g","name":"mermelada de fresa tarro 410 g","brand":"ALIADA ","img":"https://sgfm.elcorteingles.es/SGFM/dctm/MEDIA02/CONTENIDOS/201505/28/00120605403763____1__600x600.jpg","price":"0,88 €","price_unit":"(2,15 € / Kilo)","categories":["Supermercado","Desayunos Dulces y pan","Desayunos, dulces y pan","Mermelada, confituras y miel","Mermelada y confitura de fresa","ALIADA mermelada de fresa tarro 410 g"],"general_information":["Denominación del alimento: Mermelada extra de fresa","Nombre del operador: Elaborado para el Grupo El Corte Inglés \nHermosilla, 112   28009 Madrid-España\npor CIF: A31345861","Cantidad Neta: 410 g"],"ingredients":[" Ingredientes: Fresa (55%), azúcar, jarabe de glucosa y fructosa, espesante: pectina y acidulante: ácido cítrico"],"conservation":" Conservar en lugar fresco y seco. Una vez abierto almacenar en frigorífico.","ean":"8433329059596"},{"full_name":"ALIADA mermelada de fresa light sin azúcares añadidos tarro 330 g","name":"mermelada de fresa light sin azúcares añadidos tarro 330 g","brand":"ALIADA ","img":"https://sgfm.elcorteingles.es/SGFM/dctm/MEDIA02/CONTENIDOS/201507/23/00120605403847____1__600x600.jpg","price":"1,17 €","price_unit":"(3,55 € / Kilo)","categories":["Supermercado","Desayunos Dulces y pan","Desayunos, dulces y pan","Mermelada, confituras y miel","Mermelada y confitura de fresa","ALIADA mermelada de fresa light sin azúcares añadidos tarro 330 g"],"general_information":["Denominación del alimento: Mermelada de fresa light con edulcorantes","Nombre del operador: Elaborado para el Grupo El Corte Inglés \nHermosilla, 112   28009 Madrid-España \npor NIF A-47002878","Cantidad Neta: 330 g"],"ingredients":[" Ingredientes: Fresa(55%), agua, edulcorantes (jarabe de maltitol, sucralose), espesante (pectina), concentrado de saúco, acidulante (ácido cítrico), conservador (sorbato potásico)."],"conservation":" Conservar en lugar fresco y seco. Una vez abierto almacenar en frigorífico.","ean":"8433329059992"},{"full_name":"HERO confitura de fresa 4 tarrinas individuales envase 100 g","name":"confitura de fresa 4 tarrinas individuales envase 100 g","brand":"HERO ","img":"https://sgfm.elcorteingles.es/SGFM/dctm/MEDIA03/201607/08/00120605404373____1__600x600.jpg","price":"1,20 €","price_unit":"(12 € / Kilo)","categories":["Supermercado","Desayunos Dulces y pan","Desayunos, dulces y pan","Mermelada, confituras y miel","Mermelada y confitura de fresa","HERO confitura de fresa 4 tarrinas individuales envase 100 g"],"general_information":["Denominación del alimento: Confitura Extra De Fresa","País de origen: España","Nombre del operador: Hero España, S.A.","Dirección del operador: Avda. Murcia, 1 30820 Alcantarilla, Murcia","Cantidad Neta: 100 g"],"ingredients":[" Fresas, azúcar, jarabe de glucosa, gelificante (pectina de manzana), acidulante (ácido cítrico)."],"conservation":" Conservar en lugar fresco y seco. Una vez abierto, mantener en el frigorífico.","ean":"8000080002347"},{"full_name":"HERO mermelada de fresa sin trozos envase 350 g","name":"mermelada de fresa sin trozos envase 350 g","brand":"HERO ","img":"https://sgfm.elcorteingles.es/SGFM/dctm/MEDIA03/201611/25/00120605402930____1__600x600.jpg","price":"1,93 €","price_unit":"(5,51 € / Kilo)","categories":["Supermercado","Desayunos Dulces y pan","Desayunos, dulces y pan","Mermelada, confituras y miel","Mermelada y confitura de fresa","HERO mermelada de fresa sin trozos envase 350 g"],"general_information":["Denominación del alimento: Mermelada De Fresa","País de origen: España","Nombre del operador: Hero España, S.A.","Dirección del operador: Avda. Murcia, 1 30820 Alcantarilla, Murcia","Cantidad Neta: 350 g"],"ingredients":[" Fresa, azúcar, jarabe de glucosa y fructosa, gelificante (pectina), zumo de saúco a partir de concentrado , acidulante (ác cítrico) y conservantes (sorbato potásico y benzoato sódico) y  endurecedor (cloruro cálcico)."],"conservation":" Conservar en lugar fresco y seco. Una vez abierto, mantener en el frigorífico.","ean":"8410175032881"},{"full_name":"HERO mermelada de fresas de temporada pack 2 700 g","name":"mermelada de fresas de temporada pack 2  700 g","brand":"HERO ","img":"https://sgfm.elcorteingles.es/SGFM/dctm/MEDIA03/201610/05/00200205404346____1__600x600.jpg","price":"2,99 €","price_unit":"(4,27 € / Kilo)","categories":["Supermercado","Desayunos Dulces y pan","Desayunos, dulces y pan","Mermelada, confituras y miel","Mermelada y confitura de fresa","HERO mermelada de fresas de temporada pack 2 700 g"],"general_information":[],"ingredients":[],"ean":"8410175065841"},{"full_name":"HERO mermelada de fresas de temporada frasco 350 g","name":"mermelada de fresas de temporada frasco 350 g","brand":"HERO ","img":"https://sgfm.elcorteingles.es/SGFM/dctm/MEDIA03/201702/23/00120605402674____1__600x600.jpg","price":"1,49 €","price_unit":"(4,26 € / Kilo)","categories":["Supermercado","Desayunos Dulces y pan","Desayunos, dulces y pan","Mermelada, confituras y miel","Mermelada y confitura de fresa","HERO mermelada de fresas de temporada frasco 350 g"],"general_information":["Denominación del alimento: Mermelada Extra de Fresa de Temporada.","País de origen: España","Nombre del operador: Hero España, S.A.","Dirección del operador: Avda. Murcia, 1 30820 Alcantarilla, Murcia","Cantidad Neta: 350 g"],"ingredients":[" Fresa, azúcar, gelificante ( pectina de citricos), zumo de limón y zumo de sauco a partir de concentrado. Elaborado con 50g de fruta por 100g. Contenido total de azúcares 50g por 100g."],"conservation":" Conservar en lugar fresco y seco. Una vez abierto, mantener en el frigorífico.","ean":"8410175032904"},{"full_name":"HERO mermelada de fresas de temporada light con stevia frasco 335 g","name":"mermelada de fresas de temporada light con stevia frasco 335 g","brand":"HERO ","img":"https://sgfm.elcorteingles.es/SGFM/03/25/0/0120605403250/0120605403250000g01011.jpg","price":"1,81 €","price_unit":"(5,40 € / Kilo)","categories":["Supermercado","Desayunos Dulces y pan","Desayunos, dulces y pan","Mermelada, confituras y miel","Mermelada y confitura de fresa","HERO mermelada de fresas de temporada light con stevia frasco 335 g"],"general_information":["Denominación del alimento: Mermelada De Fresa Light Con Edulcorante Y Azúcar","País de origen: España","Nombre del operador: Hero España, S.A.","Dirección del operador: Avda. Murcia, 1 30820 Alcantarilla, Murcia","Cantidad Neta: 335 g"],"ingredients":[" Fresa, azúcar, gelificante (pectina de cítricos), zumo de limón y zumo de sauco a partir de concentrado, conservante (sorbato potásico) y edulcorante (glucósidos de esteviol)."],"conservation":" Conservar en lugar fresco y seco. Una vez abierto, mantener en el frigorífico.","ean":"8410175043450"},{"full_name":"HERO confitura extra de fresas selectas frasco 360 g","name":"confitura extra de fresas selectas frasco 360 g","brand":"HERO ","img":"https://sgfm.elcorteingles.es/SGFM/dctm/MEDIA02/CONTENIDOS/201601/21/00120605404266____1__600x600.jpg","price":"1,59 €","price_unit":"(4,42 € / Kilo)","categories":["Supermercado","Desayunos Dulces y pan","Desayunos, dulces y pan","Mermelada, confituras y miel","Mermelada y confitura de fresa","HERO confitura extra de fresas selectas frasco 360 g"],"general_information":["Denominación del alimento: Confitura Extra De Fresa.","País de origen: España","Nombre del operador: Hero España, S.A.","Dirección del operador: Avda. Murcia, 1 30820 Alcantarilla, Murcia","Cantidad Neta: 360 g"],"ingredients":[" Fresa, azúcar, jarabe de glucosa y fructosa, gelificante (pectina), acidulante (ácido cítrico) y concentrado de sauco."],"conservation":" Conservar en lugar fresco y seco. Una vez abierto, mantener en el frigorífico.","ean":"8410175059123"},{"full_name":"HERO DIET confitura de fresas con stevia frasco 280 g","name":"confitura de fresas con stevia frasco 280 g","brand":"HERO DIET ","img":"https://sgfm.elcorteingles.es/SGFM/dctm/MEDIA02/CONTENIDOS/201512/29/00120605600186____2__600x600.jpg","price":"1,67 €","price_unit":"(5,96 € / Kilo)","categories":["Supermercado","Desayunos Dulces y pan","Desayunos, dulces y pan","Mermelada, confituras y miel","Mermelada y confitura de fresa","HERO DIET confitura de fresas con stevia frasco 280 g"],"general_information":["Denominación del alimento: Confitura De Fresa","País de origen: España","Nombre del operador: Hero España, S.A.","Dirección del operador: Avda. Murcia, 1 30820 Alcantarilla, Murcia","Cantidad Neta: 280 g"],"ingredients":[" Fresa, agua, edulcorantes (jarabe de sorbitol, ciclamato sódico y aspartame), gelificante (pectina y cloruro de calcio), concentrado de sauco, acidulante (ácido cítrico) , conservante (sorbato potásico )  y colorante (E-120)."],"conservation":" Conservar en lugar fresco y seco. Una vez abierto, mantener en el frigorífico.","ean":"8410175025654"},{"full_name":"HERO Zero mermelada de fresa de temporada 100% fruta sin azúcares refinados frasco 285 g","name":"Zero mermelada de fresa de temporada 100% fruta sin azúcares refinados frasco 285 g","brand":"HERO ","img":"https://sgfm.elcorteingles.es/SGFM/dctm/MEDIA03/201707/17/00120605600368____1__600x600.jpg","price":"2,12 €","price_unit":"(7,44 € / Kilo)","categories":["Supermercado","Desayunos Dulces y pan","Desayunos, dulces y pan","Mermelada, confituras y miel","Mermelada y confitura de fresa","HERO Zero mermelada de fresa de temporada 100% fruta sin azúcares refinados frasco 285 g"],"general_information":["Denominación del alimento: Mermelada De Fresa.","País de origen: España","Nombre del operador: Hero España, S.A.","Dirección del operador: Avda. Murcia, 1 30820 Alcantarilla, Murcia","Cantidad Neta: 285 g"],"ingredients":[" Fresas, mosto concentrado, concentrado de manzana, zumo de limón a partir de concentrado y gelificante (pecticina de cítricos) y zumo de sauco a partir de concentrado. Contenido total de azúcares 50 gr por 100 gr. Elaborado con 50 gr de fresa por 100 gr. Contiene azúcares naturalmente presentes. Sin conservantes ni colorantes."],"conservation":" Una vez abierto conservar en el frigorífico.","ean":"8410175066411"},{"full_name":"HELIOS mermelada extra de fresa 60% de fruta frasco 340 g","name":"mermelada extra de fresa 60% de fruta frasco 340 g","brand":"HELIOS ","img":"https://sgfm.elcorteingles.es/SGFM//00/36/3/0120605400363/0120605400363000g01011.jpg","price":"1,35 €","price_unit":"(3,97 € / Kilo)","categories":["Supermercado","Desayunos Dulces y pan","Desayunos, dulces y pan","Mermelada, confituras y miel","Mermelada y confitura de fresa","HELIOS mermelada extra de fresa 60% de fruta frasco 340 g"],"general_information":["Denominación del alimento: Mermelada de fresa","Nombre del operador: DULCES Y CONSERVAS HELIOS S.A.","Dirección del operador: Carretera de Salamanca, nº44, 47195 Arroyo de la Encomienda","Cantidad Neta: 340 g"],"ingredients":[" fresa, azúcar, espesante: pectina, acidulante: ácido cítrico"],"conservation":" Conservese en lugar fresco y seco. Una vez abierto conservesé en el frigorifico","ean":"8410095001820"},{"full_name":"HELIOS confitura natural de fresa con 59% de fruta y azúcar moreno de caña frasco 330 g","name":"confitura natural de fresa con 59% de fruta y azúcar moreno de caña frasco 330 g","brand":"HELIOS ","img":"https://sgfm.elcorteingles.es/SGFM/dctm/MEDIA03/201704/04/00120605404845____1__600x600.jpg","price":"2,11 €            ","price_unit":"(6,27 € / Kilo)","categories":["Supermercado","Desayunos Dulces y pan","Desayunos, dulces y pan","Mermelada, confituras y miel","Mermelada y confitura de fresa","HELIOS confitura natural de fresa con 59% de fruta y azúcar moreno de caña frasco 330 g"],"general_information":["Denominación del alimento: Confitura Natural Fresa","Nombre del operador: DULCES Y CONSERVAS HELIOS S.A.","Dirección del operador: Carretera de Salamanca, nº44, 47195 Arroyo de la Encomienda","Cantidad Neta: 330 g"],"ingredients":[" Fresa, azúcar moreno de caña, zumo de limón, espesante: pectina de frutas (se las fresas no contienen suficiente)"],"conservation":" Conservese en lugar fresco y seco. Una vez abierto conservesé en el frigorifico","ean":"8410095507018"},{"full_name":"HELIOS Diet mermelada de fresa sin azúcar y sin gluten frasco 280 g","name":"Diet mermelada de fresa sin azúcar y sin gluten frasco 280 g","brand":"HELIOS ","img":"https://sgfm.elcorteingles.es/SGFM/00/03/8/0120605600038/0120605600038000g01011.jpg","price":"1,40 €","price_unit":"(5 € / Kilo)","categories":["Supermercado","Desayunos Dulces y pan","Desayunos, dulces y pan","Mermelada, confituras y miel","Mermelada y confitura de fresa","HELIOS Diet mermelada de fresa sin azúcar y sin gluten frasco 280 g"],"general_information":["Denominación del alimento: Mermelada extra Fresa Diet","Nombre del operador: DULCES Y CONSERVAS HELIOS S.A.","Dirección del operador: Carretera de Salamanca, nº44, 47195 Arroyo de la Encomienda","Cantidad Neta: 280 g"],"ingredients":[" fresa, agua, fibra, edulcorantes (maltitol y sucralosa), concentrado de saúco, espesante: pectina, acidulante: ácido cítrico  conservador: E-202 y aroma,"],"conservation":" Conservese en lugar fresco y seco. Una vez abierto conservesé en el frigorifico","ean":"8410095008430"},{"full_name":"HELIOS Frutapunto mermelada de fresa extra antigoteo envase 350 g","name":"Frutapunto mermelada de fresa extra antigoteo envase 350 g","brand":"HELIOS ","img":"https://sgfm.elcorteingles.es/SGFM/01/71/8/0120605401718/0120605401718000g01011.jpg","price":"2,41 €","price_unit":"(6,89 € / Kilo)","categories":["Supermercado","Desayunos Dulces y pan","Desayunos, dulces y pan","Mermelada, confituras y miel","Mermelada y confitura de fresa","HELIOS Frutapunto mermelada de fresa extra antigoteo envase 350 g"],"general_information":["Denominación del alimento: Mermelada extra de Fresa en formato antigoteo","Nombre del operador: DULCES Y CONSERVAS HELIOS S.A.","Dirección del operador: Carretera de Salamanca, nº44, 47195 Arroyo de la Encomienda","Cantidad Neta: 350 g"],"ingredients":[" Fresa, jarabe de glucosa y fructosa, azúcar, espesantes: pectina y goma de garrofín, acidulante: ácido cítrico, conservadores: sorbato potásico y benzoato sódico."],"conservation":" Conservese en lugar fresco y seco. Una vez abierto conservesé en el frigorifico","ean":"8410095501719"},{"full_name":"HELIOS confitura de fresa pack 8 unds. 25 g","name":"confitura de fresa pack 8 unds. 25 g","brand":"HELIOS ","img":"https://sgfm.elcorteingles.es/SGFM//01/65/0/0120605401650/0120605401650000g01011.jpg","price":"1,05 €","price_unit":"(5,25 € / Kilo)","categories":["Supermercado","Desayunos Dulces y pan","Desayunos, dulces y pan","Mermelada, confituras y miel","Mermelada y confitura de fresa","HELIOS confitura de fresa pack 8 unds. 25 g"],"general_information":["Denominación del alimento: Mermelada extra de fresa en pack de 8 porciones x 25g","Nombre del operador: DULCES Y CONSERVAS HELIOS S.A.","Dirección del operador: Carretera de Salamanca, nº44, 47195 Arroyo de la Encomienda","Cantidad Neta: 200 g"],"ingredients":[" Fresa, azúcar, jarabe de glucosa y fructosa, espesante: pectina, acidulante: ácido cítrico, conservadores: benzoato sódico, sorbato potásico, antioxidante: ácido ascórbico."],"conservation":" Conservese en lugar fresco y seco. Una vez abierto conservesé en el frigorifico","ean":"8410095003503"},{"full_name":"BEBE mermelada de fresa frasco 340 g","name":"mermelada de fresa frasco 340 g","brand":"BEBE ","img":"https://sgfm.elcorteingles.es/SGFM/dctm/MEDIA03/201606/22/00120605400272____1__600x600.jpg","price":"1,94 €","price_unit":"(5,71 € / Kilo)","categories":["Supermercado","Desayunos Dulces y pan","Desayunos, dulces y pan","Mermelada, confituras y miel","Mermelada y confitura de fresa","BEBE mermelada de fresa frasco 340 g"],"general_information":["Denominación del alimento: Mermelada extra Fresa","Nombre del operador: IBERFRUTA MUERZA SA","Dirección del operador: Poligono industrial nº 45, 31570 San adrián, Navarra","Cantidad Neta: 340 g"],"ingredients":[" Fresa, azúcar, jarabe de glucosa y fructosa, espesantes: pectina y harina de semillas de garrofín, acidulante: ácido cítrico."],"conservation":" Conservese en lugar fresco y seco. Una vez abierto conservesé en el frigorifico","ean":"8436026160039"},{"full_name":"LA VIEJA FABRICA mermelada de fresas frasco 350 g","name":"mermelada de fresas frasco 350 g","brand":"LA VIEJA FABRICA ","img":"https://sgfm.elcorteingles.es/SGFM/dctm/MEDIA03/201606/22/00120605400611____2__600x600.jpg","price":"1,75 €","price_unit":"(5 € / Kilo)","categories":["Supermercado","Desayunos Dulces y pan","Desayunos, dulces y pan","Mermelada, confituras y miel","Mermelada y confitura de fresa","LA VIEJA FABRICA mermelada de fresas frasco 350 g"],"general_information":["Denominación del alimento: Mermelada de fresas","Nombre del operador: Ángel Camacho Alimentación, S.L.","Dirección del operador: Avda. del Pilar, 6 - 41530 Morón de la Frontera (Sevilla)","Lugar de procedencia del alimento: Producto de España","Cantidad Neta: 350 g","Otras menciones obligatorias en la etiqueta: Elaborado con  45 g de fresas por 100 g. Contenido total de azucares 52 g por 100 g."],"ingredients":[" Fresas, azúcar, gelificante (pectina), corrector de acidez (ácido cítrico), conservador (E-202)."],"conservation":" Una vez abierto conservar refrigerado","ean":"8414555003003"},{"full_name":"LA VIEJA FABRICA Diet mermelada de fresa sin azúcar frasco 280 g","name":"Diet mermelada de fresa sin azúcar frasco 280 g","brand":"LA VIEJA FABRICA ","img":"https://sgfm.elcorteingles.es/SGFM/dctm/MEDIA02/CONTENIDOS/201502/25/00120605600244____1__600x600.jpg","price":"1,66 €","price_unit":"(5,93 € / Kilo)","categories":["Supermercado","Desayunos Dulces y pan","Desayunos, dulces y pan","Mermelada, confituras y miel","Mermelada y confitura de fresa","LA VIEJA FABRICA Diet mermelada de fresa sin azúcar frasco 280 g"],"general_information":["Denominación del alimento: Mermelada de fresas diet","Nombre del operador: Ángel Camacho Alimentación, S.L.","Dirección del operador: Avda. del Pilar, 6 - 41530 Morón de la Frontera (Sevilla)","Lugar de procedencia del alimento: Producto de España","Cantidad Neta: 280 g","Otras menciones obligatorias en la etiqueta: Apta para diabéticos. Elaborado con  55 g de fresas por 100 g. Contenido total de azucares 42 g por 100 g."],"ingredients":[" Fresas, fructosa, gelificante (pectina), corrector de acidez (ácido cítrico), conservador (E-202)."],"conservation":" Una vez abierto conservar refrigerado","ean":"8410134019397"},{"full_name":"LA VIEJA FABRICA Cremosa mermelada de fresa tarro 350 g","name":"Cremosa mermelada de fresa tarro 350 g","brand":"LA VIEJA FABRICA ","img":"https://sgfm.elcorteingles.es/SGFM/dctm/MEDIA03/201703/13/00120605403375____2__600x600.jpg","price":"1,75 €","price_unit":"(5 € / Kilo)","categories":["Supermercado","Desayunos Dulces y pan","Desayunos, dulces y pan","Mermelada, confituras y miel","Mermelada y confitura de fresa","LA VIEJA FABRICA Cremosa mermelada de fresa tarro 350 g"],"general_information":["Denominación del alimento: Mermelada de fresas","Nombre del operador: Ángel Camacho Alimentación, S.L.","Dirección del operador: Avda. del Pilar, 6 - 41530 Morón de la Frontera (Sevilla)","Lugar de procedencia del alimento: Producto de España","Cantidad Neta: 350 g","Otras menciones obligatorias en la etiqueta: Elaborado con  40 g de fresas por 100 g. Contenido total de azúcares 52 g por 100 g."],"ingredients":[" Azúcar, fresas, agua, gelificante (pectina), corrector de acidez (ácido cítrico), concentrado de saúco, conservador (sorbato potásico), aroma."],"conservation":" Una vez abierto conservar refrigerado","ean":"8410134019687"},{"full_name":"BONNE MAMAN confitura de fresa frasco 370 g","name":"confitura de fresa frasco 370 g","brand":"BONNE MAMAN ","img":"https://sgfm.elcorteingles.es/SGFM/00/70/2/0120605400702/0120605400702000g01011.jpg","price":"2,59 €","price_unit":"(7 € / Kilo)","categories":["Supermercado","Desayunos Dulces y pan","Desayunos, dulces y pan","Mermelada, confituras y miel","Mermelada y confitura de fresa","BONNE MAMAN confitura de fresa frasco 370 g"],"general_information":["Denominación del alimento: Confitura de fresa","Nombre del operador: Productos alimentarios Andros España S.L.","Dirección del operador: Sallurtiarra, s/n -  01200 Salvatierra (Álava)","Lugar de procedencia del alimento: Francia.","Cantidad Neta: 370 g"],"ingredients":[" Fresas, azúcar, azúcar moreno de caña, jugo concentrado de limón, gelificante: pectina de frutas."],"conservation":" Conservar en lugar fresco y seco. Una vez abierto, mantener refrigerado.","ean":"3045320007657"},{"full_name":"FET A SOLLER confitura de fresa frasco 225 g","name":"confitura de fresa frasco 225 g","brand":"FET A SOLLER ","img":"https://sgfm.elcorteingles.es/SGFM/00/95/9/0120605400959/0120605400959000g01011.jpg","price":"4,75 €","price_unit":"(21,11 € / Kilo)","categories":["Supermercado","Desayunos Dulces y pan","Desayunos, dulces y pan","Mermelada, confituras y miel","Mermelada y confitura de fresa","FET A SOLLER confitura de fresa frasco 225 g"],"general_information":["Denominación del alimento: Confitura","Nombre del operador: Centre Esp.Ocupació Estel Nou","Dirección del operador: C/ Andreu Coll 31 - 33, 07100 Sóller, España.","Cantidad Neta: 225 g"],"ingredients":[" Fresas (67g de fresa por 100g de producto), azúcar y zumo de limón."],"conservation":" Una vez abierto, conservar en el frigorífico. Mantener en lugar seco y fresco. Proteger de la luz.","ean":"8436015960138"},{"full_name":"ST. DALFOUR Rapsodia de frutas mermelada de fresa frasco 284 g","name":"Rapsodia de frutas mermelada de fresa frasco 284 g","brand":"ST. DALFOUR ","img":"https://sgfm.elcorteingles.es/SGFM/dctm/MEDIA02/CONTENIDOS/201507/23/00120605401478____1__600x600.jpg","price":"3,29 €","price_unit":"(11,58 € / Kilo)","categories":["Supermercado","Desayunos Dulces y pan","Desayunos, dulces y pan","Mermelada, confituras y miel","Mermelada y confitura de fresa","ST. DALFOUR Rapsodia de frutas mermelada de fresa frasco 284 g"],"general_information":["Denominación del alimento: Rapsodia de frutas","País de origen: Francia","Nombre del operador: St. Dalfour SAS","Dirección del operador: Chemin de Cazeaux - 47200 Marmande (France)","Cantidad Neta: 284 g"],"ingredients":[" Fresas (51%), zumo de frutas concentrado (uva y dátil), zumo de limón, pectina de fruta"],"conservation":" Conservar en frio una vez abierto","ean":"0084380957444"},{"full_name":"PEDRO LUIS Selección Gourmet mermelada de fresa con sirope de ágave sin gluten 70% fruta envase 212 ml","name":"Selección Gourmet mermelada de fresa con sirope de ágave sin gluten 70% fruta envase 212 ml","brand":"PEDRO LUIS ","img":"https://sgfm.elcorteingles.es/SGFM/dctm/MEDIA03/201606/22/00120710901578____1__600x600.jpg","price":"2,59 €","categories":["Supermercado","Desayunos Dulces y pan","Desayunos, dulces y pan","Mermelada, confituras y miel","Mermelada y confitura de fresa","PEDRO LUIS Selección Gourmet mermelada de fresa con sirope de ágave sin gluten 70% fruta envase 212 ml"],"general_information":["Denominación del alimento: Fresa con sirope de ágave","País de origen: España","Nombre del operador: Conservas Pedro Luís, S.L.","Dirección del operador: Pol.Industrial El Ramal, C/Del Ramal 19 -31580- Lodosa (Navarra)","Cantidad Neta: 215 g"],"ingredients":[" Fresas, sirope de ágave, espesante: pectina de frutas y corrector de acidez: ácido cítrico."],"conservation":" Conservar en lugar fresco después de abrirlo.","ean":"8425205013945"},{"full_name":"D'ARBO mermelada de fresas de jardín frasco 200 g","name":"mermelada de fresas de jardín frasco 200 g","brand":"D'ARBO ","img":"https://sgfm.elcorteingles.es/SGFM/03/19/3/0120605403193/0120605403193000g01011.jpg","price":"2,65 €","price_unit":"(13,25 € / Kilo)","categories":["Supermercado","Desayunos Dulces y pan","Desayunos, dulces y pan","Mermelada, confituras y miel","Mermelada y confitura de fresa","D'ARBO mermelada de fresas de jardín frasco 200 g"],"general_information":["Denominación del alimento: D'ARBO:CONFITURA FRESA 70% 200g","País de origen: Austria","Nombre del operador: Ofistrade S.A.","Dirección del operador: C/Buenos Aires 38-40, entlo. C - 08036 Barcelona","Cantidad Neta: 200 g"],"ingredients":[" 70 % fresas, azúcar, zumo de limón concentrado, gelificante pectina. Elaborado con 70g de fruta por 100g. Contenido total en azúcares 41g por 100g."],"conservation":" Consérvese en lugar fresco y seco.","ean":"9001432029387"},{"full_name":"LIEBANATURAL mermelada de fresa envase 360 g","name":"mermelada de fresa envase 360 g","brand":"LIEBANATURAL ","img":"https://sgfm.elcorteingles.es/SGFM/01/60/7/0200205401607/0200205401607000g01011.jpg","price":"4,40 €","price_unit":"(12,22 € / Kilo)","categories":["Supermercado","Desayunos Dulces y pan","Desayunos, dulces y pan","Mermelada, confituras y miel","Mermelada y confitura de fresa","LIEBANATURAL mermelada de fresa envase 360 g"],"general_information":[],"ingredients":[],"ean":"8437005636033"},{"full_name":"LIEBANATURAL mermelada de fresas al cava envase 360 g","name":"mermelada de fresas al cava envase 360 g","brand":"LIEBANATURAL ","img":"https://sgfm.elcorteingles.es/SGFM/01/65/6/0200205401656/0200205401656000g01011.jpg","price":"4,95 €","price_unit":"(13,75 € / Kilo)","categories":["Supermercado","Desayunos Dulces y pan","Desayunos, dulces y pan","Mermelada, confituras y miel","Mermelada y confitura de fresa","LIEBANATURAL mermelada de fresas al cava envase 360 g"],"general_information":[],"ingredients":[],"ean":"8437005636026"},{"full_name":"L'EPICURIEN mermelada de fresas y fresas del bosque creación artesanal tarro 125 g","name":"mermelada de fresas y fresas del bosque creación artesanal tarro 125 g","brand":"L'EPICURIEN ","img":"https://sgfm.elcorteingles.es/SGFM/dctm/MEDIA03/201608/17/00120605404415____1__600x600.jpg","price":"4,50 €","price_unit":"(36 € / Kilo)","categories":["Supermercado","Desayunos Dulces y pan","Desayunos, dulces y pan","Mermelada, confituras y miel","Mermelada y confitura de fresa","L'EPICURIEN mermelada de fresas y fresas del bosque creación artesanal tarro 125 g"],"general_information":["Denominación del alimento: Mermelada de Fresas y Fresas del bosque","País de origen: Francia","Nombre del operador: Inasa Import S.L","Dirección del operador: Calle Zurbarán 7. entreplanta 4-28010 Madrid","Lugar de procedencia del alimento: Francia","Cantidad Neta: 125 g"],"ingredients":[" Fresas 53%, azúcar de caña, fresas del bosque 8%, agente gelificante (pectina de frutas, zumo de limón concentrado), Preparado con 61 g de fruta por 100 g,"],"conservation":" Una vez abierto. conservar en frío.","ean":"3441260034515"},{"full_name":"SANTIVERI mermelada de fresa con stevia sin azúcares añadidos tarro 295 g","name":"mermelada de fresa con stevia sin azúcares añadidos tarro 295 g","brand":"SANTIVERI ","img":"https://sgfm.elcorteingles.es/SGFM/dctm/MEDIA03/201611/25/00120710901537____1__600x600.jpg","price":"2,70 €","categories":["Supermercado","Desayunos Dulces y pan","Desayunos, dulces y pan","Mermelada, confituras y miel","Mermelada y confitura de fresa","SANTIVERI mermelada de fresa con stevia sin azúcares añadidos tarro 295 g"],"general_information":["Denominación del alimento: MERMELADA DE FRESA CON EDULCORANTE","Nombre del operador: CASA SANTIVERI S.L.","Dirección del operador: ENCUNY 8, 08038 BARCELONA","Cantidad Neta: 295 g"],"ingredients":[" fresa, agua, isomaltosa (edulcorante), glucósidos de esteviol (edulcorante), extracto de manzana, pectina (espesante), goma de garrofín (espesante), zumo de limón, ácido ascórbico (antioxidante)"],"ean":"8412170035034"},{"full_name":"EL CORTE INGLES mermelada extra de melocotón 60% fruta tarro 410 g","name":"mermelada extra de melocotón 60% fruta tarro 410 g","brand":"EL CORTE INGLES ","img":"https://sgfm.elcorteingles.es/SGFM/dctm/MEDIA02/CONTENIDOS/201507/09/00120605403748____2__600x600.jpg","price":"1,68 €","price_unit":"(4,10 € / Kilo)","categories":["Supermercado","Desayunos Dulces y pan","Desayunos, dulces y pan","Mermelada, confituras y miel","Mermelada y confitura de melocotón","EL CORTE INGLES mermelada extra de melocotón 60% fruta tarro 410 g"],"general_information":["Denominación del alimento: Mermelada extra de melocotón","Nombre del operador: Elaborado para El Corte Inglés                                   por Dulces y Conservas Helios, S.A.                        Ctra de Salamanca Nº 44                                          47195 Arro","Cantidad Neta: 410 g","Número de raciones por envase: ~ 16"],"ingredients":[" Ingredientes: Melocotón (60 %), azúcar, espesante: pectina, acidulante: ácido cítrico"],"conservation":" Conservar en lugar fresco y seco. Una vez abierto almacenar en frigorífico.","ean":"8433329059718"},{"full_name":"ALIADA mermelada de melocotón tarro 410 g","name":"mermelada de melocotón tarro 410 g","brand":"ALIADA ","img":"https://sgfm.elcorteingles.es/SGFM/dctm/MEDIA02/CONTENIDOS/201505/28/00120605403771____1__600x600.jpg","price":"0,88 €","price_unit":"(2,15 € / Kilo)","categories":["Supermercado","Desayunos Dulces y pan","Desayunos, dulces y pan","Mermelada, confituras y miel","Mermelada y confitura de melocotón","ALIADA mermelada de melocotón tarro 410 g"],"general_information":["Denominación del alimento: Mermelada extra de melocotón","Nombre del operador: Elaborado para el Grupo El Corte Inglés \nHermosilla, 112   28009 Madrid-España\npor CIF: A31345861","Cantidad Neta: 410 g"],"ingredients":[" Ingredientes: Melocotón (55%), azúcar, jarabe de glucosa y fructosa, espesante: pectina y acidulante: ácido cítrico"],"conservation":" Conservar en lugar fresco y seco. Una vez abierto almacenar en frigorífico.","ean":"8433329059602"},{"full_name":"ALIADA mermelada de melocoton light sin azúcares añadidos tarro 330 g","name":"mermelada de melocoton light sin azúcares añadidos tarro 330 g","brand":"ALIADA ","img":"https://sgfm.elcorteingles.es/SGFM/dctm/MEDIA02/CONTENIDOS/201507/23/00120605403854____1__600x600.jpg","price":"1,17 €","price_unit":"(3,55 € / Kilo)","categories":["Supermercado","Desayunos Dulces y pan","Desayunos, dulces y pan","Mermelada, confituras y miel","Mermelada y confitura de melocotón","ALIADA mermelada de melocoton light sin azúcares añadidos tarro 330 g"],"general_information":["Denominación del alimento: Mermelada de melocotón light con edulcorantes","Nombre del operador: Elaborado para el Grupo El Corte Inglés \nHermosilla, 112   28009 Madrid-España \npor NIF A-47002878","Cantidad Neta: 330 g"],"ingredients":[" Ingredientes: Melocotón (55%), agua, edulcorantes (jarabe de maltitol, sucralose), espesante (pectina), acidulante (ácido cítrico), conservador (sorbato potásico)."],"conservation":" Conservar en lugar fresco y seco. Una vez abierto almacenar en frigorífico.","ean":"8433329060004"},{"full_name":"HERO confitura extra de melocotones selectos frasco 360 g","name":"confitura extra de melocotones selectos frasco 360 g","brand":"HERO ","img":"https://sgfm.elcorteingles.es/SGFM/dctm/MEDIA02/CONTENIDOS/201601/21/00120605404258____1__600x600.jpg","price":"1,57 €","price_unit":"(4,36 € / Kilo)","categories":["Supermercado","Desayunos Dulces y pan","Desayunos, dulces y pan","Mermelada, confituras y miel","Mermelada y confitura de melocotón","HERO confitura extra de melocotones selectos frasco 360 g"],"general_information":["Denominación del alimento: Confitura Extra De Melocoton.","País de origen: España","Nombre del operador: Hero España, S.A.","Dirección del operador: Avda. Murcia, 1 30820 Alcantarilla, Murcia","Cantidad Neta: 360 g"],"ingredients":[" Melocotón, azúcar, jarabe de glucosa y fructosa, gelificante (pectina), acidulante (ácido cítrico) y antioxidante (L-ascórbico)."],"conservation":" Conservar en lugar fresco y seco. Una vez abierto, mantener en el frigorífico.","ean":"8410175059130"},{"full_name":"HERO mermelada de melocotón sin trozos envase 350 g","name":"mermelada de melocotón sin trozos envase 350 g","brand":"HERO ","img":"https://sgfm.elcorteingles.es/SGFM/dctm/MEDIA03/201611/25/00120605402948____1__600x600.jpg","price":"1,93 €","price_unit":"(5,51 € / Kilo)","categories":["Supermercado","Desayunos Dulces y pan","Desayunos, dulces y pan","Mermelada, confituras y miel","Mermelada y confitura de melocotón","HERO mermelada de melocotón sin trozos envase 350 g"],"general_information":["Denominación del alimento: Mermelada De Melocotón","País de origen: España","Nombre del operador: Hero España, S.A.","Dirección del operador: Avda. Murcia, 1 30820 Alcantarilla, Murcia","Cantidad Neta: 350 g"],"ingredients":[" Melocotón, azúcar, jarabe de glucosa y fructosa, gelificante (pectina), acidulante (ácido citrico), antioxidante (ácido L- ascórbico), conservantes (sorbato potásico y benzoato sódico) y endurecedor (cloruro cálcico)."],"conservation":" Conservar en lugar fresco y seco. Una vez abierto, mantener en el frigorífico.","ean":"8410175032898"},{"full_name":"HERO mermelada de melocotones de temporada frasco 350 g","name":"mermelada de melocotones de temporada frasco 350 g","brand":"HERO ","img":"https://sgfm.elcorteingles.es/SGFM/dctm/MEDIA02/CONTENIDOS/201512/29/00120605402682____1__600x600.jpg","price":"1,49 €","price_unit":"(4,26 € / Kilo)","categories":["Supermercado","Desayunos Dulces y pan","Desayunos, dulces y pan","Mermelada, confituras y miel","Mermelada y confitura de melocotón","HERO mermelada de melocotones de temporada frasco 350 g"],"general_information":["Denominación del alimento: Mermelada Extra de Melocotón de Temporada.","País de origen: España","Nombre del operador: Hero España, S.A.","Dirección del operador: Avda. Murcia, 1 30820 Alcantarilla, Murcia","Cantidad Neta: 350 g"],"ingredients":[" Melocotón, azúcar, gelificante ( pectina de citricos), zumo de limón a partir de concentrado y antioxidante (acido L-ascorbico). Elaborado con 50g de fruta por 100g. Contenido total de azúcares 50g por 100g."],"conservation":" Conservar en lugar fresco y seco. Una vez abierto, mantener en el frigorífico.","ean":"8410175032911"},{"full_name":"HERO mermelada de melocotones de temporada pack 2 frascos 700 g","name":"mermelada de melocotones de temporada pack 2 frascos  700 g","brand":"HERO ","img":"https://sgfm.elcorteingles.es/SGFM/dctm/MEDIA03/201610/05/00120605404548____1__600x600.jpg","price":"2,99 €","price_unit":"(4,27 € / Kilo)","categories":["Supermercado","Desayunos Dulces y pan","Desayunos, dulces y pan","Mermelada, confituras y miel","Mermelada y confitura de melocotón","HERO mermelada de melocotones de temporada pack 2 frascos 700 g"],"general_information":[],"ingredients":[],"ean":"8410175065858"},{"full_name":"HERO mermelada de melocotón de temporada light frasco 335 g","name":"mermelada de melocotón de temporada light frasco 335 g","brand":"HERO ","img":"https://sgfm.elcorteingles.es/SGFM/03/26/8/0120605403268/0120605403268000g01011.jpg","price":"1,81 €","price_unit":"(5,40 € / Kilo)","categories":["Supermercado","Desayunos Dulces y pan","Desayunos, dulces y pan","Mermelada, confituras y miel","Mermelada y confitura de melocotón","HERO mermelada de melocotón de temporada light frasco 335 g"],"general_information":["Denominación del alimento: Mermelada de Temporada Light de Melocotón.","País de origen: España","Nombre del operador: Hero España, S.A.","Dirección del operador: Avda. Murcia, 1 30820 Alcantarilla, Murcia","Cantidad Neta: 335 g"],"ingredients":[" Melocotón,  azúcar, gelificante (pectina de cítricos), zumo de limón  a partir de concentrado, conservante (sorbato potásico), antioxidante (ácido l-ascórbico) y edulcorante (glucósidos de esteviol)."],"conservation":" Conservar en lugar fresco y seco. Una vez abierto, mantener en el frigorífico.","ean":"8410175043474"},{"full_name":"HERO confitura de melocotón en 4 tarrinas individuales envase 100 g","name":"confitura de melocotón en 4 tarrinas individuales envase 100 g","brand":"HERO ","img":"https://sgfm.elcorteingles.es/SGFM/dctm/MEDIA03/201607/08/00120605404381____1__600x600.jpg","price":"1,20 €","price_unit":"(12 € / Kilo)","categories":["Supermercado","Desayunos Dulces y pan","Desayunos, dulces y pan","Mermelada, confituras y miel","Mermelada y confitura de melocotón","HERO confitura de melocotón en 4 tarrinas individuales envase 100 g"],"general_information":["Denominación del alimento: Confitura Extra De Melocotón","País de origen: España","Nombre del operador: Hero España, S.A.","Dirección del operador: Avda. Murcia, 1 30820 Alcantarilla, Murcia","Cantidad Neta: 100 g"],"ingredients":[" Pulpa de melocotón, azúcar, jarabe de glucosa, gelificante (pectina de cítricos), acidulante (ácido cítrico), antioxidante (ácido ascórbico)."],"conservation":" Conservar en lugar fresco y seco. Una vez abierto, mantener en el frigorífico.","ean":"8000080002378"},{"full_name":"HERO DIET confitura de melocotones con stevia frasco 280 g","name":"confitura de melocotones con stevia frasco 280 g","brand":"HERO DIET ","img":"https://sgfm.elcorteingles.es/SGFM/dctm/MEDIA02/CONTENIDOS/201512/29/00120605600194____2__600x600.jpg","price":"1,64 €","price_unit":"(5,86 € / Kilo)","categories":["Supermercado","Desayunos Dulces y pan","Desayunos, dulces y pan","Mermelada, confituras y miel","Mermelada y confitura de melocotón","HERO DIET confitura de melocotones con stevia frasco 280 g"],"general_information":["Denominación del alimento: Confitura De Melocotón","País de origen: España","Nombre del operador: Hero España, S.A.","Dirección del operador: Avda. Murcia, 1 30820 Alcantarilla, Murcia","Cantidad Neta: 280 g"],"ingredients":[" Melocotón, agua, edulcorantes (jarabe de sorbitol, ciclamato sódico y aspartame), gelificante ( pectina y cloruro de calcio) , acidulante (ácido cítrico), conservante (sorbato potásico), y antioxidante (ácido L-ascórbico)."],"conservation":" Conservar en lugar fresco y seco. Una vez abierto, mantener en el frigorífico.","ean":"8410175028259"},{"full_name":"HERO Zero mermelada de melocotón de temporada 100% fruta sin azúcares refinados frasco 285 g","name":"Zero mermelada de melocotón de temporada 100% fruta sin azúcares refinados frasco 285 g","brand":"HERO ","img":"https://sgfm.elcorteingles.es/SGFM/dctm/MEDIA03/201707/17/00120605600335____1__600x600.jpg","price":"2,12 €","price_unit":"(7,44 € / Kilo)","categories":["Supermercado","Desayunos Dulces y pan","Desayunos, dulces y pan","Mermelada, confituras y miel","Mermelada y confitura de melocotón","HERO Zero mermelada de melocotón de temporada 100% fruta sin azúcares refinados frasco 285 g"],"general_information":["Denominación del alimento: Mermelada De Melocotón.","País de origen: España","Nombre del operador: Hero España, S.A.","Dirección del operador: Avda. Murcia, 1 30820 Alcantarilla, Murcia","Cantidad Neta: 285 g"],"ingredients":[" Melocotón, mosto concentrado, concentrado de manzana, zumo de limón a partir de concentrado y gelificante (pecticina de cítricos). Contenido total de azúcares 50 gr por 100 gr. Elaborado con 50 gr de melocotón por 100 gr. Contiene azúcares naturalmente presentes. Sin conservantes ni colorantes."],"conservation":" Una vez abierto conservar en el frigorífico.","ean":"8410175066428"},{"full_name":"HELIOS mermelada extra de melocotón 60% de fruta frasco 340 g","name":"mermelada extra de melocotón 60% de fruta frasco 340 g","brand":"HELIOS ","img":"https://sgfm.elcorteingles.es/SGFM/dctm/MEDIA03/201607/27/00120605400371____1__600x600.jpg","price":"1,37 €","price_unit":"(4,03 € / Kilo)","categories":["Supermercado","Desayunos Dulces y pan","Desayunos, dulces y pan","Mermelada, confituras y miel","Mermelada y confitura de melocotón","HELIOS mermelada extra de melocotón 60% de fruta frasco 340 g"],"general_information":["Denominación del alimento: Mermelada extra de melocotón","Nombre del operador: DULCES Y CONSERVAS HELIOS S.A.","Dirección del operador: Carretera de Salamanca, nº44, 47195 Arroyo de la Encomienda","Cantidad Neta: 340 g"],"ingredients":[" Melocotón, azúcar, pectina de fruta, ácido cítrico."],"conservation":" Conservese en lugar fresco y seco. Una vez abierto conservesé en el frigorifico","ean":"8410095001851"},{"full_name":"HELIOS confitura natural de melocotón con 59% de fruta y azúcar moreno de caña frasco 330 g","name":"confitura natural de melocotón con 59% de fruta y azúcar moreno de caña frasco 330 g","brand":"HELIOS ","img":"https://sgfm.elcorteingles.es/SGFM/dctm/MEDIA03/201704/04/00120605404852____1__600x600.jpg","price":"2,11 €            ","price_unit":"(6,27 € / Kilo)","categories":["Supermercado","Desayunos Dulces y pan","Desayunos, dulces y pan","Mermelada, confituras y miel","Mermelada y confitura de melocotón","HELIOS confitura natural de melocotón con 59% de fruta y azúcar moreno de caña frasco 330 g"],"general_information":["Denominación del alimento: Confitura Natural Melocoton","Nombre del operador: DULCES Y CONSERVAS HELIOS S.A.","Dirección del operador: Carretera de Salamanca, nº44, 47195 Arroyo de la Encomienda","Cantidad Neta: 330 g"],"ingredients":[" Melocotón, azúcar moreno de caña, zumo de limón, espesante: pectina de frutas (si los melocotones no contienen suficiente)"],"conservation":" Conservese en lugar fresco y seco. Una vez abierto conservesé en el frigorifico","ean":"8410095507001"},{"full_name":"HELIOS Frutapunto mermelada de melocotón extra antigoteo envase 350 g","name":"Frutapunto mermelada de melocotón extra antigoteo envase 350 g","brand":"HELIOS ","img":"https://sgfm.elcorteingles.es/SGFM/01/72/6/0120605401726/0120605401726000g01011.jpg","price":"2,32 €","price_unit":"(6,63 € / Kilo)","categories":["Supermercado","Desayunos Dulces y pan","Desayunos, dulces y pan","Mermelada, confituras y miel","Mermelada y confitura de melocotón","HELIOS Frutapunto mermelada de melocotón extra antigoteo envase 350 g"],"general_information":["Denominación del alimento: Mermelada extra de melocotón en formato antigoteo","Nombre del operador: DULCES Y CONSERVAS HELIOS S.A.","Dirección del operador: Carretera de Salamanca, nº44, 47195 Arroyo de la Encomienda","Cantidad Neta: 350 g"],"ingredients":[" Melocotón, jarabe de glucosa y fructosa, azúcar, espesantes: pectina y goma de garrofín, acidulante: ácido cítrico, conservadores: sorbato potásico y benzoato sódico."],"conservation":" Conservese en lugar fresco y seco. Una vez abierto conservesé en el frigorifico","ean":"8410095501726"},{"full_name":"HELIOS Diet mermelada de melocotón sin azúcar y sin gluten frasco 280 g","name":"Diet mermelada de melocotón sin azúcar y sin gluten frasco 280 g","brand":"HELIOS ","img":"https://sgfm.elcorteingles.es/SGFM/00/02/0/0120605600020/0120605600020000g01011.jpg","price":"1,59 €","price_unit":"(5,68 € / Kilo)","categories":["Supermercado","Desayunos Dulces y pan","Desayunos, dulces y pan","Mermelada, confituras y miel","Mermelada y confitura de melocotón","HELIOS Diet mermelada de melocotón sin azúcar y sin gluten frasco 280 g"],"general_information":["Denominación del alimento: Mermelada Melocotón Diet","Nombre del operador: DULCES Y CONSERVAS HELIOS S.A.","Dirección del operador: Carretera de Salamanca, nº44, 47195 Arroyo de la Encomienda","Cantidad Neta: 280 g"],"ingredients":[" Melocotón, agua, fibra, edulcorantes (maltitol y sucralosa), espesante: pectina, acidulante: ácido cítrico  conservador: E-202 y aroma."],"conservation":" Conservese en lugar fresco y seco. Una vez abierto conservesé en el frigorifico","ean":"8410095008461"},{"full_name":"HELIOS confitura de melocotón pack 8 unidades envase 25 g","name":"confitura de melocotón pack 8 unidades envase 25 g","brand":"HELIOS ","img":"https://sgfm.elcorteingles.es/SGFM/00/78/1/0200205400781/0200205400781000g01011.jpg","price":"1,05 €","price_unit":"(5,25 € / Kilo)","categories":["Supermercado","Desayunos Dulces y pan","Desayunos, dulces y pan","Mermelada, confituras y miel","Mermelada y confitura de melocotón","HELIOS confitura de melocotón pack 8 unidades envase 25 g"],"general_information":["Denominación del alimento: Mermelada extra Melocotón 25g x 8 porciones","Nombre del operador: DULCES Y CONSERVAS HELIOS S.A.","Dirección del operador: Carretera de Salamanca, nº44, 47195 Arroyo de la Encomienda","Cantidad Neta: 200 g"],"ingredients":[" Melocotón, azucar, jarabe de glucosa y fructosa, espesante: pectina, acidulante: ácido cítrico, conservadores: benzoato sódico, sorbáto postásico,, antioxidante: ácido ascórbico"],"conservation":" Conservese en lugar fresco y seco. Una vez abierto conservesé en el frigorifico","ean":"8410095003534"},{"full_name":"BEBE mermelada de melocotón frasco 340 g","name":"mermelada de melocotón frasco 340 g","brand":"BEBE ","img":"https://sgfm.elcorteingles.es/SGFM/dctm/MEDIA03/201606/22/00120605400306____1__600x600.jpg","price":"2,62 €","price_unit":"(7,71 € / Kilo)","categories":["Supermercado","Desayunos Dulces y pan","Desayunos, dulces y pan","Mermelada, confituras y miel","Mermelada y confitura de melocotón","BEBE mermelada de melocotón frasco 340 g"],"general_information":["Denominación del alimento: Mermelada extra Melocotón","Nombre del operador: IBERFRUTA MUERZA SA","Dirección del operador: Poligono industrial nº 45, 31570 San adrián, Navarra","Cantidad Neta: 340 g"],"ingredients":[" Melocotón, azúcar, jarabe de glucosa y fructosa,  espesantes: pectina y harina semillas de garrofín."],"conservation":" Conservese en lugar fresco y seco. Una vez abierto conservesé en el frigorifico","ean":"8436026160046"},{"full_name":"LA VIEJA FABRICA mermelada de melocotón frasco 350 g","name":"mermelada de melocotón frasco 350 g","brand":"LA VIEJA FABRICA ","img":"https://sgfm.elcorteingles.es/SGFM/dctm/MEDIA03/201606/22/00120605400652____3__600x600.jpg","price":"1,66 €","price_unit":"(4,74 € / Kilo)","categories":["Supermercado","Desayunos Dulces y pan","Desayunos, dulces y pan","Mermelada, confituras y miel","Mermelada y confitura de melocotón","LA VIEJA FABRICA mermelada de melocotón frasco 350 g"],"general_information":["Denominación del alimento: Mermelada de melocotón","Nombre del operador: Ángel Camacho Alimentación, S.L.","Dirección del operador: Avda. del Pilar, 6 - 41530 Morón de la Frontera (Sevilla)","Lugar de procedencia del alimento: Producto de España","Cantidad Neta: 350 g","Otras menciones obligatorias en la etiqueta: Elaborado con  45 g de melocotón por 100 g. Contenido total de azucares 55 g por 100 g."],"ingredients":[" Melocotón, azúcar, gelificante (pectina), corrector de acidez (ácido cítrico), conservador (E-202), antioxidante (ácido ascórbico)."],"conservation":" Una vez abierto conservar refrigerado","ean":"8414555008008"},{"full_name":"LA VIEJA FABRICA Diet mermelada de melocotón sin azúcar frasco 280 g","name":"Diet mermelada de melocotón sin azúcar frasco 280 g","brand":"LA VIEJA FABRICA ","img":"https://sgfm.elcorteingles.es/SGFM/00/25/1/0120605600251/0120605600251000g01011.jpg","price":"1,66 €","price_unit":"(5,93 € / Kilo)","categories":["Supermercado","Desayunos Dulces y pan","Desayunos, dulces y pan","Mermelada, confituras y miel","Mermelada y confitura de melocotón","LA VIEJA FABRICA Diet mermelada de melocotón sin azúcar frasco 280 g"],"general_information":["Denominación del alimento: Mermelada de melocotón diet","Nombre del operador: Ángel Camacho Alimentación, S.L.","Dirección del operador: Avda. del Pilar, 6 - 41530 Morón de la Frontera (Sevilla)","Lugar de procedencia del alimento: Producto de España","Cantidad Neta: 280 g","Otras menciones obligatorias en la etiqueta: Apta para diabéticos. Elaborado con  55 g de melocotón por 100 g. Contenido total de azucares 42 g por 100 g."],"ingredients":[" Melocotón, fructosa, gelificante (pectina), corrector de acidez (ácido cítrico), conservador (E-202), antioxidante (ácido ascórbico)."],"conservation":" Una vez abierto conservar refrigerado","ean":"8410134019458"},{"full_name":"LA VIEJA FABRICA Cremosa mermelada de melocotón tarro 350 g","name":"Cremosa mermelada de melocotón tarro 350 g","brand":"LA VIEJA FABRICA ","img":"https://sgfm.elcorteingles.es/SGFM/dctm/MEDIA03/201703/13/00120605403367____2__600x600.jpg","price":"1,72 €","price_unit":"(4,91 € / Kilo)","categories":["Supermercado","Desayunos Dulces y pan","Desayunos, dulces y pan","Mermelada, confituras y miel","Mermelada y confitura de melocotón","LA VIEJA FABRICA Cremosa mermelada de melocotón tarro 350 g"],"general_information":["Denominación del alimento: Mermelada de melocotón","Nombre del operador: Ángel Camacho Alimentación, S.L.","Dirección del operador: Avda. del Pilar, 6 - 41530 Morón de la Frontera (Sevilla)","Lugar de procedencia del alimento: Producto de España","Cantidad Neta: 350 g","Otras menciones obligatorias en la etiqueta: Elaborado con  45 g de melocotón por 100 g. Contenido total de azúcares 52 g por 100 g."],"ingredients":[" Melocotón, azúcar, agua, gelificante (pectina), corrector de acidez (ácido cítrico), antioxidante (ácido ascórbico), conservador (sorbato potásico)."],"conservation":" Una vez abierto conservar refrigerado","ean":"8410134019694"},{"full_name":"BONNE MAMAN confitura de melocotón frasco 370 g","name":"confitura de melocotón frasco 370 g","brand":"BONNE MAMAN ","img":"https://sgfm.elcorteingles.es/SGFM/00/73/6/0120605400736/0120605400736000g01011.jpg","price":"2,42 €","price_unit":"(6,54 € / Kilo)","categories":["Supermercado","Desayunos Dulces y pan","Desayunos, dulces y pan","Mermelada, confituras y miel","Mermelada y confitura de melocotón","BONNE MAMAN confitura de melocotón frasco 370 g"],"general_information":["Denominación del alimento: Confitura de melocotón","Nombre del operador: Productos alimentarios Andros España S.L.","Dirección del operador: Sallurtiarra, s/n -  01200 Salvatierra (Álava)","Lugar de procedencia del alimento: Francia.","Cantidad Neta: 370 g"],"ingredients":[" Melocotones, azúcar moreno de caña, jugo concentrado de limón, agente gelificante: pectina de fruta.Puede contener pepitas."],"conservation":" Conservar en lugar fresco y seco. Una vez abierto, mantener refrigerado.","ean":"3045320007671"},{"full_name":"ST. DALFOUR Rapsodia de frutas mermelada de melocotones de oro frasco 284 g","name":"Rapsodia de frutas mermelada de melocotones de oro frasco 284 g","brand":"ST. DALFOUR ","img":"https://sgfm.elcorteingles.es/SGFM/01/11/4/0120605401114/0120605401114000g01011.jpg","price":"3,38 €","price_unit":"(11,90 € / Kilo)","categories":["Supermercado","Desayunos Dulces y pan","Desayunos, dulces y pan","Mermelada, confituras y miel","Mermelada y confitura de melocotón","ST. DALFOUR Rapsodia de frutas mermelada de melocotones de oro frasco 284 g"],"general_information":["Denominación del alimento: Rapsodia de frutas","País de origen: Francia","Nombre del operador: St. Dalfour SAS","Dirección del operador: Chemin de Cazeaux - 47200 Marmande (France)","Cantidad Neta: 284 g"],"ingredients":[" Melocotones (51%), zumo de frutas concentrado (uva y dátil), zumo de limón, pectina de fruta"],"conservation":" Conservar en frio una vez abierto","ean":"0084380957642"},{"full_name":"FET A SOLLER confitura de melocotón frasco 225 g","name":"confitura de melocotón frasco 225 g","brand":"FET A SOLLER ","img":"https://sgfm.elcorteingles.es/SGFM/00/93/4/0120605400934/0120605400934000g01011.jpg","price":"4,75 €","price_unit":"(21,11 € / Kilo)","categories":["Supermercado","Desayunos Dulces y pan","Desayunos, dulces y pan","Mermelada, confituras y miel","Mermelada y confitura de melocotón","FET A SOLLER confitura de melocotón frasco 225 g"],"general_information":["Denominación del alimento: Confitura","Nombre del operador: Centre Esp.Ocupació Estel Nou","Dirección del operador: C/ Andreu Coll 31 - 33, 07100 Sóller, España.","Cantidad Neta: 225 g"],"ingredients":[" Melocotón (67g de melocotón por 100g de producto), azúcar y zumo de limón."],"conservation":" Una vez abierto, conservar en el frigorífico. Mantener en lugar seco y fresco. Proteger de la luz.","ean":"8436015960091"},{"full_name":"LIEBANATURAL mermelada de melocotón envase 360 g","name":"mermelada de melocotón envase 360 g","brand":"LIEBANATURAL ","img":"https://sgfm.elcorteingles.es/SGFM/01/62/3/0200205401623/0200205401623000g01011.jpg","price":"4,40 €","price_unit":"(12,22 € / Kilo)","categories":["Supermercado","Desayunos Dulces y pan","Desayunos, dulces y pan","Mermelada, confituras y miel","Mermelada y confitura de melocotón","LIEBANATURAL mermelada de melocotón envase 360 g"],"general_information":[],"ingredients":[],"ean":"8437005636040"},{"full_name":"LAS DOÑAS mermelada extra de melocotón con lavanda 100% natural frasco 290 g","name":"mermelada extra de melocotón con lavanda 100% natural frasco 290 g","brand":"LAS DOÑAS ","img":"https://sgfm.elcorteingles.es/SGFM/dctm/MEDIA03/201605/05/00120605404332____1__600x600.jpg","price":"4,39 €","price_unit":"(15,14 € / Kilo)","categories":["Supermercado","Desayunos Dulces y pan","Desayunos, dulces y pan","Mermelada, confituras y miel","Mermelada y confitura de melocotón","LAS DOÑAS mermelada extra de melocotón con lavanda 100% natural frasco 290 g"],"general_information":[],"ingredients":[],"ean":"8414606938513"},{"full_name":"SANTIVERI mermelada de melocotón con stevia sin azúcares añadidos tarro 295 g","name":"mermelada de melocotón con stevia sin azúcares añadidos tarro 295 g","brand":"SANTIVERI ","img":"https://sgfm.elcorteingles.es/SGFM/dctm/MEDIA03/201611/25/00120710901545____1__600x600.jpg","price":"2,70 €","categories":["Supermercado","Desayunos Dulces y pan","Desayunos, dulces y pan","Mermelada, confituras y miel","Mermelada y confitura de melocotón","SANTIVERI mermelada de melocotón con stevia sin azúcares añadidos tarro 295 g"],"general_information":["Denominación del alimento: MERMELADA DE MELOCOTÓN CON EDULCORA","Nombre del operador: CASA SANTIVERI S.L.","Dirección del operador: ENCUNY 8, 08038 BARCELONA","Cantidad Neta: 295 g"],"ingredients":[" melocotón, agua, isomaltosa (edulcorante), glucósidos de esteviol (edulcorante), extracto de manzana, pectina (espesante), goma de garrofín (espesante), zumo de limón, ácido ascórbico (antioxidante)"],"ean":"8412170035010"},{"full_name":"ALIADA mermelada de albaricoque tarro 410 g","name":"mermelada de albaricoque tarro 410 g","brand":"ALIADA ","img":"https://sgfm.elcorteingles.es/SGFM/dctm/MEDIA02/CONTENIDOS/201505/28/00120605403797____1__600x600.jpg","price":"0,88 €","price_unit":"(2,15 € / Kilo)","categories":["Supermercado","Desayunos Dulces y pan","Desayunos, dulces y pan","Mermelada, confituras y miel","Mermelada y confitura de albaricoque","ALIADA mermelada de albaricoque tarro 410 g"],"general_information":["Denominación del alimento: Mermelada extra de albaricoque","Nombre del operador: Elaborado para el Grupo El Corte Inglés \nHermosilla, 112   28009 Madrid-España\npor CIF: A47002878","Cantidad Neta: 410 g"],"ingredients":[" Ingredientes: Albaricoque (55%), azúcar, jarabe de glucosa y fructosa, espesante: pectina y acidulante: ácido cítrico."],"conservation":" Conservar en lugar fresco y seco. Una vez abierto almacenar en frigorífico.","ean":"8433329059626"},{"full_name":"ALIADA mermelada de albaricoque light sin azúcares añadidos tarro 330 g","name":"mermelada de albaricoque light sin azúcares añadidos tarro 330 g","brand":"ALIADA ","img":"https://sgfm.elcorteingles.es/SGFM/dctm/MEDIA02/CONTENIDOS/201507/23/00120605403870____1__600x600.jpg","price":"1,17 €","price_unit":"(3,55 € / Kilo)","categories":["Supermercado","Desayunos Dulces y pan","Desayunos, dulces y pan","Mermelada, confituras y miel","Mermelada y confitura de albaricoque","ALIADA mermelada de albaricoque light sin azúcares añadidos tarro 330 g"],"general_information":["Denominación del alimento: Mermelada de albaricoque light con edulcorantes","Nombre del operador: Elaborado para el Grupo El Corte Inglés \nHermosilla, 112   28009 Madrid-España \npor NIF A31345861","Cantidad Neta: 330 g"],"ingredients":[" Ingredientes: Albaricoque (55%), agua, edulcorantes (jarabe de maltitol, sucralosa), espesante (pectina), acidulante (ácido cítrico) y conservador (sorbato potásico)."],"conservation":" Conservar en lugar fresco y seco. Una vez abierto almacenar en frigorífico.","ean":"8433329060028"},{"full_name":"HERO confitura de albaricoques selectos frasco 345 g","name":"confitura de albaricoques selectos frasco 345 g","brand":"HERO ","img":"https://sgfm.elcorteingles.es/SGFM/dctm/MEDIA02/CONTENIDOS/201512/29/00120605400421____1__600x600.jpg","price":"1,46 €","price_unit":"(4,23 € / Kilo)","categories":["Supermercado","Desayunos Dulces y pan","Desayunos, dulces y pan","Mermelada, confituras y miel","Mermelada y confitura de albaricoque","HERO confitura de albaricoques selectos frasco 345 g"],"general_information":["Denominación del alimento: Confitura De Albaricoque","País de origen: España","Nombre del operador: Hero España, S.A.","Dirección del operador: Avda. Murcia, 1 30820 Alcantarilla, Murcia","Cantidad Neta: 345 g"],"ingredients":[" Albaricoque, azúcar, jarabe de glucosa y fructosa, gelificante (pectina),acidulante (ác cítrico),  y antioxidante (ác L-ascórbico)."],"conservation":" Conservar en lugar fresco y seco. Una vez abierto, mantener en el frigorífico.","ean":"8410175010155"},{"full_name":"HERO DIET confitura de albaricoques con stevia frasco 280 g","name":"confitura de albaricoques con stevia frasco 280 g","brand":"HERO DIET ","img":"https://sgfm.elcorteingles.es/SGFM/dctm/MEDIA02/CONTENIDOS/201512/29/00120605600210____1__600x600.jpg","price":"1,61 €","price_unit":"(5,75 € / Kilo)","categories":["Supermercado","Desayunos Dulces y pan","Desayunos, dulces y pan","Mermelada, confituras y miel","Mermelada y confitura de albaricoque","HERO DIET confitura de albaricoques con stevia frasco 280 g"],"general_information":["Denominación del alimento: Confitura Extra De Albaricoque De Valor Energético Reducido Con Edulcorantes","País de origen: España","Nombre del operador: Hero España, S.A.","Dirección del operador: Avda. Murcia, 1 30820 Alcantarilla, Murcia","Cantidad Neta: 280 g"],"ingredients":[" Albaricoque, agua, edulcorantes (jarabe de sorbitol, ciclamato sódico y aspartame), gelificante (pectina y cloruro de calcio ), conservante (sorbato potásico), acidulante (ácido cítrico) y antioxidante (ácido L-ascórbico)."],"conservation":" Conservar en lugar fresco y seco. Una vez abierto, mantener en el frigorífico.","ean":"8410175025159"},{"full_name":"HELIOS mermelada extra de albaricoque 60% fruta frasco 340 g","name":"mermelada extra de albaricoque 60% fruta frasco 340 g","brand":"HELIOS ","img":"https://sgfm.elcorteingles.es/SGFM//00/34/8/0120605400348/0120605400348000g01011.jpg","price":"1,37 €","price_unit":"(4,03 € / Kilo)","categories":["Supermercado","Desayunos Dulces y pan","Desayunos, dulces y pan","Mermelada, confituras y miel","Mermelada y confitura de albaricoque","HELIOS mermelada extra de albaricoque 60% fruta frasco 340 g"],"general_information":["Denominación del alimento: Mermelada albaricoque extra","Nombre del operador: DULCES Y CONSERVAS HELIOS S.A.","Dirección del operador: Carretera de Salamanca, nº44, 47195 Arroyo de la Encomienda","Cantidad Neta: 340 g"],"ingredients":[" Albaricoque, azúcar, pectina de fruta, ácido cítrico."],"conservation":" Conservese en lugar fresco y seco. Una vez abierto conservesé en el frigorifico","ean":"8410095001806"},{"full_name":"BEBE mermelada de albaricoque frasco 340 g","name":"mermelada de albaricoque frasco 340 g","brand":"BEBE ","img":"https://sgfm.elcorteingles.es/SGFM/dctm/MEDIA03/201606/22/00120605400280____1__600x600.jpg","price":"2,18 €","price_unit":"(6,41 € / Kilo)","categories":["Supermercado","Desayunos Dulces y pan","Desayunos, dulces y pan","Mermelada, confituras y miel","Mermelada y confitura de albaricoque","BEBE mermelada de albaricoque frasco 340 g"],"general_information":["Denominación del alimento: Mermelada extra de albaricoque","Nombre del operador: IBERFRUTA MUERZA SA","Dirección del operador: Poligono industrial nº 45, 31570 San adrián, Navarra","Cantidad Neta: 340 g"],"ingredients":[" Albaricoque, azúcar, jarabe de glucosa y fructosa, espesantes: pectina de frutas  y harina de semillas de garrofín."],"conservation":" Conservese en lugar fresco y seco. Una vez abierto conservesé en el frigorifico","ean":"8436026160015"},{"full_name":"LA VIEJA FABRICA mermelada de albaricoque frasco 350 g","name":"mermelada de albaricoque frasco 350 g","brand":"LA VIEJA FABRICA ","img":"https://sgfm.elcorteingles.es/SGFM/dctm/MEDIA03/201606/22/00120605400645____2__600x600.jpg","price":"1,71 €","price_unit":"(4,89 € / Kilo)","categories":["Supermercado","Desayunos Dulces y pan","Desayunos, dulces y pan","Mermelada, confituras y miel","Mermelada y confitura de albaricoque","LA VIEJA FABRICA mermelada de albaricoque frasco 350 g"],"general_information":["Denominación del alimento: Mermelada de albaricoque","Nombre del operador: Ángel Camacho Alimentación, S.L.","Dirección del operador: Avda. del Pilar, 6 - 41530 Morón de la Frontera (Sevilla)","Lugar de procedencia del alimento: Producto de España","Cantidad Neta: 350 g","Otras menciones obligatorias en la etiqueta: Elaborado con  45 g de albaricoques por 100 g. Contenido total de azucares 55 g por 100 g."],"ingredients":[" Albaricoques, azúcar, gelificante (pectina), corrector de acidez (ácido cítrico), conservador (E-202)."],"conservation":" Una vez abierto conservar refrigerado","ean":"8414555005007"},{"full_name":"LA VIEJA FABRICA Diet mermelada de albaricoque sin azúcar frasco 280 g","name":"Diet mermelada de albaricoque sin azúcar frasco 280 g","brand":"LA VIEJA FABRICA ","img":"https://sgfm.elcorteingles.es/SGFM/00/23/6/0120605600236/0120605600236000g01011.jpg","price":"1,69 €","price_unit":"(6,04 € / Kilo)","categories":["Supermercado","Desayunos Dulces y pan","Desayunos, dulces y pan","Mermelada, confituras y miel","Mermelada y confitura de albaricoque","LA VIEJA FABRICA Diet mermelada de albaricoque sin azúcar frasco 280 g"],"general_information":["Denominación del alimento: Mermelada de albaricoque diet","Nombre del operador: Ángel Camacho Alimentación, S.L.","Dirección del operador: Avda. del Pilar, 6 - 41530 Morón de la Frontera (Sevilla)","Lugar de procedencia del alimento: Producto de España","Cantidad Neta: 280 g","Otras menciones obligatorias en la etiqueta: Apta para diabéticos. Elaborado con  55 g de albaricoques por 100 g. Contenido total de azucares 42 g por 100 g."],"ingredients":[" Albaricoque, fructosa, gelificante (pectina), corrector de acidez (ácido cítrico), conservador (E-202)."],"conservation":" Una vez abierto conservar refrigerado","ean":"8410134019410"},{"full_name":"BONNE MAMAN confitura de albaricoque frasco 370 g","name":"confitura de albaricoque frasco 370 g","brand":"BONNE MAMAN ","img":"https://sgfm.elcorteingles.es/SGFM/dctm/MEDIA02/CONTENIDOS/201510/29/00120605400744____1__600x600.jpg","price":"2,33 €","price_unit":"(6,30 € / Kilo)","categories":["Supermercado","Desayunos Dulces y pan","Desayunos, dulces y pan","Mermelada, confituras y miel","Mermelada y confitura de albaricoque","BONNE MAMAN confitura de albaricoque frasco 370 g"],"general_information":["Denominación del alimento: Confitura de albaricoque","Nombre del operador: Productos alimentarios Andros España S.L.","Dirección del operador: Sallurtiarra, s/n -  01200 Salvatierra (Álava)","Lugar de procedencia del alimento: Francia.","Cantidad Neta: 370 g"],"ingredients":[" Albaricoques, azúcar, azúcar moreno de caña, jugo concentrado de limón, gelificante: pectina de frutas.Puede contener pepitas."],"conservation":" Conservar en lugar fresco y seco. Una vez abierto, mantener refrigerado.","ean":"3045320007664"},{"full_name":"ST. DALFOUR Rapsodia de frutas mermelada de albaricoques extra frasco 284 g","name":"Rapsodia de frutas mermelada de albaricoques extra frasco 284 g","brand":"ST. DALFOUR ","img":"https://sgfm.elcorteingles.es/SGFM/01/12/2/0120605401122/0120605401122000g01011.jpg","price":"3,38 €","price_unit":"(11,90 € / Kilo)","categories":["Supermercado","Desayunos Dulces y pan","Desayunos, dulces y pan","Mermelada, confituras y miel","Mermelada y confitura de albaricoque","ST. DALFOUR Rapsodia de frutas mermelada de albaricoques extra frasco 284 g"],"general_information":["Denominación del alimento: Rapsodia de frutas","País de origen: Francia","Nombre del operador: St. Dalfour SAS","Dirección del operador: Chemin de Cazeaux - 47200 Marmande (France)","Cantidad Neta: 284 g"],"ingredients":[" Albaricoques (51%), zumo de frutas concentrado (uva y dátil), pectina de fruta, zumo de limón"],"conservation":" Conservar en frio una vez abierto","ean":"0084380957543"},{"full_name":"FET A SOLLER confitura de albaricoque frasco 225 g","name":"confitura de albaricoque frasco 225 g","brand":"FET A SOLLER ","img":"https://sgfm.elcorteingles.es/SGFM/dctm/MEDIA02/CONTENIDOS/201410/30/00120605400926____1__600x600.jpg","price":"4,75 €","price_unit":"(21,11 € / Kilo)","categories":["Supermercado","Desayunos Dulces y pan","Desayunos, dulces y pan","Mermelada, confituras y miel","Mermelada y confitura de albaricoque","FET A SOLLER confitura de albaricoque frasco 225 g"],"general_information":["Denominación del alimento: Confitura Albaricoque Porreres","País de origen: España","Nombre del operador: Sa Fabrica De Gelats S.L.","Dirección del operador: Plaça des Mercat, 07100 Sóller","Lugar de procedencia del alimento: Mallorca","Cantidad Neta: 225 g"],"ingredients":[" Albaricoque (67 g de fruta por 100 de producto), azúcar y zumo de limón."],"conservation":" Conservar en lugar fresco y seco.","ean":"8436015960084"},{"full_name":"LIEBANATURAL mermelada de albaricoque envase 360 g","name":"mermelada de albaricoque envase 360 g","brand":"LIEBANATURAL ","img":"https://sgfm.elcorteingles.es/SGFM/01/63/1/0200205401631/0200205401631000g01011.jpg","price":"4,40 €","price_unit":"(12,22 € / Kilo)","categories":["Supermercado","Desayunos Dulces y pan","Desayunos, dulces y pan","Mermelada, confituras y miel","Mermelada y confitura de albaricoque","LIEBANATURAL mermelada de albaricoque envase 360 g"],"general_information":[],"ingredients":[],"ean":"8437005636057"},{"full_name":"ALIADA mermelada de frambuesa tarro 410 g","name":"mermelada de frambuesa tarro 410 g","brand":"ALIADA ","img":"https://sgfm.elcorteingles.es/SGFM/dctm/MEDIA02/CONTENIDOS/201505/28/00120605403813____1__600x600.jpg","price":"1,28 €","price_unit":"(3,12 € / Kilo)","categories":["Supermercado","Desayunos Dulces y pan","Desayunos, dulces y pan","Mermelada, confituras y miel","Mermelada y confitura de frambuesa","ALIADA mermelada de frambuesa tarro 410 g"],"general_information":["Denominación del alimento: Mermelada extra de frambuesa","Nombre del operador: Elaborado para el Grupo El Corte Inglés \nHermosilla, 112   28009 Madrid-España\npor CIF: A47002878","Cantidad Neta: 410 g"],"ingredients":[" Ingredientes: Frambuesa (55%), azúcar, jarabe de glucosa y fructosa, espesante: pectina y acidulante: ácido cítrico."],"conservation":" Conservar en lugar fresco y seco. Una vez abierto almacenar en frigorífico.","ean":"8433329059640"},{"full_name":"ALIADA mermelada de frambuesa light sin azúcares añadidos tarro 330 g","name":"mermelada de frambuesa light sin azúcares añadidos tarro 330 g","brand":"ALIADA ","img":"https://sgfm.elcorteingles.es/SGFM/dctm/MEDIA02/CONTENIDOS/201507/23/00120605403896____1__600x600.jpg","price":"1,42 €","price_unit":"(4,30 € / Kilo)","categories":["Supermercado","Desayunos Dulces y pan","Desayunos, dulces y pan","Mermelada, confituras y miel","Mermelada y confitura de frambuesa","ALIADA mermelada de frambuesa light sin azúcares añadidos tarro 330 g"],"general_information":["Denominación del alimento: Mermelada de frambuesa light con edulcorantes","Nombre del operador: Elaborado para el Grupo El Corte Inglés \nHermosilla, 112   28009 Madrid-España \npor NIF A31345861","Cantidad Neta: 330 g"],"ingredients":[" Ingredientes: Frambuesa (55%), agua, edulcorantes (jarabe de maltitol, sucralosa), espesante (pectina), concentrado de saúco, acidulante (ácido cítrico) y conservador (sorbato potásico)"],"conservation":" Conservar en lugar fresco y seco. Una vez abierto almacenar en frigorífico.","ean":"8433329060042"},{"full_name":"HERO confitura extra de frambuesas selectas frasco 345 g","name":"confitura extra de frambuesas selectas frasco 345 g","brand":"HERO ","img":"https://sgfm.elcorteingles.es/SGFM/dctm/MEDIA02/CONTENIDOS/201512/29/00120605400587____1__600x600.jpg","price":"1,76 €","price_unit":"(5,10 € / Kilo)","categories":["Supermercado","Desayunos Dulces y pan","Desayunos, dulces y pan","Mermelada, confituras y miel","Mermelada y confitura de frambuesa","HERO confitura extra de frambuesas selectas frasco 345 g"],"general_information":["Denominación del alimento: Confitura De Frambuesa","País de origen: España","Nombre del operador: Hero España, S.A.","Dirección del operador: Avda. Murcia, 1 30820 Alcantarilla, Murcia","Cantidad Neta: 345 g"],"ingredients":[" Frambuesa, azúcar, jarabe de glucosa y fructosa, gelificante (pectina), correctores de acidez (ácido cítrico y citrato sódico)y concentrado de sauco."],"conservation":" Conservar en lugar fresco y seco. Una vez abierto, mantener en el frigorífico.","ean":"8410175011558"},{"full_name":"HERO mermelada de frambuesa de temporada light frasco 335 g","name":"mermelada de frambuesa de temporada light frasco 335 g","brand":"HERO ","img":"https://sgfm.elcorteingles.es/SGFM/03/27/6/0120605403276/0120605403276000g01011.jpg","price":"1,81 €","price_unit":"(5,40 € / Kilo)","categories":["Supermercado","Desayunos Dulces y pan","Desayunos, dulces y pan","Mermelada, confituras y miel","Mermelada y confitura de frambuesa","HERO mermelada de frambuesa de temporada light frasco 335 g"],"general_information":["Denominación del alimento: Mermelada Extra de Frambuesa con azúcar y edulcorante.","País de origen: España","Nombre del operador: Hero España, S.A.","Dirección del operador: Avda. Murcia, 1 30820 Alcantarilla, Murcia","Cantidad Neta: 335 g"],"ingredients":[" Frambuesa, azúcar, gelificante ( pectina de citricos), zumo de limón y zumo de sauco a partir de concentrado, conservante (sorbato potásico) y edulcorante (glucósidos de esteviol). Elaborado con 50g de fruta por 100g. Contenido total de azúcares 35g por 100g."],"conservation":" Conservar en lugar fresco y seco. Una vez abierto, mantener en el frigorífico.","ean":"8410175043481"},{"full_name":"LA VIEJA FABRICA mermelada de frambuesas frasco 350 g","name":"mermelada de frambuesas frasco 350 g","brand":"LA VIEJA FABRICA ","img":"https://sgfm.elcorteingles.es/SGFM/dctm/MEDIA03/201606/22/00120605400629____2__600x600.jpg","price":"1,75 €","price_unit":"(5 € / Kilo)","categories":["Supermercado","Desayunos Dulces y pan","Desayunos, dulces y pan","Mermelada, confituras y miel","Mermelada y confitura de frambuesa","LA VIEJA FABRICA mermelada de frambuesas frasco 350 g"],"general_information":["Denominación del alimento: Mermelada de frambuesas","Nombre del operador: Ángel Camacho Alimentación, S.L.","Dirección del operador: Avda. del Pilar, 6 - 41530 Morón de la Frontera (Sevilla)","Lugar de procedencia del alimento: Producto de España","Cantidad Neta: 350 g","Otras menciones obligatorias en la etiqueta: Elaborado con  45 g de frambuesas por 100 g. Contenido total de azucares 50 g por 100 g."],"ingredients":[" Frambuesas, azúcar, gelificante (pectina), corrector de acidez (ácido cítrico), conservador (E-202)."],"conservation":" Una vez abierto conservar refrigerado","ean":"8414555004000"},{"full_name":"LA VIEJA FABRICA Diet mermelada de frambuesa sin azúcar frasco 280 g","name":"Diet mermelada de frambuesa sin azúcar frasco 280 g","brand":"LA VIEJA FABRICA ","img":"https://sgfm.elcorteingles.es/SGFM/00/26/9/0120605600269/0120605600269000g01011.jpg","price":"1,73 €","price_unit":"(6,18 € / Kilo)","categories":["Supermercado","Desayunos Dulces y pan","Desayunos, dulces y pan","Mermelada, confituras y miel","Mermelada y confitura de frambuesa","LA VIEJA FABRICA Diet mermelada de frambuesa sin azúcar frasco 280 g"],"general_information":["Denominación del alimento: Mermelada de frambuesas diet","Nombre del operador: Ángel Camacho Alimentación, S.L.","Dirección del operador: Avda. del Pilar, 6 - 41530 Morón de la Frontera (Sevilla)","Lugar de procedencia del alimento: Producto de España","Cantidad Neta: 280 g","Otras menciones obligatorias en la etiqueta: Apta para diabéticos. Elaborado con  55 g de frambuesas por 100 g. Contenido total de azucares 40 g por 100 g."],"ingredients":[" Frambuesas, fructosa, gelificante (pectina), corrector de acidez (ácido cítrico), conservador (E-202)."],"conservation":" Una vez abierto conservar refrigerado","ean":"8410134019441"},{"full_name":"HELIOS confitura natural de frambuesa con 56% fruta y azúcar moreno frasco 330 g","name":"confitura natural de frambuesa con 56% fruta y azúcar moreno frasco 330 g","brand":"HELIOS ","img":"https://sgfm.elcorteingles.es/SGFM/dctm/MEDIA03/201704/04/00120605404886____1__600x600.jpg","price":"2,40 €            ","price_unit":"(6,79 € / Kilo)","categories":["Supermercado","Desayunos Dulces y pan","Desayunos, dulces y pan","Mermelada, confituras y miel","Mermelada y confitura de frambuesa","HELIOS confitura natural de frambuesa con 56% fruta y azúcar moreno frasco 330 g"],"general_information":["Denominación del alimento: Confitura Natural Frambuesa","Nombre del operador: DULCES Y CONSERVAS HELIOS S.A.","Dirección del operador: Carretera de Salamanca, nº44, 47195 Arroyo de la Encomienda","Cantidad Neta: 330 g"],"ingredients":[" Frambuesa, azúcar moreno de caña, zumo de limón, espesante: pectina de frutas (si las frambuesas no contienen suficiente)"],"conservation":" Conservese en lugar fresco y seco. Una vez abierto conservesé en el frigorifico","ean":"8410095507032"},{"full_name":"BONNE MAMAN confitura de frambuesa frasco 370 g","name":"confitura de frambuesa frasco 370 g","brand":"BONNE MAMAN ","img":"https://sgfm.elcorteingles.es/SGFM/00/82/7/0120605400827/0120605400827000g01011.jpg","price":"3,17 €","price_unit":"(8,57 € / Kilo)","categories":["Supermercado","Desayunos Dulces y pan","Desayunos, dulces y pan","Mermelada, confituras y miel","Mermelada y confitura de frambuesa","BONNE MAMAN confitura de frambuesa frasco 370 g"],"general_information":["Denominación del alimento: Confitura de frambuesa","Nombre del operador: Productos alimentarios Andros España S.L.","Dirección del operador: Sallurtiarra, s/n -  01200 Salvatierra (Álava)","Lugar de procedencia del alimento: Francia.","Cantidad Neta: 370 g"],"ingredients":[" Frambuesas, azúcar, azúcar moreno de caña, jugo concentrado de limón, gelificante: pectina de frutas."],"conservation":" Conservar en lugar fresco y seco. Una vez abierto, mantener refrigerado.","ean":"3045320007701"},{"full_name":"ST. DALFOUR Rapsodia de frutas mermelada de frambuesa frasco 284 g","name":"Rapsodia de frutas mermelada de frambuesa frasco 284 g","brand":"ST. DALFOUR ","img":"https://sgfm.elcorteingles.es/SGFM/01/13/0/0120605401130/0120605401130000g01011.jpg","price":"3,38 €","price_unit":"(11,90 € / Kilo)","categories":["Supermercado","Desayunos Dulces y pan","Desayunos, dulces y pan","Mermelada, confituras y miel","Mermelada y confitura de frambuesa","ST. DALFOUR Rapsodia de frutas mermelada de frambuesa frasco 284 g"],"general_information":["Denominación del alimento: Rapsodia de frutas","País de origen: Francia","Nombre del operador: St. Dalfour SAS","Dirección del operador: Chemin de Cazeaux - 47200 Marmande (France)","Cantidad Neta: 284 g"],"ingredients":[" Frambuesas (51%), zumo de frutas concentrado (uva y dátil), pectina de fruta"],"conservation":" Conservar en frio una vez abierto","ean":"0084380957741"},{"full_name":"PAZO VILANE mermelada extra de frambuesa frasco 300 g","name":"mermelada extra de frambuesa frasco 300 g","brand":"PAZO VILANE ","img":"https://sgfm.elcorteingles.es/SGFM/03/17/7/0120605403177/0120605403177000g01011.jpg","price":"3,77 €","price_unit":"(12,57 € / Kilo)","categories":["Supermercado","Desayunos Dulces y pan","Desayunos, dulces y pan","Mermelada, confituras y miel","Mermelada y confitura de frambuesa","PAZO VILANE mermelada extra de frambuesa frasco 300 g"],"general_information":["Denominación del alimento: Mermelada","Nombre del operador: Expl. agropecuaria de Vilane, S.A.","Dirección del operador: Camino de Vilane, 31  -27570  Antas de Ulla (Lugo)","Cantidad Neta: 300,0 g"],"ingredients":[" Frambuesa, azúcar y agar."],"conservation":" Almacenar en lugar oscuro, fresco y seco. Una vez abierto, conservar en el frigorífico.","ean":"8437000124047"},{"full_name":"EL CORTE INGLES mermelada extra de arándanos 60% fruta tarro 410 g","name":"mermelada extra de arándanos 60% fruta tarro 410 g","brand":"EL CORTE INGLES ","img":"https://sgfm.elcorteingles.es/SGFM/dctm/MEDIA02/CONTENIDOS/201507/09/00120605403680____2__600x600.jpg","price":"1,68 €","price_unit":"(4,10 € / Kilo)","categories":["Supermercado","Desayunos Dulces y pan","Desayunos, dulces y pan","Mermelada, confituras y miel","Mermelada y confituras silvestres","EL CORTE INGLES mermelada extra de arándanos 60% fruta tarro 410 g"],"general_information":["Denominación del alimento: Mermelada extra de arándano","Nombre del operador: Elaborado para El Corte Inglés                                        por Dulces y Conservas Helios, S.A.                                  Ctra de Salamanca Nº 44","Cantidad Neta: 410 g","Número de raciones por envase: ~ 16"],"ingredients":[" Ingredientes: Arándano (60 %), azúcar, espesante: pectina, acidulante: ácido cítrico"],"conservation":" Conservar en lugar fresco y seco. Una vez abierto almacenar en frigorífico.","ean":"8433329059657"},{"full_name":"EL CORTE INGLES mermelada extra de frutos rojos 60% fruta tarro 410 g","name":"mermelada extra de frutos rojos 60% fruta tarro 410 g","brand":"EL CORTE INGLES ","img":"https://sgfm.elcorteingles.es/SGFM/dctm/MEDIA02/CONTENIDOS/201507/09/00120605403706____2__600x600.jpg","price":"1,68 €","price_unit":"(4,10 € / Kilo)","categories":["Supermercado","Desayunos Dulces y pan","Desayunos, dulces y pan","Mermelada, confituras y miel","Mermelada y confituras silvestres","EL CORTE INGLES mermelada extra de frutos rojos 60% fruta tarro 410 g"],"general_information":["Denominación del alimento: Mermelada extra de frutos rojos","Nombre del operador: Elaborado para El Corte Inglés                                   por Dulces y Conservas Helios, S.A.                        Ctra de Salamanca Nº 44                                          47195 Arro","Cantidad Neta: 410 g","Número de raciones por envase: ~ 16"],"ingredients":[" Ingredientes: Frutas en proporción variable (60 %) (fresa, frambuesa, grosella), azúcar, espesante: pectina, acidulante: ácido cítrico"],"conservation":" Conservar en lugar fresco y seco. Una vez abierto almacenar en frigorífico.","ean":"8433329059671"},{"full_name":"ALIADA mermelada de arándanos light sin azúcares añadidos tarro 330 g","name":"mermelada de arándanos light sin azúcares añadidos tarro 330 g","brand":"ALIADA ","img":"https://sgfm.elcorteingles.es/SGFM/dctm/MEDIA02/CONTENIDOS/201507/23/00120605403888____1__600x600.jpg","price":"1,62 €","price_unit":"(4,91 € / Kilo)","categories":["Supermercado","Desayunos Dulces y pan","Desayunos, dulces y pan","Mermelada, confituras y miel","Mermelada y confituras silvestres","ALIADA mermelada de arándanos light sin azúcares añadidos tarro 330 g"],"general_information":["Denominación del alimento: Mermelada de arándano light con edulcorantes","Nombre del operador: Elaborado para el Grupo El Corte Inglés \nHermosilla, 112   28009 Madrid-España \npor NIF A31345861","Cantidad Neta: 330 g"],"ingredients":[" Ingredientes: Arándano (55%), agua, edulcorantes (jarabe de maltitol, sucralosa), espesante (pectina), acidulante (ácido cítrico) y conservador (sorbato potásico)"],"conservation":" Conservar en lugar fresco y seco. Una vez abierto almacenar en frigorífico.","ean":"8433329060035"},{"full_name":"HERO mermelada de frutos rojos de temporada frasco 350 g","name":"mermelada de frutos rojos de temporada frasco 350 g","brand":"HERO ","img":"https://sgfm.elcorteingles.es/SGFM/dctm/MEDIA02/CONTENIDOS/201512/29/00120605402690____1__600x600.jpg","price":"1,71 €","price_unit":"(4,89 € / Kilo)","categories":["Supermercado","Desayunos Dulces y pan","Desayunos, dulces y pan","Mermelada, confituras y miel","Mermelada y confituras silvestres","HERO mermelada de frutos rojos de temporada frasco 350 g"],"general_information":["Denominación del alimento: Mermelada De Frutos Rojos","País de origen: España","Nombre del operador: Hero España, S.A.","Dirección del operador: Avda. Murcia, 1 30820 Alcantarilla, Murcia","Cantidad Neta: 350 g"],"ingredients":[" Fresa, frambuesa, guinda, grosella roja, azúcar, gelificante (pectina de cítricos) y zumo de limón a partir de concentrado."],"conservation":" Conservar en lugar fresco y seco. Una vez abierto, mantener en el frigorífico.","ean":"8410175032928"},{"full_name":"HERO confitura extra de arándanos selectos frasco 345 g","name":"confitura extra de arándanos selectos frasco 345 g","brand":"HERO ","img":"https://sgfm.elcorteingles.es/SGFM/dctm/MEDIA02/CONTENIDOS/201512/29/00120605400595____1__600x600.jpg","price":"1,85 €","price_unit":"(5,36 € / Kilo)","categories":["Supermercado","Desayunos Dulces y pan","Desayunos, dulces y pan","Mermelada, confituras y miel","Mermelada y confituras silvestres","HERO confitura extra de arándanos selectos frasco 345 g"],"general_information":["Denominación del alimento: Confitura De Arándanos","País de origen: España","Nombre del operador: Hero España, S.A.","Dirección del operador: Avda. Murcia, 1 30820 Alcantarilla, Murcia","Cantidad Neta: 345 g"],"ingredients":[" Arándanos, azúcar, jarabe de glucosa y fructosa, gelificante (pectina) y acidulante (ác.cítrico)."],"conservation":" Conservar en lugar fresco y seco. Una vez abierto, mantener en el frigorífico.","ean":"8410175011350"},{"full_name":"HERO MARIDAJE DEL CHEF mermelada de arándanos y moras con pimienta rosa combina con frasco 215 g combina con queso brie, patés y carne de caza","name":"mermelada de arándanos y moras con pimienta rosa combina con frasco 215 g","brand":"HERO MARIDAJE DEL CHEF ","img":"https://sgfm.elcorteingles.es/SGFM/dctm/MEDIA03/201711/17/00120605405321____1__600x600.jpg","price":"1,95 €","price_unit":"(9,07 € / Kilo)","categories":["Supermercado","Desayunos Dulces y pan","Desayunos, dulces y pan","Mermelada, confituras y miel","Mermelada y confituras silvestres","HERO MARIDAJE DEL CHEF mermelada de arándanos y moras con pimienta rosa combina con frasco 215 g combina con queso brie, patés y carne de caza"],"general_information":["Denominación del alimento: Mermelada de Arándanos y mora con pimienta rosa","País de origen: España","Nombre del operador: Hero España, S.A.","Dirección del operador: Avda. Murcia, 1 30820 Alcantarilla, Murcia","Cantidad Neta: 215 g"],"ingredients":[" Arándanos, mora, azúcar, jarabe de glucosa y fructosa, gelificante (pectina), pimienta rosa (0,4%) acidulante (acido citrico) y endurecedor (cloruro calcico)."],"conservation":" Una vez abierto conservar en el frigorifico.","ean":"8410175067746"},{"full_name":"HERO DIET confitura de arándanos y frambuesas con stevia frasco 280 g","name":"confitura de arándanos y frambuesas con stevia frasco 280 g","brand":"HERO DIET ","img":"https://sgfm.elcorteingles.es/SGFM/dctm/MEDIA03/201606/22/00120605600178____3__600x600.jpg","price":"1,67 €","price_unit":"(5,96 € / Kilo)","categories":["Supermercado","Desayunos Dulces y pan","Desayunos, dulces y pan","Mermelada, confituras y miel","Mermelada y confituras silvestres","HERO DIET confitura de arándanos y frambuesas con stevia frasco 280 g"],"general_information":["Denominación del alimento: Confitura De Arándanos Y Frambuesa","País de origen: España","Nombre del operador: Hero España, S.A.","Dirección del operador: Avda. Murcia, 1 30820 Alcantarilla, Murcia","Cantidad Neta: 280 g"],"ingredients":[" Arándanos, frambuesa, agua, edulcorantes ( jarabe de sorbitol, ciclamato sódico y aspartame), gelificante (pectina y cloruro de calcio) , corrector de acidez (citrato sódico) y conservante (sorbato potásico)."],"conservation":" Conservar en lugar fresco y seco. Una vez abierto, mantener en el frigorífico.","ean":"8410175026644"},{"full_name":"HERO Zero mermelada de frutas del bosque de temporada 100% fruta sin azúcares refinados frasco 285 g","name":"Zero mermelada de frutas del bosque de temporada 100% fruta sin azúcares refinados frasco 285 g","brand":"HERO ","img":"https://sgfm.elcorteingles.es/SGFM/dctm/MEDIA03/201707/17/00120605600343____1__600x600.jpg","price":"2,12 €","price_unit":"(7,44 € / Kilo)","categories":["Supermercado","Desayunos Dulces y pan","Desayunos, dulces y pan","Mermelada, confituras y miel","Mermelada y confituras silvestres","HERO Zero mermelada de frutas del bosque de temporada 100% fruta sin azúcares refinados frasco 285 g"],"general_information":["Denominación del alimento: Mermelada De Frutos Del Bosque.","País de origen: España","Nombre del operador: Hero España, S.A.","Dirección del operador: Avda. Murcia, 1 30820 Alcantarilla, Murcia","Cantidad Neta: 285 g"],"ingredients":[" Fresa, cerezas, arándanos y frambuesa, mosto concentrado, concentrado de manzana, zumo de limón a partir de concentrado y gelificante (pecticina de cítricos). Contenido total de azúcares 50 gr por 100 gr. Elaborado con 50 gr de frutos del bosque por 100 gr. Contiene azúcares naturalmente presentes. Sin conservantes ni colorantes."],"conservation":" Una vez abierto conservar en el frigorífico.","ean":"8410175066435"},{"full_name":"LA VIEJA FABRICA mermelada de frutas del bosque frasco 350 g","name":"mermelada de frutas del bosque frasco 350 g","brand":"LA VIEJA FABRICA ","img":"https://sgfm.elcorteingles.es/SGFM/dctm/MEDIA03/201606/22/00120605400686____1__600x600.jpg","price":"1,78 €","price_unit":"(5,09 € / Kilo)","categories":["Supermercado","Desayunos Dulces y pan","Desayunos, dulces y pan","Mermelada, confituras y miel","Mermelada y confituras silvestres","LA VIEJA FABRICA mermelada de frutas del bosque frasco 350 g"],"general_information":["Denominación del alimento: Mermelada de frutas del bosque","Nombre del operador: Ángel Camacho Alimentación, S.L.","Dirección del operador: Avda. del Pilar, 6 - 41530 Morón de la Frontera (Sevilla)","Lugar de procedencia del alimento: Producto de España","Cantidad Neta: 350 g","Otras menciones obligatorias en la etiqueta: Elaborado con  45 g de frutas del bosque por 100 g. Contenido total de azucares 50 g por 100 g."],"ingredients":[" Frambuesas, fresas, moras, arándanos, azúcar, gelificante (pectina), corrector de acidez (ácido cítrico), conservador (E-202)."],"conservation":" Una vez abierto conservar refrigerado","ean":"8414555045003"},{"full_name":"LA VIEJA FABRICA mermelada de fresa y arándanos frasco 350 g","name":"mermelada de fresa y arándanos frasco 350 g","brand":"LA VIEJA FABRICA ","img":"https://sgfm.elcorteingles.es/SGFM/dctm/MEDIA03/201711/08/00120605405388____1__600x600.jpg","price":"1,89 €","price_unit":"(5,40 € / Kilo)","categories":["Supermercado","Desayunos Dulces y pan","Desayunos, dulces y pan","Mermelada, confituras y miel","Mermelada y confituras silvestres","LA VIEJA FABRICA mermelada de fresa y arándanos frasco 350 g"],"general_information":[],"ingredients":[],"ean":"8410134022694"},{"full_name":"LA VIEJA FABRICA Cremosa mermelada de frutas del bosque frasco 350 g","name":"Cremosa mermelada de frutas del bosque frasco 350 g","brand":"LA VIEJA FABRICA ","img":"https://sgfm.elcorteingles.es/SGFM/dctm/MEDIA03/201709/19/00120605405156____1__600x600.jpg","price":"1,75 €","price_unit":"(5 € / Kilo)","categories":["Supermercado","Desayunos Dulces y pan","Desayunos, dulces y pan","Mermelada, confituras y miel","Mermelada y confituras silvestres","LA VIEJA FABRICA Cremosa mermelada de frutas del bosque frasco 350 g"],"general_information":["Denominación del alimento: Mermelada de frutas del bosque","Nombre del operador: Ángel Camacho Alimentación, S.L.","Dirección del operador: Avda. del Pilar, 6 - 41530 Morón de la Frontera (Sevilla)","Lugar de procedencia del alimento: Producto de España","Cantidad Neta: 350 g","Otras menciones obligatorias en la etiqueta: Elaborado con  50 g de frutas del bosque por 100 g. Contenido total de azúcares 52 g por 100 g."],"ingredients":[" Frutas del bosque (fresas, grosellas rojas, grosellas negras, moras, arándanos), azúcar, agua, gelificante (pectina), corrector de acidez (ácido cítrico), conservador (sorbato potásico)."],"conservation":" Una vez abierto conservar refrigerado","ean":"8410134019700"},{"full_name":"LA VIEJA FABRICA Diet mermelada de mora de zarza sin azúcar frasco 280 g","name":"Diet mermelada de mora de zarza sin azúcar frasco 280 g","brand":"LA VIEJA FABRICA ","img":"https://sgfm.elcorteingles.es/SGFM/dctm/MEDIA02/CONTENIDOS/201407/21/00120605600301____1__600x600.jpg","price":"1,76 €","price_unit":"(6,29 € / Kilo)","categories":["Supermercado","Desayunos Dulces y pan","Desayunos, dulces y pan","Mermelada, confituras y miel","Mermelada y confituras silvestres","LA VIEJA FABRICA Diet mermelada de mora de zarza sin azúcar frasco 280 g"],"general_information":["Denominación del alimento: Mermelada de mora de zarza diet","Nombre del operador: Ángel Camacho Alimentación, S.L.","Dirección del operador: Avda. del Pilar, 6 - 41530 Morón de la Frontera (Sevilla)","Lugar de procedencia del alimento: Producto de España","Cantidad Neta: 280 g","Otras menciones obligatorias en la etiqueta: Elaborado con  45 g de mora de zarza por 100 g. Contenido total de azucares 42 g por 100 g."],"ingredients":[" Mora de zarza, fructosa, gelificante (pectina), corrector de acidez (ácido cítrico), conservador (E-202)."],"conservation":" Una vez abierto conservar refrigerado","ean":"8410134019465"},{"full_name":"BONNE MAMAN confitura de arándanos frasco 370 g","name":"confitura de arándanos frasco 370 g","brand":"BONNE MAMAN ","img":"https://sgfm.elcorteingles.es/SGFM/00/71/0/0120605400710/0120605400710000g01011.jpg","price":"3,17 €","price_unit":"(8,57 € / Kilo)","categories":["Supermercado","Desayunos Dulces y pan","Desayunos, dulces y pan","Mermelada, confituras y miel","Mermelada y confituras silvestres","BONNE MAMAN confitura de arándanos frasco 370 g"],"general_information":["Denominación del alimento: Confitura de arándano","Nombre del operador: Productos alimentarios Andros España S.L.","Dirección del operador: Sallurtiarra, s/n -  01200 Salvatierra (Álava)","Lugar de procedencia del alimento: Francia.","Cantidad Neta: 370 g"],"ingredients":[" Arándanos, azúcar, azúcar moreno de caña, jugo concentrado de limón, gelificante: pectina de la fruta."],"conservation":" Conservar en lugar fresco y seco. Una vez abierto, mantener refrigerado.","ean":"3045320007725"},{"full_name":"BONNE MAMAN confitura 4 frutas rojas frasco 370 g","name":"confitura 4 frutas rojas frasco 370 g","brand":"BONNE MAMAN ","img":"https://sgfm.elcorteingles.es/SGFM/00/81/9/0120605400819/0120605400819000g01011.jpg","price":"2,69 €","price_unit":"(7,27 € / Kilo)","categories":["Supermercado","Desayunos Dulces y pan","Desayunos, dulces y pan","Mermelada, confituras y miel","Mermelada y confituras silvestres","BONNE MAMAN confitura 4 frutas rojas frasco 370 g"],"general_information":["Denominación del alimento: Confitura 4 frutas rojas","Nombre del operador: Productos alimentarios Andros España S.L.","Dirección del operador: Sallurtiarra, s/n -  01200 Salvatierra (Álava)","Lugar de procedencia del alimento: Francia.","Cantidad Neta: 370 g"],"ingredients":[" Frutas (Fresas 17%, Cerezas 13%, Grosella 12%, Frambuesas 8%), azúcar, azúcar moreno de caña, jugo concentrado de limón, gelificante: pectina de frutas.Puede contener pepitas."],"conservation":" Conservar en lugar fresco y seco. Una vez abierto, mantener refrigerado.","ean":"3045320077025"},{"full_name":"HELIOS mermelada extra de arándanos frasco 340 g","name":"mermelada extra de arándanos frasco 340 g","brand":"HELIOS ","img":"https://sgfm.elcorteingles.es/SGFM//01/54/4/0120605401544/0120605401544000g01011.jpg","price":"1,51 €","price_unit":"(4,44 € / Kilo)","categories":["Supermercado","Desayunos Dulces y pan","Desayunos, dulces y pan","Mermelada, confituras y miel","Mermelada y confituras silvestres","HELIOS mermelada extra de arándanos frasco 340 g"],"general_information":["Denominación del alimento: Mermelada extra de Arándano","Nombre del operador: DULCES Y CONSERVAS HELIOS S.A.","Dirección del operador: Carretera de Salamanca, nº44, 47195 Arroyo de la Encomienda","Cantidad Neta: 340 g"],"ingredients":[" Arándano, azúcar, pectina de fruta, ácido cítrico."],"conservation":" Conservese en lugar fresco y seco. Una vez abierto conservesé en el frigorifico","ean":"8410095001967"},{"full_name":"HELIOS Diet mermelada de frutas del bosque sin azúcar y sin gluten frasco 280 g","name":"Diet mermelada de frutas del bosque sin azúcar y sin gluten frasco 280 g","brand":"HELIOS ","img":"https://sgfm.elcorteingles.es/SGFM/00/04/6/0120605600046/0120605600046000g01011.jpg","price":"1,45 €","price_unit":"(5,18 € / Kilo)","categories":["Supermercado","Desayunos Dulces y pan","Desayunos, dulces y pan","Mermelada, confituras y miel","Mermelada y confituras silvestres","HELIOS Diet mermelada de frutas del bosque sin azúcar y sin gluten frasco 280 g"],"general_information":["Denominación del alimento: Mermelada diet Frutas del Bosque","Nombre del operador: DULCES Y CONSERVAS HELIOS S.A.","Dirección del operador: Carretera de Salamanca, nº44, 47195 Arroyo de la Encomienda","Cantidad Neta: 280 g"],"ingredients":[" Frutas en proporción variable (fresa, frambuesa, arándano), agua, fibra, edulcorantes (maltitol y sucralosa), espesante: pectina, acidulante: ácido cítrico, conservador: E-202"],"conservation":" Conservese en lugar fresco y seco. Una vez abierto conservesé en el frigorifico","ean":"8410095008447"},{"full_name":"PAZO VILANE mermelada de arándanos frasco 300 g","name":"mermelada de arándanos frasco 300 g","brand":"PAZO VILANE ","img":"https://sgfm.elcorteingles.es/SGFM/03/16/9/0120605403169/0120605403169000g01011.jpg","price":"4,82 €","price_unit":"(16,07 € / Kilo)","categories":["Supermercado","Desayunos Dulces y pan","Desayunos, dulces y pan","Mermelada, confituras y miel","Mermelada y confituras silvestres","PAZO VILANE mermelada de arándanos frasco 300 g"],"general_information":["Denominación del alimento: Mermelada","Nombre del operador: Expl. agropecuaria de Vilane, S.A.","Dirección del operador: Camino de Vilane, 31  -27570  Antas de Ulla (Lugo)","Cantidad Neta: 270,0 g"],"ingredients":[" Arándano, azúcar y agar."],"conservation":" Almacenar en lugar oscuro, fresco y seco. Una vez abierto, conservar en el frigorífico.","ean":"8437000124115"},{"full_name":"PEDRO LUIS Seleccion Gourmet mermelada de arándano con sirope de ágave sin gluten 70% fruta envase 212 ml","name":"Seleccion Gourmet mermelada de arándano con sirope de ágave sin gluten 70% fruta envase 212 ml","brand":"PEDRO LUIS ","img":"https://sgfm.elcorteingles.es/SGFM/dctm/MEDIA03/201606/22/00120710901586____1__600x600.jpg","price":"3,60 €","categories":["Supermercado","Desayunos Dulces y pan","Desayunos, dulces y pan","Mermelada, confituras y miel","Mermelada y confituras silvestres","PEDRO LUIS Seleccion Gourmet mermelada de arándano con sirope de ágave sin gluten 70% fruta envase 212 ml"],"general_information":["Denominación del alimento: Arándano con Sirope de Agave.","País de origen: España","Nombre del operador: Conservas Pedro Luís, S.L.","Dirección del operador: Pol.Industrial El Ramal, C/Del Ramal 19 -31580- Lodosa (Navarra)","Cantidad Neta: 215 g"],"ingredients":[" Arándanos, sirope de ágave y espesante: pectina de frutas"],"conservation":" Conservar en lugar fresco después de abrirlo.","ean":"8425205013938"},{"full_name":"PEDRO LUIS Selección Gourmet mermelada de frutas del bosque con sirope de ágave sin gluten 70% fruta envase 212 ml","name":"Selección Gourmet mermelada de frutas del bosque con sirope de ágave sin gluten 70% fruta envase 212 ml","brand":"PEDRO LUIS ","img":"https://sgfm.elcorteingles.es/SGFM/dctm/MEDIA03/201606/22/00120710901594____1__600x600.jpg","price":"3,39 €","categories":["Supermercado","Desayunos Dulces y pan","Desayunos, dulces y pan","Mermelada, confituras y miel","Mermelada y confituras silvestres","PEDRO LUIS Selección Gourmet mermelada de frutas del bosque con sirope de ágave sin gluten 70% fruta envase 212 ml"],"general_information":["Denominación del alimento: Frutas del bosque con sirope de ágave.","País de origen: España","Nombre del operador: Conservas Pedro Luís, S.L.","Dirección del operador: Pol.Industrial El Ramal, C/Del Ramal 19 -31580- Lodosa (Navarra)","Cantidad Neta: 215 g"],"ingredients":[" Frutas en proporción variable (fresas. frambuesas. arándanos. moras). sirope de ágave y espesante: pectina de frutas"],"conservation":" Conservar en lugar fresco después de abrirlo.","ean":"8425205013952"},{"full_name":"ST. DALFOUR Rapsodia de frutas mermelada de arándanos silvestres frasco 284 g","name":"Rapsodia de frutas mermelada de arándanos silvestres frasco 284 g","brand":"ST. DALFOUR ","img":"https://sgfm.elcorteingles.es/SGFM/01/07/2/0120605401072/0120605401072000g01011.jpg","price":"2,82 €","price_unit":"(9,93 € / Kilo)","categories":["Supermercado","Desayunos Dulces y pan","Desayunos, dulces y pan","Mermelada, confituras y miel","Mermelada y confituras silvestres","ST. DALFOUR Rapsodia de frutas mermelada de arándanos silvestres frasco 284 g"],"general_information":["Denominación del alimento: Rapsodia de frutas","País de origen: Francia","Nombre del operador: St. Dalfour SAS","Dirección del operador: Chemin de Cazeaux - 47200 Marmande (France)","Cantidad Neta: 284 g"],"ingredients":[" Arándanos (51%), zumo de frutas concentrado (uva y dátil), zumo de limón, pectina de fruta"],"conservation":" Conservar en frio una vez abierto","ean":"0084380957246"},{"full_name":"ST. DALFOUR Rapsodia de frutas mermelada de cuatro frutas frasco 284 g","name":"Rapsodia de frutas mermelada de cuatro frutas frasco 284 g","brand":"ST. DALFOUR ","img":"https://sgfm.elcorteingles.es/SGFM/01/08/0/0120605401080/0120605401080000g01011.jpg","price":"2,84 €","price_unit":"(10 € / Kilo)","categories":["Supermercado","Desayunos Dulces y pan","Desayunos, dulces y pan","Mermelada, confituras y miel","Mermelada y confituras silvestres","ST. DALFOUR Rapsodia de frutas mermelada de cuatro frutas frasco 284 g"],"general_information":["Denominación del alimento: Rapsodia de frutas","País de origen: Francia","Nombre del operador: St. Dalfour SAS","Dirección del operador: Chemin de Cazeaux - 47200 Marmande (France)","Cantidad Neta: 284 g"],"ingredients":[" Fresas (13%), frambuesas (13%), moras (13%), cerezas (12%), zumo de frutas concentrado (uva y dátil), zumo de limón, pectina de fruta"],"conservation":" Conservar en frio una vez abierto","ean":"0084380957840"},{"full_name":"ST. DALFOUR Rapsodia de frutas mermelada de grosella negra frasco 284 g","name":"Rapsodia de frutas mermelada de grosella negra frasco 284 g","brand":"ST. DALFOUR ","img":"https://sgfm.elcorteingles.es/SGFM/01/14/8/0120605401148/0120605401148000g01011.jpg","price":"3,38 €","price_unit":"(11,90 € / Kilo)","categories":["Supermercado","Desayunos Dulces y pan","Desayunos, dulces y pan","Mermelada, confituras y miel","Mermelada y confituras silvestres","ST. DALFOUR Rapsodia de frutas mermelada de grosella negra frasco 284 g"],"general_information":["Denominación del alimento: Rapsodia de frutas","País de origen: Francia","Nombre del operador: St. Dalfour SAS","Dirección del operador: Chemin de Cazeaux - 47200 Marmande (France)","Cantidad Neta: 284 g"],"ingredients":[" Grosellas negras (45%), zumo de frutas concentrado (uva y dátil), pectina de fruta"],"conservation":" Conservar en frio una vez abierto","ean":"0084380958045"},{"full_name":"ST. DALFOUR Rapsodia de frutas mermelada de moras silvestres frasco 284 g","name":"Rapsodia de frutas mermelada de moras silvestres frasco 284 g","brand":"ST. DALFOUR ","img":"https://sgfm.elcorteingles.es/SGFM/01/51/0/0120605401510/0120605401510000g01011.jpg","price":"3,38 €","price_unit":"(11,90 € / Kilo)","categories":["Supermercado","Desayunos Dulces y pan","Desayunos, dulces y pan","Mermelada, confituras y miel","Mermelada y confituras silvestres","ST. DALFOUR Rapsodia de frutas mermelada de moras silvestres frasco 284 g"],"general_information":["Denominación del alimento: Rapsodia de frutas","País de origen: Francia","Nombre del operador: St. Dalfour SAS","Dirección del operador: Chemin de Cazeaux - 47200 Marmande (France)","Cantidad Neta: 284 g"],"ingredients":[" Moras silvestres (51%), zumo de frutas concentrado (uva y dátil), zumo de limón, pectina de fruta"],"conservation":" Conservar en frio una vez abierto","ean":"0084380957147"},{"full_name":"D'ARBO mermelada de arándano tirolés frasco 200 cl","name":"mermelada de arándano tirolés frasco 200 cl","brand":"D'ARBO ","img":"https://sgfm.elcorteingles.es/SGFM/03/18/5/0120605403185/0120605403185000g01011.jpg","price":"2,75 €","price_unit":"(13,75 € / Kilo)","categories":["Supermercado","Desayunos Dulces y pan","Desayunos, dulces y pan","Mermelada, confituras y miel","Mermelada y confituras silvestres","D'ARBO mermelada de arándano tirolés frasco 200 cl"],"general_information":["Denominación del alimento: D'ARBO:CONFITURA ARANDANO TIROLES 200g","País de origen: Austria","Nombre del operador: Ofistrade S.A.","Dirección del operador: C/Buenos Aires 38-40, entlo. C - 08036 Barcelona","Cantidad Neta: 200 g"],"ingredients":[" 70% arándanos, azúcar, zumo de limón concentrado, gelificante pectina. Elaborado con 70g de fruta por 100g. Contenido total en azúcares 41g por 100g."],"conservation":" Consérvese en lugar fresco y seco.","ean":"9001432035111"},{"full_name":"ALIADA mermelada de naranja amarga tarro 410 g","name":"mermelada de naranja amarga tarro 410 g","brand":"ALIADA ","img":"https://sgfm.elcorteingles.es/SGFM/dctm/MEDIA02/CONTENIDOS/201505/28/00120605403789____1__600x600.jpg","price":"0,88 €","price_unit":"(2,15 € / Kilo)","categories":["Supermercado","Desayunos Dulces y pan","Desayunos, dulces y pan","Mermelada, confituras y miel","Mermelada y confitura de naranja","ALIADA mermelada de naranja amarga tarro 410 g"],"general_information":["Denominación del alimento: Mermelada de naranja amarga","Nombre del operador: Elaborado para el Grupo El Corte Inglés \nHermosilla, 112   28009 Madrid-España\npor CIF: A47002878","Cantidad Neta: 410 g"],"ingredients":[" Ingredientes: Naranja amarga (40%), azúcar, jarabe de glucosa y fructosa, espesante: pectina y acidulante: ácido cítrico."],"conservation":" Conservar en lugar fresco y seco. Una vez abierto almacenar en frigorífico.","ean":"8433329059619"},{"full_name":"ALIADA mermelada de naranja light sin azúcares añadidos tarro 330 g","name":"mermelada de naranja light sin azúcares añadidos tarro 330 g","brand":"ALIADA ","img":"https://sgfm.elcorteingles.es/SGFM/dctm/MEDIA02/CONTENIDOS/201507/23/00120605403862____1__600x600.jpg","price":"1,19 €","price_unit":"(3,61 € / Kilo)","categories":["Supermercado","Desayunos Dulces y pan","Desayunos, dulces y pan","Mermelada, confituras y miel","Mermelada y confitura de naranja","ALIADA mermelada de naranja light sin azúcares añadidos tarro 330 g"],"general_information":["Denominación del alimento: Mermelada de naranja light con edulcorantes","Nombre del operador: Elaborado para el Grupo El Corte Inglés \nHermosilla, 112   28009 Madrid-España \npor NIF A31345861","Cantidad Neta: 330 g"],"ingredients":[" Ingredientes: Naranja (55%), agua, edulcorantes (jarabe de maltitol, sucralosa, espesante (pectina), acidulante (ácido cítrico), conservador (sorbato potásico), y colorante (B-caroteno)."],"conservation":" Conservar en lugar fresco y seco. Una vez abierto almacenar en frigorífico.","ean":"8433329060011"},{"full_name":"HERO confitura naranjas amargas selectas frasco 345 g","name":"confitura naranjas amargas selectas frasco 345 g","brand":"HERO ","img":"https://sgfm.elcorteingles.es/SGFM/dctm/MEDIA02/CONTENIDOS/201512/29/00120605400462____1__600x600.jpg","price":"1,46 €","price_unit":"(4,23 € / Kilo)","categories":["Supermercado","Desayunos Dulces y pan","Desayunos, dulces y pan","Mermelada, confituras y miel","Mermelada y confitura de naranja","HERO confitura naranjas amargas selectas frasco 345 g"],"general_information":["Denominación del alimento: Confitura De Naranja Amarga","País de origen: España","Nombre del operador: Hero España, S.A.","Dirección del operador: Avda. Murcia, 1 30820 Alcantarilla, Murcia","Cantidad Neta: 345 g"],"ingredients":[" Azúcar, naranja amarga, jarabe de glucosa y fructosa,  gelificante (pectina) y acidulante (ácido cítrico)."],"conservation":" Conservar en lugar fresco y seco. Una vez abierto, mantener en el frigorífico.","ean":"8410175012852"},{"full_name":"HERO DIET confitura de naranjas amargas con stevia frasco 280 g","name":"confitura de naranjas amargas con stevia frasco 280 g","brand":"HERO DIET ","img":"https://sgfm.elcorteingles.es/SGFM/dctm/MEDIA02/CONTENIDOS/201512/29/00120605600228____1__600x600.jpg","price":"1,69 €","price_unit":"(6,04 € / Kilo)","categories":["Supermercado","Desayunos Dulces y pan","Desayunos, dulces y pan","Mermelada, confituras y miel","Mermelada y confitura de naranja","HERO DIET confitura de naranjas amargas con stevia frasco 280 g"],"general_information":["Denominación del alimento: Confitura De Naranja","País de origen: España","Nombre del operador: Hero España, S.A.","Dirección del operador: Avda. Murcia, 1 30820 Alcantarilla, Murcia","Cantidad Neta: 280 g"],"ingredients":[" Agua, naranja amarga, naranja dulce, edulcorantes (jarabe de sorbitol, ciclamato sódico y aspartame), gelificante (pectina y cloruro de calcio) , conservante (sorbato potásico), acidulante (ácido cítrico), antioxidante (ácido  L-ascórbico ) y colorante (b-caroteno)."],"conservation":" Conservar en lugar fresco y seco. Una vez abierto, mantener en el frigorífico.","ean":"8410175027856"},{"full_name":"HERO Zero mermelada de naranja amarga de temporada 100% fruta sin azúcares refinados frasco 285 g","name":"Zero mermelada de naranja amarga de temporada 100% fruta sin azúcares refinados frasco 285 g","brand":"HERO ","img":"https://sgfm.elcorteingles.es/SGFM/dctm/MEDIA03/201707/17/00120605600350____1__600x600.jpg","price":"2,12 €","price_unit":"(7,44 € / Kilo)","categories":["Supermercado","Desayunos Dulces y pan","Desayunos, dulces y pan","Mermelada, confituras y miel","Mermelada y confitura de naranja","HERO Zero mermelada de naranja amarga de temporada 100% fruta sin azúcares refinados frasco 285 g"],"general_information":["Denominación del alimento: Mermelada De Naranja Amarga.","País de origen: España","Nombre del operador: Hero España, S.A.","Dirección del operador: Avda. Murcia, 1 30820 Alcantarilla, Murcia","Cantidad Neta: 285 g"],"ingredients":[" Naranjas amargas, mosto concentrado, concentrado de manzana, zumo de limón a partir de concentrado y gelificante (pecticina de cítricos). Contenido total de azúcares 58 gr por 100 gr. Elaborado con 40 gr de naranja amarga por 100 gr. Contiene azúcares naturalmente presentes. Sin conservantes ni colorantes."],"conservation":" Una vez abierto conservar en el frigorífico.","ean":"8410175066442"},{"full_name":"HELIOS confitura natural de naranja amarga con 58% de fruta y con azúcar de caña frasco 330 g","name":"confitura natural de naranja amarga con 58% de fruta y con azúcar de caña frasco 330 g","brand":"HELIOS ","img":"https://sgfm.elcorteingles.es/SGFM/dctm/MEDIA03/201704/04/00120605404860____1__600x600.jpg","price":"2,11 €            ","price_unit":"(6,27 € / Kilo)","categories":["Supermercado","Desayunos Dulces y pan","Desayunos, dulces y pan","Mermelada, confituras y miel","Mermelada y confitura de naranja","HELIOS confitura natural de naranja amarga con 58% de fruta y con azúcar de caña frasco 330 g"],"general_information":["Denominación del alimento: Confitura Natural Naranja Amarga","Nombre del operador: DULCES Y CONSERVAS HELIOS S.A.","Dirección del operador: Carretera de Salamanca, nº44, 47195 Arroyo de la Encomienda","Cantidad Neta: 330 g"],"ingredients":[" Naranja, azúcar moreno de caña, zumo de limón, espesante: pectina de frutas (si las naranjas no contienen suficiente)"],"conservation":" Conservese en lugar fresco y seco. Una vez abierto conservesé en el frigorifico","ean":"8410095507049"},{"full_name":"LA VIEJA FABRICA mermelada de naranja amarga frasco 375 g","name":"mermelada de naranja amarga frasco 375 g","brand":"LA VIEJA FABRICA ","img":"https://sgfm.elcorteingles.es/SGFM/dctm/MEDIA03/201606/22/00120605400660____1__600x600.jpg","price":"1,75 €","price_unit":"(4,67 € / Kilo)","categories":["Supermercado","Desayunos Dulces y pan","Desayunos, dulces y pan","Mermelada, confituras y miel","Mermelada y confitura de naranja","LA VIEJA FABRICA mermelada de naranja amarga frasco 375 g"],"general_information":["Denominación del alimento: Mermelada de naranja amarga","Nombre del operador: Ángel Camacho Alimentación, S.L.","Dirección del operador: Avda. del Pilar, 6 - 41530 Morón de la Frontera (Sevilla)","Lugar de procedencia del alimento: Producto de España","Cantidad Neta: 375 g","Otras menciones obligatorias en la etiqueta: Elaborado con  40 g de naranjas por 100 g. Contenido total de azucares 65 g por 100 g."],"ingredients":[" Azúcar, naranjas amargas de Sevilla, corrector de acidez (ácido cítrico)."],"conservation":" Una vez abierto conservar refrigerado","ean":"8414555002006"},{"full_name":"LA VIEJA FABRICA Diet mermelada de naranja amarga sin azúcar frasco 300 g","name":"Diet mermelada de naranja amarga sin azúcar frasco 300 g","brand":"LA VIEJA FABRICA ","img":"https://sgfm.elcorteingles.es/SGFM/00/29/3/0120605600293/0120605600293000g01011.jpg","price":"1,69 €","price_unit":"(5,63 € / Kilo)","categories":["Supermercado","Desayunos Dulces y pan","Desayunos, dulces y pan","Mermelada, confituras y miel","Mermelada y confitura de naranja","LA VIEJA FABRICA Diet mermelada de naranja amarga sin azúcar frasco 300 g"],"general_information":["Denominación del alimento: Mermelada de naranja amarga diet","Nombre del operador: Ángel Camacho Alimentación, S.L.","Dirección del operador: Avda. del Pilar, 6 - 41530 Morón de la Frontera (Sevilla)","Lugar de procedencia del alimento: Producto de España","Cantidad Neta: 300 g","Otras menciones obligatorias en la etiqueta: Apta para diabéticos. Elaborado con  48 g de naranjas amargas por 100 g. Contenido total de azucares 52 g por 100 g."],"ingredients":[" Fructosa, naranjas amargas de Sevilla, gelificante (pectina), corrector de acidez (ácido cítrico), conservador (E-202)."],"conservation":" Una vez abierto conservar refrigerado","ean":"8410134019489"},{"full_name":"LA VIEJA FABRICA mermelada de naranja dulce frasco 350 g","name":"mermelada de naranja dulce frasco 350 g","brand":"LA VIEJA FABRICA ","img":"https://sgfm.elcorteingles.es/SGFM/dctm/MEDIA03/201606/22/00120605400603____1__600x600.jpg","price":"1,75 €","price_unit":"(5 € / Kilo)","categories":["Supermercado","Desayunos Dulces y pan","Desayunos, dulces y pan","Mermelada, confituras y miel","Mermelada y confitura de naranja","LA VIEJA FABRICA mermelada de naranja dulce frasco 350 g"],"general_information":["Denominación del alimento: Mermelada de naranja dulce","Nombre del operador: Ángel Camacho Alimentación, S.L.","Dirección del operador: Avda. del Pilar, 6 - 41530 Morón de la Frontera (Sevilla)","Lugar de procedencia del alimento: Producto de España","Cantidad Neta: 350 g","Otras menciones obligatorias en la etiqueta: Elaborado con  45 g de naranjas por 100 g. Contenido total de azucares 53 g por 100 g."],"ingredients":[" Naranjas, azúcar, gelificante (pectina), corrector de acidez (ácido cítrico), conservador (E-202), antioxidante (ácido ascórbico)."],"conservation":" Una vez abierto conservar refrigerado","ean":"8414555001009"},{"full_name":"BONNE MAMAN mermelada de naranja amarga frasco 370 g","name":"mermelada de naranja amarga frasco 370 g","brand":"BONNE MAMAN ","img":"https://sgfm.elcorteingles.es/SGFM/00/72/8/0120605400728/0120605400728000g01011.jpg","price":"2,62 €","price_unit":"(7,08 € / Kilo)","categories":["Supermercado","Desayunos Dulces y pan","Desayunos, dulces y pan","Mermelada, confituras y miel","Mermelada y confitura de naranja","BONNE MAMAN mermelada de naranja amarga frasco 370 g"],"general_information":["Denominación del alimento: Confitura de naranja","Nombre del operador: Productos alimentarios Andros España S.L.","Dirección del operador: Sallurtiarra, s/n -  01200 Salvatierra (Álava)","Lugar de procedencia del alimento: Francia.","Cantidad Neta: 370 g"],"ingredients":[" Azúcar, naranjas, azúcar moreno de caña, jugo concentrado de limón, agente gelificante: pectina de fruta. Piel cortada muy fina."],"conservation":" Conservar en lugar fresco y seco. Una vez abierto, mantener refrigerado.","ean":"3045320075588"},{"full_name":"ST. DALFOUR Rapsodia de frutas mermelada de naranja con piel frasco 284 g","name":"Rapsodia de frutas mermelada de naranja con piel frasco 284 g","brand":"ST. DALFOUR ","img":"https://sgfm.elcorteingles.es/SGFM/01/10/6/0120605401106/0120605401106000g01011.jpg","price":"2,92 €","price_unit":"(10,28 € / Kilo)","categories":["Supermercado","Desayunos Dulces y pan","Desayunos, dulces y pan","Mermelada, confituras y miel","Mermelada y confitura de naranja","ST. DALFOUR Rapsodia de frutas mermelada de naranja con piel frasco 284 g"],"general_information":["Denominación del alimento: Rapsodia de frutas","País de origen: Francia","Nombre del operador: St. Dalfour SAS","Dirección del operador: Chemin de Cazeaux - 47200 Marmande (France)","Cantidad Neta: 284 g"],"ingredients":[" Naranjas (51%), zumo de frutas concentrado (uva y dátil), pectina de fruta, zumo de limón"],"conservation":" Conservar en frio una vez abierto","ean":"0084380957949"},{"full_name":"ST. DALFOUR Rapsodia de frutas mermelada de jengibre y naranja frasco 284 g","name":"Rapsodia de frutas mermelada de jengibre y naranja frasco 284 g","brand":"ST. DALFOUR ","img":"https://sgfm.elcorteingles.es/SGFM/01/06/4/0120605401064/0120605401064000g01011.jpg","price":"2,92 €","price_unit":"(10,28 € / Kilo)","categories":["Supermercado","Desayunos Dulces y pan","Desayunos, dulces y pan","Mermelada, confituras y miel","Mermelada y confitura de naranja","ST. DALFOUR Rapsodia de frutas mermelada de jengibre y naranja frasco 284 g"],"general_information":["Denominación del alimento: Rapsodia de frutas","País de origen: Francia","Nombre del operador: St. Dalfour SAS","Dirección del operador: Chemin de Cazeaux - 47200 Marmande (France)","Cantidad Neta: 284 g"],"ingredients":[" Naranja (19%), jengibre (16%), zumo de frutas concentrado (uva y dátil), pectina de fruta, zumo de limón"],"conservation":" Conservar en frio una vez abierto","ean":"0084380958243"},{"full_name":"ROBERTSON'S mermelada de naranja frasco 340 g","name":"mermelada de naranja frasco 340 g","brand":"ROBERTSON'S ","img":"https://sgfm.elcorteingles.es/SGFM/dctm/MEDIA02/CONTENIDOS/201511/05/00120605403003____1__600x600.jpg","price":"2,69 €","price_unit":"(7,91 € / Kilo)","categories":["Supermercado","Desayunos Dulces y pan","Desayunos, dulces y pan","Mermelada, confituras y miel","Mermelada y confitura de naranja","ROBERTSON'S mermelada de naranja frasco 340 g"],"general_information":["Denominación del alimento: Marmalade de naranja corte grueso Robertsonos 340 gr","País de origen: Reino Unido","Nombre del operador: Alimentación Varma, S.L.","Dirección del operador: C/ La granja, 15 - Pol. Industrial Alcobendas. 28108 Alcobendas (Madrid) - España","Cantidad Neta: 340 g"],"ingredients":[" Sirope de Glucosa-Fructosa, naranjas, cáscara de naranja, agua, zumo de naranja concentrado, azúcar, ácido cítrico, agente gelificante (pectina), regulador de acidez (citrato de sodio), azúcar caramelizado, aceite de naranja. Preparado con 20 gr de fruta por cada 100 gr. total contenido de azúcar: 63 gr por cada 100 gr."],"conservation":" Conservar en lugar fresco y seco. Una vez abierto conservar en frío.","ean":"5000172100053"},{"full_name":"PEDRO LUIS Selección Gourmet mermelada de naranja con sirope de ágave sin gluten 70% fruta envase 212 ml","name":"Selección Gourmet mermelada de naranja con sirope de ágave sin gluten 70% fruta envase 212 ml","brand":"PEDRO LUIS ","img":"https://sgfm.elcorteingles.es/SGFM/dctm/MEDIA03/201606/22/00120710901602____1__600x600.jpg","price":"2,59 €","categories":["Supermercado","Desayunos Dulces y pan","Desayunos, dulces y pan","Mermelada, confituras y miel","Mermelada y confitura de naranja","PEDRO LUIS Selección Gourmet mermelada de naranja con sirope de ágave sin gluten 70% fruta envase 212 ml"],"general_information":["Denominación del alimento: Naranja con sirope de ágave","Nombre del operador: Conservas Pedro Luís, S.L.","Dirección del operador: Pol.Industrial El Ramal, C/Del Ramal 19 -31580- Lodosa (Navarra)","Cantidad Neta: 215 g"],"ingredients":[" Naranja, sirope de ágave, espesante: pectina de frutas y corrector de acidez: ácido cítrico"],"conservation":" Conservar en lugar fresco después de abrirlo.","ean":"8425205013969"},{"full_name":"FET A SOLLER confitura de naranja frasco 225 g","name":"confitura de naranja frasco 225 g","brand":"FET A SOLLER ","img":"https://sgfm.elcorteingles.es/SGFM/00/86/8/0120605400868/0120605400868000g01011.jpg","price":"4,75 €","price_unit":"(21,11 € / Kilo)","categories":["Supermercado","Desayunos Dulces y pan","Desayunos, dulces y pan","Mermelada, confituras y miel","Mermelada y confitura de naranja","FET A SOLLER confitura de naranja frasco 225 g"],"general_information":["Denominación del alimento: Confitura","Nombre del operador: Centre Esp.Ocupació Estel Nou","Dirección del operador: C/ Andreu Coll 31 - 33, 07100 Sóller, España.","Cantidad Neta: 225 g"],"ingredients":[" Naranja (67g de naranja por 100g de producto), azúcar y zumo de limón."],"conservation":" Una vez abierto, conservar en el frigorífico. Mantener en lugar seco y fresco. Proteger de la luz.","ean":"8436015960015"},{"full_name":"FET A SOLLER confitura de naranja amarga frasco 225 g","name":"confitura de naranja amarga frasco 225 g","brand":"FET A SOLLER ","img":"https://sgfm.elcorteingles.es/SGFM/00/89/2/0120605400892/0120605400892000g01011.jpg","price":"4,75 €","price_unit":"(21,11 € / Kilo)","categories":["Supermercado","Desayunos Dulces y pan","Desayunos, dulces y pan","Mermelada, confituras y miel","Mermelada y confitura de naranja","FET A SOLLER confitura de naranja amarga frasco 225 g"],"general_information":["Denominación del alimento: Confitura","Nombre del operador: Centre Esp.Ocupació Estel Nou","Dirección del operador: C/ Andreu Coll 31 - 33, 07100 Sóller, España.","Cantidad Neta: 225 g"],"ingredients":[" Naranja amarga (59g de naranja amarga por 100g de producto), azúcar, zumo de naranja y zumo de limón."],"conservation":" Una vez abierto, conservar en el frigorífico. Mantener en lugar seco y fresco. Proteger de la luz.","ean":"8436015960053"},{"full_name":"LAS DOÑAS mermelada extra de naranja 100% natural frasco 270 g","name":"mermelada extra de naranja 100% natural frasco 270 g","brand":"LAS DOÑAS ","img":"https://sgfm.elcorteingles.es/SGFM/dctm/MEDIA03/201605/05/00120605404282____1__600x600.jpg","price":"4,39 €","price_unit":"(16,26 € / Kilo)","categories":["Supermercado","Desayunos Dulces y pan","Desayunos, dulces y pan","Mermelada, confituras y miel","Mermelada y confitura de naranja","LAS DOÑAS mermelada extra de naranja 100% natural frasco 270 g"],"general_information":[],"ingredients":[],"ean":"8414606938469"},{"full_name":"ALIADA mermelada de ciruela tarro 410 g","name":"mermelada de ciruela tarro 410 g","brand":"ALIADA ","img":"https://sgfm.elcorteingles.es/SGFM/dctm/MEDIA02/CONTENIDOS/201505/28/00120605403755____1__600x600.jpg","price":"0,88 €","price_unit":"(2,15 € / Kilo)","categories":["Supermercado","Desayunos Dulces y pan","Desayunos, dulces y pan","Mermelada, confituras y miel","Mermelada y confitura de ciruela","ALIADA mermelada de ciruela tarro 410 g"],"general_information":["Denominación del alimento: Mermelada extra de ciruela","Nombre del operador: Elaborado para el Grupo El Corte Inglés \nHermosilla, 112   28009 Madrid-España\npor CIF: A47002878","Cantidad Neta: 410 g"],"ingredients":[" Ingredientes: Ciruela (55%), azúcar, jarabe de glucosa y fructosa, espesante: pectina y acidulante: ácido cítrico."],"conservation":" Conservar en lugar fresco y seco. Una vez abierto almacenar en frigorífico.","ean":"8433329059589"},{"full_name":"ALIADA mermelada de ciruela light sin azúcares añadidos tarro 330 g","name":"mermelada de ciruela light sin azúcares añadidos tarro 330 g","brand":"ALIADA ","img":"https://sgfm.elcorteingles.es/SGFM/dctm/MEDIA02/CONTENIDOS/201507/23/00120605403839____1__600x600.jpg","price":"1,17 €","price_unit":"(3,55 € / Kilo)","categories":["Supermercado","Desayunos Dulces y pan","Desayunos, dulces y pan","Mermelada, confituras y miel","Mermelada y confitura de ciruela","ALIADA mermelada de ciruela light sin azúcares añadidos tarro 330 g"],"general_information":["Denominación del alimento: Mermelada de ciruela light con edulcorantes","Nombre del operador: Elaborado para el Grupo El Corte Inglés \nHermosilla, 112   28009 Madrid-España \npor NIF A31345861","Cantidad Neta: 330 g"],"ingredients":[" Ingredientes: Ciruela (55%), agua, edulcorantes (jarabe de maltitol, sucralosa), espesante (pectina), acidulante (ácido cítrico) y  conservador (sorbato potásico)."],"conservation":" Conservar en lugar fresco y seco. Una vez abierto almacenar en frigorífico.","ean":"8433329059985"},{"full_name":"HERO confitura de ciruelas selectas frasco 345 g","name":"confitura de ciruelas selectas frasco 345 g","brand":"HERO ","img":"https://sgfm.elcorteingles.es/SGFM/dctm/MEDIA02/CONTENIDOS/201512/29/00120605400504____1__600x600.jpg","price":"1,59 €","price_unit":"(4,61 € / Kilo)","categories":["Supermercado","Desayunos Dulces y pan","Desayunos, dulces y pan","Mermelada, confituras y miel","Mermelada y confitura de ciruela","HERO confitura de ciruelas selectas frasco 345 g"],"general_information":["Denominación del alimento: Confitura De Ciruela","País de origen: España","Nombre del operador: Hero España, S.A.","Dirección del operador: Avda. Murcia, 1 30820 Alcantarilla, Murcia","Cantidad Neta: 345 g"],"ingredients":[" Ciruela, azúcar, jarabe de glucosa y fructosa,  gelificante (pectina) y correctores de acidez (ácido cítrico y citrato sódico)."],"conservation":" Conservar en lugar fresco y seco. Una vez abierto, mantener en el frigorífico.","ean":"8410175010254"},{"full_name":"HERO DIET confitura de ciruelas con stevia frasco 280 g","name":"confitura de ciruelas con stevia frasco 280 g","brand":"HERO DIET ","img":"https://sgfm.elcorteingles.es/SGFM/dctm/MEDIA02/CONTENIDOS/201512/29/00120605600202____2__600x600.jpg","price":"1,67 €","price_unit":"(5,96 € / Kilo)","categories":["Supermercado","Desayunos Dulces y pan","Desayunos, dulces y pan","Mermelada, confituras y miel","Mermelada y confitura de ciruela","HERO DIET confitura de ciruelas con stevia frasco 280 g"],"general_information":["Denominación del alimento: Confitura Extra De Ciruela De Valor Energético Reducido Con Edulcorantes","País de origen: España","Nombre del operador: Hero España, S.A.","Dirección del operador: Avda. Murcia, 1 30820 Alcantarilla, Murcia","Cantidad Neta: 280 g"],"ingredients":[" Ciruela, agua, edulcorantes (jarabe de sorbitol, ciclamato sódico y aspartame), gelificante ( pectina y cloruro de calcio), conservante (sorbato potásico), antioxidante (ácido L-ascórbico) correctores de acidez (ácido cítrico y citrato sódico)"],"conservation":" Conservar en lugar fresco y seco. Una vez abierto, mantener en el frigorífico.","ean":"8410175025258"},{"full_name":"HELIOS Diet mermelada de ciruela sin azúcar y sin gluten frasco 280 g","name":"Diet mermelada de ciruela sin azúcar y sin gluten frasco 280 g","brand":"HELIOS ","img":"https://sgfm.elcorteingles.es/SGFM/00/01/2/0120605600012/0120605600012000g01011.jpg","price":"1,59 €","price_unit":"(5,68 € / Kilo)","categories":["Supermercado","Desayunos Dulces y pan","Desayunos, dulces y pan","Mermelada, confituras y miel","Mermelada y confitura de ciruela","HELIOS Diet mermelada de ciruela sin azúcar y sin gluten frasco 280 g"],"general_information":["Denominación del alimento: Mermelada extra de ciruela Diet","Nombre del operador: DULCES Y CONSERVAS HELIOS S.A.","Dirección del operador: Carretera de Salamanca, nº44, 47195 Arroyo de la Encomienda","Cantidad Neta: 280 g"],"ingredients":[" ciruela, agua, fibra, edulcorantes (maltitol y sucralosa), espesante: pectina, acidulante: ácido cítrico  conservador:        E-202 y aroma"],"conservation":" Conservese en lugar fresco y seco. Una vez abierto conservesé en el frigorifico","ean":"8410095008423"},{"full_name":"BEBE mermelada de ciruela frasco 340 g","name":"mermelada de ciruela frasco 340 g","brand":"BEBE ","img":"https://sgfm.elcorteingles.es/SGFM/dctm/MEDIA03/201606/22/00120605400298____1__600x600.jpg","price":"2,02 €","price_unit":"(5,94 € / Kilo)","categories":["Supermercado","Desayunos Dulces y pan","Desayunos, dulces y pan","Mermelada, confituras y miel","Mermelada y confitura de ciruela","BEBE mermelada de ciruela frasco 340 g"],"general_information":["Denominación del alimento: Mermelada Extra de Ciruela","Nombre del operador: IBERFRUTA MUERZA SA","Dirección del operador: Poligono industrial nº 45, 31570 San adrián, Navarra","Cantidad Neta: 340 g"],"ingredients":[" Ciruela, jarabe de glucosa y fructosa, azúcar, espesantes: pectina y goma de garrofín, acidulante: ácido cítrico."],"conservation":" Conservese en lugar fresco y seco. Una vez abierto conservesé en el frigorifico","ean":"8436026160022"},{"full_name":"LA VIEJA FABRICA Diet mermelada de ciruela sin azúcar frasco 280 g","name":"Diet mermelada de ciruela sin azúcar frasco 280 g","brand":"LA VIEJA FABRICA ","img":"https://sgfm.elcorteingles.es/SGFM/00/28/5/0120605600285/0120605600285000g01011.jpg","price":"1,80 €","price_unit":"(6,43 € / Kilo)","categories":["Supermercado","Desayunos Dulces y pan","Desayunos, dulces y pan","Mermelada, confituras y miel","Mermelada y confitura de ciruela","LA VIEJA FABRICA Diet mermelada de ciruela sin azúcar frasco 280 g"],"general_information":["Denominación del alimento: Mermelada de ciruela diet","Nombre del operador: Ángel Camacho Alimentación, S.L.","Dirección del operador: Avda. del Pilar, 6 - 41530 Morón de la Frontera (Sevilla)","Lugar de procedencia del alimento: Producto de España","Cantidad Neta: 280 g","Otras menciones obligatorias en la etiqueta: Apta para diabéticos. Elaborado con  55 g de ciruela por 100 g. Contenido total de azucares 40 g por 100 g."],"ingredients":[" Ciruelas (pueden contener huesos), fructosa, gelificante (pectina), corrector de acidez (ácido cítrico), conservador (E-202), antioxidante (ácido ascórbico)."],"conservation":" Una vez abierto conservar refrigerado","ean":"8410134019434"},{"full_name":"LA VIEJA FABRICA mermelada de ciruela frasco 350 g","name":"mermelada de ciruela frasco 350 g","brand":"LA VIEJA FABRICA ","img":"https://sgfm.elcorteingles.es/SGFM/dctm/MEDIA03/201606/22/00120605400751____1__600x600.jpg","price":"1,70 €","price_unit":"(4,86 € / Kilo)","categories":["Supermercado","Desayunos Dulces y pan","Desayunos, dulces y pan","Mermelada, confituras y miel","Mermelada y confitura de ciruela","LA VIEJA FABRICA mermelada de ciruela frasco 350 g"],"general_information":["Denominación del alimento: Mermelada de ciruela","Nombre del operador: Ángel Camacho Alimentación, S.L.","Dirección del operador: Avda. del Pilar, 6 - 41530 Morón de la Frontera (Sevilla)","Lugar de procedencia del alimento: Producto de España","Cantidad Neta: 350 g","Otras menciones obligatorias en la etiqueta: Elaborado con  45 g de ciruelas por 100 g. Contenido total de azucares 54 g por 100 g."],"ingredients":[" Ciruelas (pueden contener huesos), azúcar, gelificante (pectina), corrector de acidez (ácido cítrico), conservador (E-202), antioxidante (ácido ascórbico)."],"conservation":" Una vez abierto conservar refrigerado","ean":"8414555011008"},{"full_name":"ST. DALFOUR Rapsodia de frutas mermelada de ciruelas mirabel frasco 284 g","name":"Rapsodia de frutas mermelada de ciruelas mirabel frasco 284 g","brand":"ST. DALFOUR ","img":"https://sgfm.elcorteingles.es/SGFM/01/09/8/0120605401098/0120605401098000g01011.jpg","price":"3,38 €","price_unit":"(11,90 € / Kilo)","categories":["Supermercado","Desayunos Dulces y pan","Desayunos, dulces y pan","Mermelada, confituras y miel","Mermelada y confitura de ciruela","ST. DALFOUR Rapsodia de frutas mermelada de ciruelas mirabel frasco 284 g"],"general_information":["Denominación del alimento: Rapsodia de frutas","País de origen: Francia","Nombre del operador: St. Dalfour SAS","Dirección del operador: Chemin de Cazeaux - 47200 Marmande (France)","Cantidad Neta: 284 g"],"ingredients":[" Ciruelas (51%), zumo de frutas concentrado (uva y dátil), zumo de limón, pectina de fruta"],"conservation":" Conservar en frio una vez abierto","ean":"0084380957345"},{"full_name":"FET A SOLLER confitura de ciruela frasco 225 g","name":"confitura de ciruela frasco 225 g","brand":"FET A SOLLER ","img":"https://sgfm.elcorteingles.es/SGFM/dctm/MEDIA02/CONTENIDOS/201410/30/00120605400942____1__600x600.jpg","price":"4,75 €","price_unit":"(21,11 € / Kilo)","categories":["Supermercado","Desayunos Dulces y pan","Desayunos, dulces y pan","Mermelada, confituras y miel","Mermelada y confitura de ciruela","FET A SOLLER confitura de ciruela frasco 225 g"],"general_information":["Denominación del alimento: Confitura","Nombre del operador: Centre Esp.Ocupació Estel Nou","Dirección del operador: C/ Andreu Coll 31 - 33, 07100 Sóller, España.","Cantidad Neta: 225 g"],"ingredients":[" Ciruela (67g de ciruela por 100g de producto), azúcar y zumo de limón."],"conservation":" Una vez abierto, conservar en el frigorífico. Mantener en lugar seco y fresco. Proteger de la luz.","ean":"8436015960114"},{"full_name":"HERO mermelada de mango de temporada frasco 350 g","name":"mermelada de mango de temporada frasco 350 g","brand":"HERO ","img":"https://sgfm.elcorteingles.es/SGFM/dctm/MEDIA02/CONTENIDOS/201506/01/00120605403821____1__600x600.jpg","price":"2,32 €","price_unit":"(6,63 € / Kilo)","categories":["Supermercado","Desayunos Dulces y pan","Desayunos, dulces y pan","Mermelada, confituras y miel","Mermelada y confitura tropicales","HERO mermelada de mango de temporada frasco 350 g"],"general_information":["Denominación del alimento: Mermelada De Mango.","País de origen: España","Nombre del operador: Hero España, S.A.","Dirección del operador: Avda. Murcia, 1 30820 Alcantarilla, Murcia","Cantidad Neta: 345 g"],"ingredients":[" Mango,  azúcar, zumo de limón  a partir de concentrado,  gelificante (pectina de cítricos) y antioxidante (ácido L-ascórbico)."],"conservation":" Conservar en lugar fresco y seco. Una vez abierto, mantener en el frigorífico.","ean":"8410175056856"},{"full_name":"LA VIEJA FABRICA mermelada de piña frasco 350 g","name":"mermelada de piña frasco 350 g","brand":"LA VIEJA FABRICA ","img":"https://sgfm.elcorteingles.es/SGFM/dctm/MEDIA03/201606/22/00120605400678____1__600x600.jpg","price":"1,78 €","price_unit":"(5,09 € / Kilo)","categories":["Supermercado","Desayunos Dulces y pan","Desayunos, dulces y pan","Mermelada, confituras y miel","Mermelada y confitura tropicales","LA VIEJA FABRICA mermelada de piña frasco 350 g"],"general_information":["Denominación del alimento: Mermelada de piña","Nombre del operador: Ángel Camacho Alimentación, S.L.","Dirección del operador: Avda. del Pilar, 6 - 41530 Morón de la Frontera (Sevilla)","Lugar de procedencia del alimento: Producto de España","Cantidad Neta: 350 g","Otras menciones obligatorias en la etiqueta: Elaborado con  48 g de piña por 100 g. Contenido total de azucares 52 g por 100 g."],"ingredients":[" Piña, azúcar, gelificante (pectina), corrector de acidez (ácido cítrico), conservador (E-202), antioxidante (ácido ascórbico)."],"conservation":" Una vez abierto conservar refrigerado","ean":"8414555007001"},{"full_name":"LA VIEJA FABRICA mermelada de piña y mango frasco 350 g","name":"mermelada de piña y mango frasco 350 g","brand":"LA VIEJA FABRICA ","img":"https://sgfm.elcorteingles.es/SGFM/dctm/MEDIA03/201711/08/00120605405396____1__600x600.jpg","price":"1,89 €","price_unit":"(5,40 € / Kilo)","categories":["Supermercado","Desayunos Dulces y pan","Desayunos, dulces y pan","Mermelada, confituras y miel","Mermelada y confitura tropicales","LA VIEJA FABRICA mermelada de piña y mango frasco 350 g"],"general_information":[],"ingredients":[],"ean":"8410134022700"},{"full_name":"LA VIEJA FABRICA Cremosa mermelada de mango frasco 350 g","name":"Cremosa mermelada de mango frasco 350 g","brand":"LA VIEJA FABRICA ","img":"https://sgfm.elcorteingles.es/SGFM/dctm/MEDIA03/201709/19/00120605405149____1__600x600.jpg","price":"1,75 €","price_unit":"(5 € / Kilo)","categories":["Supermercado","Desayunos Dulces y pan","Desayunos, dulces y pan","Mermelada, confituras y miel","Mermelada y confitura tropicales","LA VIEJA FABRICA Cremosa mermelada de mango frasco 350 g"],"general_information":["Denominación del alimento: Crema de mermelada de mango","Nombre del operador: Ángel Camacho Alimentación, S.L.","Dirección del operador: Avda. del Pilar, 6 - 41530 Morón de la Frontera (Sevilla)","Lugar de procedencia del alimento: Producto de España","Cantidad Neta: 350 g","Otras menciones obligatorias en la etiqueta: Elaborado con  55 g de mango por 100 g. Contenido total de azucares 52 g por 100 g."],"ingredients":[" Mango, azúcar, agua, gelificante (pectina), corrector de acidez (ácido cítrico), antioxidante (ácido ascórbico), conservador (sorbato potásico)."],"conservation":" Una vez abierto conservar refrigerado","ean":"8410134020461"},{"full_name":"LA VIEJA FABRICA Diet mermelada de piña sin azúcar frasco 280 g","name":"Diet mermelada de piña sin azúcar frasco 280 g","brand":"LA VIEJA FABRICA ","img":"https://sgfm.elcorteingles.es/SGFM/00/27/7/0120605600277/0120605600277000g01011.jpg","price":"1,73 €","price_unit":"(6,18 € / Kilo)","categories":["Supermercado","Desayunos Dulces y pan","Desayunos, dulces y pan","Mermelada, confituras y miel","Mermelada y confitura tropicales","LA VIEJA FABRICA Diet mermelada de piña sin azúcar frasco 280 g"],"general_information":["Denominación del alimento: Mermelada de piña diet","Nombre del operador: Ángel Camacho Alimentación, S.L.","Dirección del operador: Avda. del Pilar, 6 - 41530 Morón de la Frontera (Sevilla)","Lugar de procedencia del alimento: Producto de España","Cantidad Neta: 280 g","Otras menciones obligatorias en la etiqueta: Apta para diabéticos. Elaborado con  60 g de piña por 100 g. Contenido total de azucares 40 g por 100 g."],"ingredients":[" Piña, fructosa, gelificante (pectina), corrector de acidez (ácido cítrico), conservador (E-202), antioxidante (ácido ascórbico)."],"conservation":" Una vez abierto conservar refrigerado","ean":"8410134019472"},{"full_name":"FET A SOLLER confitura de kiwi frasco 225 g","name":"confitura de kiwi frasco 225 g","brand":"FET A SOLLER ","img":"https://sgfm.elcorteingles.es/SGFM/dctm/MEDIA02/CONTENIDOS/201410/30/00120605401015____1__600x600.jpg","price":"4,55 €","price_unit":"(20,22 € / Kilo)","categories":["Supermercado","Desayunos Dulces y pan","Desayunos, dulces y pan","Mermelada, confituras y miel","Mermelada y confitura tropicales","FET A SOLLER confitura de kiwi frasco 225 g"],"general_information":["Denominación del alimento: Confitura","Nombre del operador: Centre Esp.Ocupació Estel Nou","Dirección del operador: C/ Andreu Coll 31 - 33, 07100 Sóller, España.","Cantidad Neta: 225 g"],"ingredients":[" Kiwi (65g de kiwi por 100g de producto), azúcar y zumo de limón."],"conservation":" Una vez abierto, conservar en el frigorífico. Mantener en lugar seco y fresco. Proteger de la luz.","ean":"8436015960244"},{"full_name":"ST. DALFOUR Rapsodia de frutas mermelada de piña y mango frasco 284","name":"Rapsodia de frutas mermelada de piña y mango frasco 284 ","brand":"ST. DALFOUR ","img":"https://sgfm.elcorteingles.es/SGFM/01/17/7/0200205401177/0200205401177000g01011.jpg","price":"3,38 €","price_unit":"(11,90 € / Kilo)","categories":["Supermercado","Desayunos Dulces y pan","Desayunos, dulces y pan","Mermelada, confituras y miel","Mermelada y confitura tropicales","ST. DALFOUR Rapsodia de frutas mermelada de piña y mango frasco 284"],"general_information":["Denominación del alimento: MERMELADA NARANJA AMARGA","País de origen: Alemania","Nombre del operador: Casa Westfalia, S.A.","Dirección del operador: C/ Dels Roures 4, Polígono Industrial V2 - 17111 Vulpellac (Girona)","Cantidad Neta: 225 g"],"ingredients":[" Jarabe de glucosa y fructosa, naranja, azúcar, gelificante: pectina, acidulante: ácido cítrico. Una vez abierto el envase, conservar en frigorífico."],"conservation":" Mantener en lugar fresco y seco","ean":"4026701006512"},{"full_name":"INTERMON OXFAM confitura de guayaba y maracuyá frasco 300 g","name":"confitura de guayaba y maracuyá frasco 300 g","brand":"INTERMON OXFAM ","img":"https://sgfm.elcorteingles.es/SGFM/02/34/4/0120605402344/0120605402344000g01011.jpg","price":"4,29 €","price_unit":"(14,30 € / Kilo)","categories":["Supermercado","Desayunos Dulces y pan","Desayunos, dulces y pan","Mermelada, confituras y miel","Mermelada y confitura tropicales","INTERMON OXFAM confitura de guayaba y maracuyá frasco 300 g"],"general_information":["Denominación del alimento: Confitura extra de Guayaba y Maracuyá.","País de origen: Ecuador","Nombre del operador: Oxfam Intermón.","Dirección del operador: C/ Louis Pasteur 1, Parque tecnológico 46980 Paterna (Valencia).","Cantidad Neta: 290,0 g"],"ingredients":[" Guayabá (56%), azúcar, maracuyá (20%)."],"conservation":" Conservar en lugar fresco y seco.","ean":"8437007611366"},{"full_name":"INTERMON OXFAM confitura de mango frasco 300 g","name":"confitura de mango frasco 300 g","brand":"INTERMON OXFAM ","img":"https://sgfm.elcorteingles.es/SGFM/02/35/1/0120605402351/0120605402351000g01011.jpg","price":"4,29 €","price_unit":"(14,30 € / Kilo)","categories":["Supermercado","Desayunos Dulces y pan","Desayunos, dulces y pan","Mermelada, confituras y miel","Mermelada y confitura tropicales","INTERMON OXFAM confitura de mango frasco 300 g"],"general_information":["Denominación del alimento: Confitura extra de Mango.","País de origen: Ecuador","Nombre del operador: Oxfam Intermón.","Dirección del operador: C/ Louis Pasteur 1, Parque tecnológico 46980 Paterna (Valencia).","Cantidad Neta: 290,0 g"],"ingredients":[" Mango (65%), azúcar, ácido cítrico."],"conservation":" Conservar en lugar fresco y seco.","ean":"8437007611359"},{"full_name":"EL CORTE INGLES mermelada extra de calabaza 60% fruta tarro 410 g","name":"mermelada extra de calabaza 60% fruta tarro 410 g","brand":"EL CORTE INGLES ","img":"https://sgfm.elcorteingles.es/SGFM/dctm/MEDIA02/CONTENIDOS/201507/09/00120605403722____2__600x600.jpg","price":"1,68 €","price_unit":"(4,10 € / Kilo)","categories":["Supermercado","Desayunos Dulces y pan","Desayunos, dulces y pan","Mermelada, confituras y miel","Mermelada y confituras diversas","EL CORTE INGLES mermelada extra de calabaza 60% fruta tarro 410 g"],"general_information":["Denominación del alimento: Mermelada extra de calabaza","Nombre del operador: Elaborado para El Corte Inglés                                   por Iberfruta Muerza, S.A Pol industrial, 45         31570 San Adrián (Navarra)","Cantidad Neta: 410 g","Número de raciones por envase: ~ 16"],"ingredients":[" Ingredientes: Calabaza (60 %), azúcar,  espesante: pectina, acidulante: ácido cítrico"],"conservation":" Conservar en lugar fresco y seco. Una vez abierto almacenar en frigorífico.","ean":"8433329059695"},{"full_name":"EL CORTE INGLES mermelada extra de cereza 60% fruta tarro 410 g","name":"mermelada extra de cereza 60% fruta tarro 410 g","brand":"EL CORTE INGLES ","img":"https://sgfm.elcorteingles.es/SGFM/dctm/MEDIA02/CONTENIDOS/201507/09/00120605403714____2__600x600.jpg","price":"1,68 €","price_unit":"(4,10 € / Kilo)","categories":["Supermercado","Desayunos Dulces y pan","Desayunos, dulces y pan","Mermelada, confituras y miel","Mermelada y confituras diversas","EL CORTE INGLES mermelada extra de cereza 60% fruta tarro 410 g"],"general_information":["Denominación del alimento: Mermelada extra de cereza","Nombre del operador: Elaborado para El Corte Inglés                                   por Iberfruta Muerza, S.A Pol industrial, 45         31570 San Adrián (Navarra)","Cantidad Neta: 410 g","Número de raciones por envase: ~ 16"],"ingredients":[" Ingredientes: Cereza (60 %), azúcar, espesante: pectina, acidulante: ácido cítrico"],"conservation":" Conservar en lugar fresco y seco. Una vez abierto almacenar en frigorífico.","ean":"8433329059688"},{"full_name":"EL CORTE INGLES mermelada extra de higo 60% fruta tarro 410 g","name":"mermelada extra de higo 60% fruta tarro 410 g","brand":"EL CORTE INGLES ","img":"https://sgfm.elcorteingles.es/SGFM/dctm/MEDIA02/CONTENIDOS/201507/09/00120605403698____2__600x600.jpg","price":"1,68 €","price_unit":"(4,10 € / Kilo)","categories":["Supermercado","Desayunos Dulces y pan","Desayunos, dulces y pan","Mermelada, confituras y miel","Mermelada y confituras diversas","EL CORTE INGLES mermelada extra de higo 60% fruta tarro 410 g"],"general_information":["Denominación del alimento: Mermelada extra de higo","Nombre del operador: Elaborado para El Corte Inglés                               por Iberfruta Muerza, S.A Pol industrial, 45         31570 San Adrián (Navarra)","Cantidad Neta: 410 g","Número de raciones por envase: ~ 16"],"ingredients":[" Ingredientes: Higo (60 %), azúcar, agua,  espesante: pectina, acidulante: ácido cítrico"],"conservation":" Conservar en lugar fresco y seco. Una vez abierto almacenar en frigorífico.","ean":"8433329059664"},{"full_name":"ALIADA mermelada extra de tomate tarro 410 g","name":"mermelada extra de tomate tarro 410 g","brand":"ALIADA ","img":"https://sgfm.elcorteingles.es/SGFM/dctm/MEDIA02/CONTENIDOS/201505/28/00200205403439____1__600x600.jpg","price":"0,98 €","price_unit":"(2,39 € / Kilo)","categories":["Supermercado","Desayunos Dulces y pan","Desayunos, dulces y pan","Mermelada, confituras y miel","Mermelada y confituras diversas","ALIADA mermelada extra de tomate tarro 410 g"],"general_information":["Denominación del alimento: Mermelada extra de tomate","Nombre del operador: Elaborado para el Grupo El Corte Inglés \nHermosilla, 112   28009 Madrid-España\npor CIF: A47002878","Cantidad Neta: 410 g"],"ingredients":[" Ingredientes: Tomate (55%), azúcar, jarabe de glucosa y fructosa, espesante: pectina y acidulante: ácido cítrico."],"conservation":" Conservar en lugar fresco y seco. Una vez abierto almacenar en frigorífico.","ean":"8433329059633"},{"full_name":"HERO confitura extra de tomates selectos frasco 345 g","name":"confitura extra de tomates selectos frasco 345 g","brand":"HERO ","img":"https://sgfm.elcorteingles.es/SGFM/dctm/MEDIA02/CONTENIDOS/201512/29/00120605400488____1__600x600.jpg","price":"1,59 €","price_unit":"(4,61 € / Kilo)","categories":["Supermercado","Desayunos Dulces y pan","Desayunos, dulces y pan","Mermelada, confituras y miel","Mermelada y confituras diversas","HERO confitura extra de tomates selectos frasco 345 g"],"general_information":["Denominación del alimento: Confitura De Tomate","País de origen: España","Nombre del operador: Hero España, S.A.","Dirección del operador: Avda. Murcia, 1 30820 Alcantarilla, Murcia","Cantidad Neta: 345 g"],"ingredients":[" Tomate , azúcar , jarabe de glucosa y fructosa, gelificante (pectina) y acidulante (ácido cítrico)."],"conservation":" Conservar en lugar fresco y seco. Una vez abierto, mantener en el frigorífico.","ean":"8410175011756"},{"full_name":"HERO confitura de cerezas selectas frasco 345 g","name":"confitura de cerezas selectas frasco 345 g","brand":"HERO ","img":"https://sgfm.elcorteingles.es/SGFM/dctm/MEDIA02/CONTENIDOS/201512/29/00120605400512____1__600x600.jpg","price":"1,68 €","price_unit":"(4,87 € / Kilo)","categories":["Supermercado","Desayunos Dulces y pan","Desayunos, dulces y pan","Mermelada, confituras y miel","Mermelada y confituras diversas","HERO confitura de cerezas selectas frasco 345 g"],"general_information":["Denominación del alimento: Confitura De Cereza","País de origen: España","Nombre del operador: Hero España, S.A.","Dirección del operador: Avda. Murcia, 1 30820 Alcantarilla, Murcia","Cantidad Neta: 345 g"],"ingredients":[" Cereza, azúcar, jarabe de glucosa y fructosa,  gelificante (pectina) y acidulante (ác.cítrico)."],"conservation":" Conservar en lugar fresco y seco. Una vez abierto, mantener en el frigorífico.","ean":"8410175012555"},{"full_name":"HERO confituras surtidas estuche 8 unds. 25 g","name":"confituras surtidas estuche 8 unds. 25 g","brand":"HERO ","img":"https://sgfm.elcorteingles.es/SGFM/00/57/9/0120605400579/0120605400579000g01011.jpg","price":"1,48 €","price_unit":"(59,20 € / Kilo)","categories":["Supermercado","Desayunos Dulces y pan","Desayunos, dulces y pan","Mermelada, confituras y miel","Mermelada y confituras diversas","HERO confituras surtidas estuche 8 unds. 25 g"],"general_information":["Denominación del alimento: Confituras Extra","País de origen: España","Nombre del operador: Hero España, S.A.","Dirección del operador: Avda. Murcia, 1 30820 Alcantarilla, Murcia","Cantidad Neta: 25 g"],"ingredients":[" Fresa: Fresa, azúcar, jarabe de glucosa, gelificante (pectina), acidulante (ácido cítrico).; Melocotón: Melocotón, azúcar, jarabe de glucosa, gelificante (pectina), acidulante (ácido cítrico) y antioxidante (ácido L-ascórbico); Albaricoque: Albaricoque, azúcar, jarabe de glucosa, gelificante (pectina), acidulante (ácido cítrico) y antioxidante (ácido L-ascórbico); Ciruela: Ciruela, azúcar, jarabe de glucosa, gelificante (pectina), acidulante (ácido cítrico) y antioxidante (ácido L-ascórbico)"],"conservation":" Conservar en lugar fresco y seco. Una vez abierto, mantener en el frigorífico.","ean":"8410175012012"},{"full_name":"HERO confituras surtidas pack 6 frascos estuche 180 g","name":"confituras surtidas pack 6 frascos estuche 180 g","brand":"HERO ","img":"https://sgfm.elcorteingles.es/SGFM/dctm/MEDIA03/201607/08/00120605400538____1__600x600.jpg","price":"3,30 €","price_unit":"(18,33 € / Kilo)","categories":["Supermercado","Desayunos Dulces y pan","Desayunos, dulces y pan","Mermelada, confituras y miel","Mermelada y confituras diversas","HERO confituras surtidas pack 6 frascos estuche 180 g"],"general_information":["Denominación del alimento: Confituras Extra Y No Extra","País de origen: España","Nombre del operador: Hero España, S.A.","Dirección del operador: Avda. Murcia, 1 30820 Alcantarilla, Murcia","Cantidad Neta: 30 g"],"ingredients":[" Fresa: Fresa, azúcar, jarabe de glucosa y fructosa, gelificante (pectina), acidulante (ácido cítrico) y concentrado de sauco.; Melocotón: Melocotón, azúcar, jarabe de glucosa, gelificante (pectina), acidulante (ácido cítrico) y antioxidante (ácido L-ascórbico); Ciruela: Ciruela, azúcar, jarabe de glucosa, gelificante (pectina) y correctores de acidez (citrato sódico y ácido cítrico); Frambuesa: Frambuesa, azúcar, jarabe de glucosa, gelificante (pectina), correctores de acidez (citrato sódico y ácido cítrico) y concentrado de sauco; Grosella:  Grosella, azúcar, jarabe de glucosa, gelificante (pectina) y concentrado de sauco; Naranja Amarga: Azúcar, naranja amarga, gelificante (pectina), jarabe de glucosa y fructosa, gelificante (pectina) y acidulante (ácido cítrico)."],"conservation":" Conservar en lugar fresco y seco. Una vez abierto, mantener en el frigorífico.","ean":"8410175009258"},{"full_name":"HERO mermelada de higos de temporada frasco 350 g","name":"mermelada de higos de temporada frasco 350 g","brand":"HERO ","img":"https://sgfm.elcorteingles.es/SGFM/dctm/MEDIA03/201702/23/00120605402914____1__600x600.jpg","price":"1,58 €","price_unit":"(4,51 € / Kilo)","categories":["Supermercado","Desayunos Dulces y pan","Desayunos, dulces y pan","Mermelada, confituras y miel","Mermelada y confituras diversas","HERO mermelada de higos de temporada frasco 350 g"],"general_information":["Denominación del alimento: Mermelada De Higo","País de origen: España","Nombre del operador: Hero España, S.A.","Dirección del operador: Avda. Murcia, 1 30820 Alcantarilla, Murcia","Cantidad Neta: 350 g"],"ingredients":[" Higo,  azúcar, gelificante (pectina de cítricos), zumo de limón  a partir de concentrado y antioxidante (ácido l-ascórbico)."],"conservation":" Conservar en lugar fresco y seco. Una vez abierto, mantener en el frigorífico.","ean":"8410175032935"},{"full_name":"HERO DIET confitura de kiwi con stevia sin azúcar y sin aspartamo frasco 280 g","name":"confitura de kiwi con stevia sin azúcar y sin aspartamo frasco 280 g","brand":"HERO DIET ","img":"https://sgfm.elcorteingles.es/SGFM/dctm/MEDIA03/201607/20/00120605600327____1__600x600.jpg","price":"1,65 €","price_unit":"(5,89 € / Kilo)","categories":["Supermercado","Desayunos Dulces y pan","Desayunos, dulces y pan","Mermelada, confituras y miel","Mermelada y confituras diversas","HERO DIET confitura de kiwi con stevia sin azúcar y sin aspartamo frasco 280 g"],"general_information":["Denominación del alimento: Confitura De Kiwi Ciruela De Valor Energetico Reducido. Con Edulcorantes.","País de origen: España","Nombre del operador: Hero España, S.A.","Dirección del operador: Avda. Murcia, 1 30820 Alcantarilla, Murcia","Cantidad Neta: 280 g"],"ingredients":[" Kiwi, (25%), ciruela (25%), agua, edulcorantes (jarabe de sorbitol, glucósidos de steviol, sucralosa y acesulfame K), concentrado de limón, gelificante (pectina), conservante (sorbato potásico), concentrado de acerola y endurecedor (cloruro cálcico)."],"conservation":" Conservar en lugar fresco y seco. Una vez abierto conservar en el frigorífico.","ean":"8410175063250"},{"full_name":"LA VIEJA FABRICA Cocina Selecta pimiento endulzado frasco 285 g","name":"Cocina Selecta pimiento endulzado frasco 285 g","brand":"LA VIEJA FABRICA ","img":"https://sgfm.elcorteingles.es/SGFM/02/74/1/0118029902741/0118029902741000g01011.jpg","price":"2,05 €            ","price_unit":"(6,49 € / Kilo)","categories":["Supermercado","Desayunos Dulces y pan","Desayunos, dulces y pan","Mermelada, confituras y miel","Mermelada y confituras diversas","LA VIEJA FABRICA Cocina Selecta pimiento endulzado frasco 285 g"],"general_information":["Denominación del alimento: Elaborado de pimiento con azúcar","Nombre del operador: Ángel Camacho Alimentación, S.L.","Dirección del operador: Avda. del Pilar, 6 - 41530 Morón de la Frontera (Sevilla)","Lugar de procedencia del alimento: Producto de España","Cantidad Neta: 350 g","Otras menciones obligatorias en la etiqueta: Elaborado con  55 g de pimiento por 100 g. Contenido total de azúcares 52 g por 100 g."],"ingredients":[" Pimiento rojo, azúcar, gelificante (pectina), acidulante (ácido cítrico), conservador (E-202)."],"conservation":" Una vez abierto conservar refrigerado","ean":"8410134017980"},{"full_name":"HELIOS mermelada de tomate frasco 340 g","name":"mermelada de tomate frasco 340 g","brand":"HELIOS ","img":"https://sgfm.elcorteingles.es/SGFM//01/93/2/0120605401932/0120605401932000g01011.jpg","price":"1,51 €","price_unit":"(4,44 € / Kilo)","categories":["Supermercado","Desayunos Dulces y pan","Desayunos, dulces y pan","Mermelada, confituras y miel","Mermelada y confituras diversas","HELIOS mermelada de tomate frasco 340 g"],"general_information":["Denominación del alimento: Mermelada extra de tomate","Nombre del operador: DULCES Y CONSERVAS HELIOS S.A.","Dirección del operador: Carretera de Salamanca, nº44, 47195 Arroyo de la Encomienda","Cantidad Neta: 340 g","Número de raciones por envase: 11","Otras menciones obligatorias en la etiqueta: Se recomienda seguir un estilo de vida saludable y una dieta variada y equilibrada"],"ingredients":[" Tomate, azúcar, pectina de fruta, ácido cítrico."],"conservation":" Conservese en lugar fresco y seco. Una vez abierto conservesé en el frigorifico","ean":"8410095505298"},{"full_name":"HELIOS mermelada de higo extra frasco 340 g","name":"mermelada de higo extra frasco 340 g","brand":"HELIOS ","img":"https://sgfm.elcorteingles.es/SGFM/03/21/9/0120605403219/0120605403219000g01011.jpg","price":"1,90 €","price_unit":"(5,59 € / Kilo)","categories":["Supermercado","Desayunos Dulces y pan","Desayunos, dulces y pan","Mermelada, confituras y miel","Mermelada y confituras diversas","HELIOS mermelada de higo extra frasco 340 g"],"general_information":["Denominación del alimento: Mermelada Extra Higo","Nombre del operador: DULCES Y CONSERVAS HELIOS S.A.","Dirección del operador: Carretera de Salamanca, nº44, 47195 Arroyo de la Encomienda","Cantidad Neta: 345 g"],"ingredients":[" Higo, Azucar, pectina de fruta, ácido citrico"],"conservation":" Conservese en lugar fresco y seco. Una vez abierto conservesé en el frigorifico","ean":"8410095505564"},{"full_name":"HELIOS confitura de arándanos con 57% de fruta y azúcar moreno de caña frasco 330 g","name":"confitura de arándanos con 57% de fruta y azúcar moreno de caña frasco 330 g","brand":"HELIOS ","img":"https://sgfm.elcorteingles.es/SGFM/dctm/MEDIA03/201704/20/00120605404878____1__600x600.jpg","price":"2,40 €            ","price_unit":"(6,79 € / Kilo)","categories":["Supermercado","Desayunos Dulces y pan","Desayunos, dulces y pan","Mermelada, confituras y miel","Mermelada y confituras diversas","HELIOS confitura de arándanos con 57% de fruta y azúcar moreno de caña frasco 330 g"],"general_information":["Denominación del alimento: Confitura Natural Arándano","Nombre del operador: DULCES Y CONSERVAS HELIOS S.A.","Dirección del operador: Carretera de Salamanca, nº44, 47195 Arroyo de la Encomienda","Cantidad Neta: 330 g"],"ingredients":[" Arándano, azúcar moreno de caña, zumo de limón, espesante: pectina de frutas (si los arándanos no contienen suficiente)"],"conservation":" Conservese en lugar fresco y seco. Una vez abierto conservesé en el frigorifico","ean":"8410095507025"},{"full_name":"HIDA cabello de ángel lata 520 g","name":"cabello de ángel lata 520 g","brand":"HIDA ","img":"https://sgfm.elcorteingles.es/SGFM/01/81/8/0118031701818/0118031701818000g01011.jpg","price":"1,59 €","price_unit":"(3,06 € / Kilo)","categories":["Supermercado","Desayunos Dulces y pan","Desayunos, dulces y pan","Mermelada, confituras y miel","Mermelada y confituras diversas","HIDA cabello de ángel lata 520 g"],"general_information":["Denominación del alimento: Cabello de ángel.","Nombre del operador: Hida Alimentación, S.A.","Dirección del operador: Pol. El Arreaque. Apdo. 70 -30.170 Mula (Murcia)-España.","Cantidad Neta: 520 g","Otras menciones obligatorias en la etiqueta: Alto contenido en azúcares."],"ingredients":[" Pulpa de calabaza, azúcar, espesantes: almidón de maíz, carragentato, goma de garrofín y acidulante: ácido cítrico."],"conservation":"Modo de empleo: Puede servir como base para la elaboración de diferentes platos dulces o como guarnición de otros platos.","ean":"8424523080066"},{"full_name":"BONNE MAMAN confitura de higo frasco 370 g","name":"confitura de higo frasco 370 g","brand":"BONNE MAMAN ","img":"https://sgfm.elcorteingles.es/SGFM/00/83/5/0120605400835/0120605400835000g01011.jpg","price":"2,99 €","price_unit":"(8,08 € / Kilo)","categories":["Supermercado","Desayunos Dulces y pan","Desayunos, dulces y pan","Mermelada, confituras y miel","Mermelada y confituras diversas","BONNE MAMAN confitura de higo frasco 370 g"],"general_information":["Denominación del alimento: Confitura de higo","Nombre del operador: Productos alimentarios Andros España S.L.","Dirección del operador: Sallurtiarra, s/n -  01200 Salvatierra (Álava)","Lugar de procedencia del alimento: Francia.","Cantidad Neta: 370 g"],"ingredients":[" Higos, azúcar, azúcar moreno de caña, jugo concentrado de limón, agente gelificante: pectina de fruta."],"conservation":" Conservar en lugar fresco y seco. Una vez abierto, mantener refrigerado.","ean":"3045320007992"},{"full_name":"LA VIEJA FABRICA Cocina Selecta cebolla endulzada frasco 290 g","name":"Cocina Selecta cebolla endulzada frasco 290 g","brand":"LA VIEJA FABRICA ","img":"https://sgfm.elcorteingles.es/SGFM/02/73/3/0118029902733/0118029902733000g01011.jpg","price":"2,05 €            ","price_unit":"(6,38 € / Kilo)","categories":["Supermercado","Desayunos Dulces y pan","Desayunos, dulces y pan","Mermelada, confituras y miel","Mermelada y confituras diversas","LA VIEJA FABRICA Cocina Selecta cebolla endulzada frasco 290 g"],"general_information":["Denominación del alimento: Elaborado de cebolla con azúcar","Nombre del operador: Ángel Camacho Alimentación, S.L.","Dirección del operador: Avda. del Pilar, 6 - 41530 Morón de la Frontera (Sevilla)","Lugar de procedencia del alimento: Producto de España","Cantidad Neta: 360 g","Otras menciones obligatorias en la etiqueta: Elaborado con  50 g de cebolla por 100 g. Contenido total de azúcares 52 g por 100 g."],"ingredients":[" Cebolla, azúcar, gelificante (pectina), acidulante (ácido cítrico), conservador (E-202), antioxidante (ácido ascórbico)."],"conservation":" Una vez abierto conservar refrigerado","ean":"8410134017973"},{"full_name":"MONASTERIO DE SANTA PAULA mermelada de manzana con menta frasco 300 g","name":"mermelada de manzana con menta frasco 300 g","brand":"MONASTERIO DE SANTA PAULA ","img":"https://sgfm.elcorteingles.es/SGFM/04/67/7/0120972304677/0120972304677000g01011.jpg","price":"4,00 €","categories":["Supermercado","Desayunos Dulces y pan","Desayunos, dulces y pan","Mermelada, confituras y miel","Mermelada y confituras diversas","MONASTERIO DE SANTA PAULA mermelada de manzana con menta frasco 300 g"],"general_information":[],"ingredients":[]},{"full_name":"LA VIEJA FABRICA mermeladas surtidas pack 4 tarro 28 g","name":"mermeladas surtidas pack 4 tarro 28 g","brand":"LA VIEJA FABRICA ","img":"https://sgfm.elcorteingles.es/SGFM/02/36/9/0120605402369/0120605402369000g01011.jpg","price":"2,21 €","price_unit":"(78,93 € / Kilo)","categories":["Supermercado","Desayunos Dulces y pan","Desayunos, dulces y pan","Mermelada, confituras y miel","Mermelada y confituras diversas","LA VIEJA FABRICA mermeladas surtidas pack 4 tarro 28 g"],"general_information":["Denominación del alimento: Mermelada de fresas, melocotón, frambuesas y naranja amarga","Nombre del operador: Ángel Camacho Alimentación, S.L.","Dirección del operador: Avda. del Pilar, 6 - 41530 Morón de la Frontera (Sevilla)","Cantidad Neta: 114 g","Otras menciones obligatorias en la etiqueta: Mermelada de fresas: elaborado con  45 g de fresas por 100 g. Contenido total de azúcares 52 g por 100 g. Mermelada de melocotón: elaborado con  45 g de melocotón por 100 g. Contenido total de azúcares 55 g por 100 g. Mermelada de frambuesas: elaborado con  45 g de frambuesas por 100 g. Contenido total de azúcares 50 g por 100 g. Mermelada de naranja amarga: elaborado con  40 g de naranja por 100 g. Contenido total de azúcares 58 g por 100 g."],"ingredients":[" Mermelada de fresa Fresas, azúcar, gelificante (pectina), corrector de acidez (ácido cítrico), conservador (E-202).Mermelada de melocotón Melocotón, azúcar, gelificante (pectina), corrector de acidez (ácido cítrico), conservador (E-202), antioxidante (ácido ascórbico).Mermelada de frambuesas Frambuesas, azúcar, gelificante (pectina), corrector de acidez (ácido cítrico), conservador (E-202).Mermelada de naranja amarga Azúcar, naranjas amargas de Sevilla, gelificante (pectina), corrector de acidez (ácido cítrico), conservador (E-202)"],"conservation":" Una vez abierto conservar refrigerado","ean":"8410134017409"},{"full_name":"LA VIEJA FABRICA Cocina Selecta mermelada de higos frasco 285 g","name":"Cocina Selecta mermelada de higos frasco 285 g","brand":"LA VIEJA FABRICA ","img":"https://sgfm.elcorteingles.es/SGFM/dctm/MEDIA02/CONTENIDOS/201509/10/00120605403938____1__600x600.jpg","price":"2,04 €","price_unit":"(7,16 € / Kilo)","categories":["Supermercado","Desayunos Dulces y pan","Desayunos, dulces y pan","Mermelada, confituras y miel","Mermelada y confituras diversas","LA VIEJA FABRICA Cocina Selecta mermelada de higos frasco 285 g"],"general_information":["Denominación del alimento: Mermelada de higos","Nombre del operador: Ángel Camacho Alimentación, S.L.","Dirección del operador: Avda. del Pilar, 6 - 41530 Morón de la Frontera (Sevilla)","Lugar de procedencia del alimento: Producto de España","Cantidad Neta: 285 g","Otras menciones obligatorias en la etiqueta: Elaborado con  60 g de higos por 100 g. Contenido total de azúcares 52 g por 100 g."],"ingredients":[" Higos, azúcar, corrector de acidez (ácido cítrico), gelificante (pectina),  conservador (E-202)."],"conservation":" Una vez abierto conservar refrigerado","ean":"8410134019977"},{"full_name":"LA VIEJA FABRICA Cocina Selecta mermelada de tomate frasco 286 g","name":"Cocina Selecta mermelada de tomate frasco 286 g","brand":"LA VIEJA FABRICA ","img":"https://sgfm.elcorteingles.es/SGFM/dctm/MEDIA02/CONTENIDOS/201502/11/00120605403508____1__600x600.jpg","price":"1,85 €","price_unit":"(6,47 € / Kilo)","categories":["Supermercado","Desayunos Dulces y pan","Desayunos, dulces y pan","Mermelada, confituras y miel","Mermelada y confituras diversas","LA VIEJA FABRICA Cocina Selecta mermelada de tomate frasco 286 g"],"general_information":["Denominación del alimento: Mermelada de tomate","Nombre del operador: Ángel Camacho Alimentación, S.L.","Dirección del operador: Avda. del Pilar, 6 - 41530 Morón de la Frontera (Sevilla)","Lugar de procedencia del alimento: Producto de España","Cantidad Neta: 285 g","Otras menciones obligatorias en la etiqueta: Elaborado con  45 g de tomate por 100 g. Contenido total de azucares 53 g por 100 g."],"ingredients":[" Tomate, azúcar, gelificante (pectina), corrector de acidez (ácido cítrico), conservador (E-202)."],"conservation":" Una vez abierto conservar refrigerado","ean":"8410134019939"},{"full_name":"LA VIEJA FABRICA Cocina Selecta mermelada de arandanos frasco 285 g","name":"Cocina Selecta mermelada de arandanos frasco 285 g","brand":"LA VIEJA FABRICA ","img":"https://sgfm.elcorteingles.es/SGFM/dctm/MEDIA02/CONTENIDOS/201502/11/00120605403490____1__600x600.jpg","price":"1,85 €","price_unit":"(6,49 € / Kilo)","categories":["Supermercado","Desayunos Dulces y pan","Desayunos, dulces y pan","Mermelada, confituras y miel","Mermelada y confituras diversas","LA VIEJA FABRICA Cocina Selecta mermelada de arandanos frasco 285 g"],"general_information":["Denominación del alimento: Mermelada de arándanos","Nombre del operador: Ángel Camacho Alimentación, S.L.","Dirección del operador: Avda. del Pilar, 6 - 41530 Morón de la Frontera (Sevilla)","Lugar de procedencia del alimento: Producto de España","Cantidad Neta: 285 g","Otras menciones obligatorias en la etiqueta: Elaborado con  45 g de arándanos por 100 g. Contenido total de azucares 52 g por 100 g."],"ingredients":[" Arándanos, azúcar, gelificante (pectina), corrector de acidez (ácido cítrico), conservador (E-202)."],"conservation":" Una vez abierto conservar refrigerado","ean":"8410134019922"},{"full_name":"P. LISTO mermelada de pimiento rojo frasco 250 g","name":"mermelada de pimiento rojo frasco 250 g","brand":"P. LISTO ","img":"https://sgfm.elcorteingles.es/SGFM/dctm/MEDIA02/CONTENIDOS/201504/17/00120605401833000_1__600x600.jpg","price":"3,39 €","price_unit":"(13,56 € / Kilo)","categories":["Supermercado","Desayunos Dulces y pan","Desayunos, dulces y pan","Mermelada, confituras y miel","Mermelada y confituras diversas","P. LISTO mermelada de pimiento rojo frasco 250 g"],"general_information":[],"ingredients":[],"ean":"8437005794030"},{"full_name":"P. LISTO mermelada de tomate frasco 250 g","name":"mermelada de tomate frasco 250 g","brand":"P. LISTO ","img":"https://sgfm.elcorteingles.es/SGFM/01/84/1/0120605401841/0120605401841000g01011.jpg","price":"2,88 €","price_unit":"(11,52 € / Kilo)","categories":["Supermercado","Desayunos Dulces y pan","Desayunos, dulces y pan","Mermelada, confituras y miel","Mermelada y confituras diversas","P. LISTO mermelada de tomate frasco 250 g"],"general_information":[],"ingredients":[],"ean":"8437005794078"},{"full_name":"P. LISTO mermelada de calabacín frasco 150 g","name":"mermelada de calabacín frasco 150 g","brand":"P. LISTO ","img":"https://sgfm.elcorteingles.es/SGFM/dctm/MEDIA02/CONTENIDOS/201504/17/00120605401858000_1__600x600.jpg","price":"2,30 €","price_unit":"(15,33 € / Kilo)","categories":["Supermercado","Desayunos Dulces y pan","Desayunos, dulces y pan","Mermelada, confituras y miel","Mermelada y confituras diversas","P. LISTO mermelada de calabacín frasco 150 g"],"general_information":[],"ingredients":[],"ean":"8437005794054"},{"full_name":"ST. DALFOUR Rapsodia de frutas mermelada de higos frasco 284 g","name":"Rapsodia de frutas mermelada de higos frasco 284 g","brand":"ST. DALFOUR ","img":"https://sgfm.elcorteingles.es/SGFM/dctm/MEDIA03/201703/28/00120605401460____1__600x600.jpg","price":"3,38 €","price_unit":"(11,90 € / Kilo)","categories":["Supermercado","Desayunos Dulces y pan","Desayunos, dulces y pan","Mermelada, confituras y miel","Mermelada y confituras diversas","ST. DALFOUR Rapsodia de frutas mermelada de higos frasco 284 g"],"general_information":["Denominación del alimento: Rapsodia de frutas","País de origen: Francia","Nombre del operador: St. Dalfour SAS","Dirección del operador: Chemin de Cazeaux - 47200 Marmande (France)","Cantidad Neta: 284 g"],"ingredients":[" Higos (51%), zumo de frutas concentrado (uva y dátil), zumo de limón, pectina de fruta"],"conservation":" Conservar en frio una vez abierto","ean":"0084380959042"},{"full_name":"ST. DALFOUR mermeladas de frutas surtidas estuche de 4 envases 28 g","name":"mermeladas de frutas surtidas estuche de 4 envases 28 g","brand":"ST. DALFOUR ","img":"https://sgfm.elcorteingles.es/SGFM/dctm/MEDIA02/CONTENIDOS/201507/08/00120605402302____1__600x600.jpg","price":"3,45 €","price_unit":"(30,80 € / Kilo)","categories":["Supermercado","Desayunos Dulces y pan","Desayunos, dulces y pan","Mermelada, confituras y miel","Mermelada y confituras diversas","ST. DALFOUR mermeladas de frutas surtidas estuche de 4 envases 28 g"],"general_information":[],"ingredients":[],"ean":"3492390000086"},{"full_name":"LIEBANATURAL mermelada de manzana silvestre a la canela envase 360 g","name":"mermelada de manzana silvestre a la canela envase 360 g","brand":"LIEBANATURAL ","img":"https://sgfm.elcorteingles.es/SGFM/01/57/3/0200205401573/0200205401573000g01011.jpg","price":"4,95 €","price_unit":"(13,75 € / Kilo)","categories":["Supermercado","Desayunos Dulces y pan","Desayunos, dulces y pan","Mermelada, confituras y miel","Mermelada y confituras diversas","LIEBANATURAL mermelada de manzana silvestre a la canela envase 360 g"],"general_information":[],"ingredients":[],"ean":"8437005636019"},{"full_name":"LIEBANATURAL mermelada de naranja al orujo envase 360 g","name":"mermelada de naranja al orujo envase 360 g","brand":"LIEBANATURAL ","img":"https://sgfm.elcorteingles.es/SGFM/01/58/1/0200205401581/0200205401581000g01011.jpg","price":"4,95 €","price_unit":"(13,75 € / Kilo)","categories":["Supermercado","Desayunos Dulces y pan","Desayunos, dulces y pan","Mermelada, confituras y miel","Mermelada y confituras diversas","LIEBANATURAL mermelada de naranja al orujo envase 360 g"],"general_information":[],"ingredients":[],"ean":"8437005636002"},{"full_name":"LIEBANATURAL mermelada de pera envase 360 g","name":"mermelada de pera envase 360 g","brand":"LIEBANATURAL ","img":"https://sgfm.elcorteingles.es/SGFM/01/59/9/0200205401599/0200205401599000g01011.jpg","price":"4,00 €","price_unit":"(11,11 € / Kilo)","categories":["Supermercado","Desayunos Dulces y pan","Desayunos, dulces y pan","Mermelada, confituras y miel","Mermelada y confituras diversas","LIEBANATURAL mermelada de pera envase 360 g"],"general_information":[],"ingredients":[],"ean":"8437005636118"},{"full_name":"LIEBANATURAL mermelada de kiwi envase 360 g","name":"mermelada de kiwi envase 360 g","brand":"LIEBANATURAL ","img":"https://sgfm.elcorteingles.es/SGFM/01/61/5/0200205401615/0200205401615000g01011.jpg","price":"4,40 €","price_unit":"(12,22 € / Kilo)","categories":["Supermercado","Desayunos Dulces y pan","Desayunos, dulces y pan","Mermelada, confituras y miel","Mermelada y confituras diversas","LIEBANATURAL mermelada de kiwi envase 360 g"],"general_information":[],"ingredients":[],"ean":"8437005636071"},{"full_name":"FET A SOLLER confitura de clementina frasco 225 g","name":"confitura de clementina frasco 225 g","brand":"FET A SOLLER ","img":"https://sgfm.elcorteingles.es/SGFM/dctm/MEDIA02/CONTENIDOS/201410/30/00120605400884____1__600x600.jpg","price":"4,75 €","price_unit":"(21,11 € / Kilo)","categories":["Supermercado","Desayunos Dulces y pan","Desayunos, dulces y pan","Mermelada, confituras y miel","Mermelada y confituras diversas","FET A SOLLER confitura de clementina frasco 225 g"],"general_information":["Denominación del alimento: Confitura","Nombre del operador: Centre Esp.Ocupació Estel Nou","Dirección del operador: C/ Andreu Coll 31 - 33, 07100 Sóller, España.","Cantidad Neta: 225 g"],"ingredients":[" Clementina (67g de limón por 100g de producto), azúcar y zumo de limón."],"conservation":" Una vez abierto, conservar en el frigorífico. Mantener en lugar seco y fresco. Proteger de la luz.","ean":"8436015960039"},{"full_name":"FET A SOLLER confitura de membrillo frasco 225 g","name":"confitura de membrillo frasco 225 g","brand":"FET A SOLLER ","img":"https://sgfm.elcorteingles.es/SGFM/dctm/MEDIA02/CONTENIDOS/201410/30/00120605400900____1__600x600.jpg","price":"4,16 €","price_unit":"(18,49 € / Kilo)","categories":["Supermercado","Desayunos Dulces y pan","Desayunos, dulces y pan","Mermelada, confituras y miel","Mermelada y confituras diversas","FET A SOLLER confitura de membrillo frasco 225 g"],"general_information":["Denominación del alimento: Confitura","Nombre del operador: Centre Esp.Ocupació Estel Nou","Dirección del operador: C/ Andreu Coll 31 - 33, 07100 Sóller, España.","Cantidad Neta: 225 g"],"ingredients":[" Membrillo (34g de membrillo por 100g de producto), azúcar, agua y zumo de limón."],"conservation":" Una vez abierto, conservar en el frigorífico. Mantener en lugar seco y fresco. Proteger de la luz.","ean":"8436015960060"},{"full_name":"FET A SOLLER confitura de manzana frasco 225 g","name":"confitura de manzana frasco 225 g","brand":"FET A SOLLER ","img":"https://sgfm.elcorteingles.es/SGFM/dctm/MEDIA02/CONTENIDOS/201410/30/00120605400918____1__600x600.jpg","price":"3,73 €","price_unit":"(16,58 € / Kilo)","categories":["Supermercado","Desayunos Dulces y pan","Desayunos, dulces y pan","Mermelada, confituras y miel","Mermelada y confituras diversas","FET A SOLLER confitura de manzana frasco 225 g"],"general_information":["Denominación del alimento: Confitura","Nombre del operador: Centre Esp.Ocupació Estel Nou","Dirección del operador: C/ Andreu Coll 31 - 33, 07100 Sóller, España.","Cantidad Neta: 225 g"],"ingredients":[" Membrillo(46g de membrillo por 100g de producto), manzana, azúcar, agua y zumo de limón."],"conservation":" Una vez abierto, conservar en el frigorífico. Mantener en lugar seco y fresco. Proteger de la luz.","ean":"8436015960077"},{"full_name":"FET A SOLLER confitura de melón frasco 225 g","name":"confitura de melón frasco 225 g","brand":"FET A SOLLER ","img":"https://sgfm.elcorteingles.es/SGFM/00/96/7/0120605400967/0120605400967000g01011.jpg","price":"4,57 €","price_unit":"(20,31 € / Kilo)","categories":["Supermercado","Desayunos Dulces y pan","Desayunos, dulces y pan","Mermelada, confituras y miel","Mermelada y confituras diversas","FET A SOLLER confitura de melón frasco 225 g"],"general_information":["Denominación del alimento: Confitura","Nombre del operador: Centre Esp.Ocupació Estel Nou","Dirección del operador: C/ Andreu Coll 31 - 33, 07100 Sóller, España.","Cantidad Neta: 255 g"],"ingredients":[" Melón (67g de melón por 100g de producto), azúcar y zumo de limón."],"conservation":" Una vez abierto, conservar en el frigorífico. Mantener en lugar seco y fresco. Proteger de la luz.","ean":"8436015960169"},{"full_name":"FET A SOLLER confitura de limón frasco 225 g","name":"confitura de limón frasco 225 g","brand":"FET A SOLLER ","img":"https://sgfm.elcorteingles.es/SGFM/dctm/MEDIA02/CONTENIDOS/201410/30/00120605400876____1__600x600.jpg","price":"4,75 €","price_unit":"(21,11 € / Kilo)","categories":["Supermercado","Desayunos Dulces y pan","Desayunos, dulces y pan","Mermelada, confituras y miel","Mermelada y confituras diversas","FET A SOLLER confitura de limón frasco 225 g"],"general_information":["Denominación del alimento: Confitura","Nombre del operador: Centre Esp.Ocupació Estel Nou","Dirección del operador: C/ Andreu Coll 31 - 33, 07100 Sóller, España.","Cantidad Neta: 225 g"],"ingredients":[" Limón (59g de limón por 100g de producto), azúcar, agua y zumo de limón."],"conservation":" Una vez abierto, conservar en el frigorífico. Mantener en lugar seco y fresco. Proteger de la luz.","ean":"8436015960022"},{"full_name":"FET A SOLLER confitura de higo frasco 225 g","name":"confitura de higo frasco 225 g","brand":"FET A SOLLER ","img":"https://sgfm.elcorteingles.es/SGFM/00/97/5/0120605400975/0120605400975000g01011.jpg","price":"4,75 €","price_unit":"(21,11 € / Kilo)","categories":["Supermercado","Desayunos Dulces y pan","Desayunos, dulces y pan","Mermelada, confituras y miel","Mermelada y confituras diversas","FET A SOLLER confitura de higo frasco 225 g"],"general_information":["Denominación del alimento: Confitura","Nombre del operador: Centre Esp.Ocupació Estel Nou","Dirección del operador: C/ Andreu Coll 31 - 33, 07100 Sóller, España.","Cantidad Neta: 225 g"],"ingredients":[" Higo (64g de higo por 100g de producto), azúcar, agua y zumo de limón."],"conservation":" Una vez abierto, conservar en el frigorífico. Mantener en lugar seco y fresco. Proteger de la luz.","ean":"8436015960183"},{"full_name":"FET A SOLLER confitura de higo chumbo frasco 225 g","name":"confitura de higo chumbo frasco 225 g","brand":"FET A SOLLER ","img":"https://sgfm.elcorteingles.es/SGFM/00/98/3/0120605400983/0120605400983000g01011.jpg","price":"4,75 €","price_unit":"(21,11 € / Kilo)","categories":["Supermercado","Desayunos Dulces y pan","Desayunos, dulces y pan","Mermelada, confituras y miel","Mermelada y confituras diversas","FET A SOLLER confitura de higo chumbo frasco 225 g"],"general_information":["Denominación del alimento: Confitura","Nombre del operador: Centre Esp.Ocupació Estel Nou","Dirección del operador: C/ Andreu Coll 31 - 33, 07100 Sóller, España.","Cantidad Neta: 225 g"],"ingredients":[" Higo chumbo (67g de higo chumbo por 100g de producto), azúcar y zumo de limón."],"conservation":" Una vez abierto, conservar en el frigorífico. Mantener en lugar seco y fresco. Proteger de la luz.","ean":"8436015960190"},{"full_name":"FET A SOLLER confitura de granada frasco 225 g","name":"confitura de granada frasco 225 g","brand":"FET A SOLLER ","img":"https://sgfm.elcorteingles.es/SGFM/dctm/MEDIA02/CONTENIDOS/201410/30/00120605401007____1__600x600.jpg","price":"4,57 €","price_unit":"(20,31 € / Kilo)","categories":["Supermercado","Desayunos Dulces y pan","Desayunos, dulces y pan","Mermelada, confituras y miel","Mermelada y confituras diversas","FET A SOLLER confitura de granada frasco 225 g"],"general_information":["Denominación del alimento: Confitura","Nombre del operador: Centre Esp.Ocupació Estel Nou","Dirección del operador: C/ Andreu Coll 31 - 33, 07100 Sóller, España.","Cantidad Neta: 225 g"],"ingredients":[" Granada agria (67g de granada agria  por 100g de producto), azúcar y zumo de limón."],"conservation":" Una vez abierto, conservar en el frigorífico. Mantener en lugar seco y fresco. Proteger de la luz.","ean":"8436015960213"},{"full_name":"FET A SOLLER confitura de caqui frasco 225 g","name":"confitura de caqui frasco 225 g","brand":"FET A SOLLER ","img":"https://sgfm.elcorteingles.es/SGFM/dctm/MEDIA02/CONTENIDOS/201410/30/00120605400991____1__600x600.jpg","price":"4,16 €","price_unit":"(18,49 € / Kilo)","categories":["Supermercado","Desayunos Dulces y pan","Desayunos, dulces y pan","Mermelada, confituras y miel","Mermelada y confituras diversas","FET A SOLLER confitura de caqui frasco 225 g"],"general_information":["Denominación del alimento: Confitura","Nombre del operador: Centre Esp.Ocupació Estel Nou","Dirección del operador: C/ Andreu Coll 31 - 33, 07100 Sóller, España.","Cantidad Neta: 225 g"],"ingredients":[" Caqui (67g de caqui por 100g de producto), azúcar y zumo de limón."],"conservation":" Una vez abierto, conservar en el frigorífico. Mantener en lugar seco y fresco. Proteger de la luz.","ean":"8436015960206"},{"full_name":"ROBERTSON'S crema de limón frasco 340 g","name":"crema de limón frasco 340 g","brand":"ROBERTSON'S ","img":"https://sgfm.elcorteingles.es/SGFM/01/86/6/0120605401866/0120605401866000g01011.jpg","price":"2,79 €","price_unit":"(8,21 € / Kilo)","categories":["Supermercado","Desayunos Dulces y pan","Desayunos, dulces y pan","Mermelada, confituras y miel","Mermelada y confituras diversas","ROBERTSON'S crema de limón frasco 340 g"],"general_information":["Denominación del alimento: Crema de limón Robertsons 340 gr","País de origen: Reino Unido","Nombre del operador: Alimentación Varma, S.L.","Dirección del operador: C/ La granja, 15 - Pol. Industrial Alcobendas. 28108 Alcobendas (Madrid) - España","Cantidad Neta: 340 g"],"ingredients":[" Azúcar, sirope de Glucosa-Fructosa, agua, zumo de limón concentrado (7%), margarina (esterificación del aceite de Palma, aceite de canola, agua, emulsionante (mono y diglicéridos), vitaminas A&D, colorante (carotenos)), almidón modificado de maíz, huevo entero deshidratado, agente gelificante (pectina), ácido cítrico, correcto de acidez (citrato de sodio), aceite de limón (0,06%), colorante (Beta Caroteno), antioxidante (ácido ascórbico). Contiene leche."],"conservation":" Conservar en lugar fresco y seco. Una vez abierto conservar en frío.","ean":"5000172100138"},{"full_name":"ROBERTSON'S mermelada de jengibre frasco 340 g","name":"mermelada de jengibre frasco 340 g","brand":"ROBERTSON'S ","img":"https://sgfm.elcorteingles.es/SGFM/03/01/1/0120605403011/0120605403011000g01011.jpg","price":"2,89 €","price_unit":"(8,50 € / Kilo)","categories":["Supermercado","Desayunos Dulces y pan","Desayunos, dulces y pan","Mermelada, confituras y miel","Mermelada y confituras diversas","ROBERTSON'S mermelada de jengibre frasco 340 g"],"general_information":["Denominación del alimento: Confitura extra de jengibre Robertsons 340 gr","País de origen: Reino Unido","Nombre del operador: Alimentación Varma, S.L.","Dirección del operador: C/ La granja, 15 - Pol. Industrial Alcobendas. 28108 Alcobendas (Madrid) - España","Cantidad Neta: 340 g"],"ingredients":[" Sirope de glucosa-fructosa, azúcar, jengibre, agente gelificante (pectina), ácido cítrico, regulador de acidez (citrato de sodio). Preparado con 25 g de fruta por cada 100 gr. Total contenido de azúcar 66 gr por cada 100 gr."],"conservation":" Conservar en lugar fresco y seco. Una vez abierto conservar en frío.","ean":"5000172100121"},{"full_name":"PEPEJO EL LABRADOR mermelada de tomate elaboración casera frasco 445 g","name":"mermelada de tomate elaboración casera frasco 445 g","brand":"PEPEJO EL LABRADOR ","img":"https://sgfm.elcorteingles.es/SGFM/01/76/7/0120605401767/0120605401767000g01011.jpg","price":"3,01 €","price_unit":"(6,76 € / Kilo)","categories":["Supermercado","Desayunos Dulces y pan","Desayunos, dulces y pan","Mermelada, confituras y miel","Mermelada y confituras diversas","PEPEJO EL LABRADOR mermelada de tomate elaboración casera frasco 445 g"],"general_information":["Denominación del alimento: Mermelada de tomate","Nombre del operador: Productos Manipulados Abellán S.L.","Dirección del operador: Vereda de los Pepejos, 11, 30139, El Raal, Murcia.","Cantidad Neta: 445 g"],"ingredients":[" Tomate, azúcar y pectina de limón."],"conservation":" Mantener en lugar seco, protegido de la luz a temperatura ambiente. Una vez abierto mantener en refrigeración. No se recomienda la congelación del producto.","ean":"8437003725098"},{"full_name":"PEPEJO EL LABRADOR mermelada de higos elaboración casera frasco 420 g","name":"mermelada de higos elaboración casera frasco 420 g","brand":"PEPEJO EL LABRADOR ","img":"https://sgfm.elcorteingles.es/SGFM/01/77/5/0120605401775/0120605401775000g01011.jpg","price":"2,81 €","price_unit":"(6,69 € / Kilo)","categories":["Supermercado","Desayunos Dulces y pan","Desayunos, dulces y pan","Mermelada, confituras y miel","Mermelada y confituras diversas","PEPEJO EL LABRADOR mermelada de higos elaboración casera frasco 420 g"],"general_information":["Denominación del alimento: Mermelada de higos","Nombre del operador: Productos Manipulados Abellán S.L.","Dirección del operador: Vereda de los Pepejos, 11, 30139, El Raal, Murcia.","Cantidad Neta: 425 g"],"ingredients":[" Higos, azúcar y pectina de limón."],"conservation":" Mantener en lugar seco, protegido de la luz a temperatura ambiente. Una vez abierto mantener en refrigeración. No se recomienda la congelación del producto.","ean":"8437003725159"},{"full_name":"HERO MARIDAJE DEL CHEF mermelada de cebolla caramelizada para combinar con carnes, rissotto, tortillas y queso tarro 215 g","name":"mermelada de cebolla caramelizada para combinar con carnes, rissotto, tortillas y queso tarro 215 g","brand":"HERO MARIDAJE DEL CHEF ","img":"https://sgfm.elcorteingles.es/SGFM/dctm/MEDIA02/CONTENIDOS/201510/29/00120605404191____1__600x600.jpg","price":"1,95 €            ","price_unit":"(8,33 € / Kilo)","categories":["Supermercado","Desayunos Dulces y pan","Desayunos, dulces y pan","Mermelada, confituras y miel","Mermelada y confituras diversas","HERO MARIDAJE DEL CHEF mermelada de cebolla caramelizada para combinar con carnes, rissotto, tortillas y queso tarro 215 g"],"general_information":["Denominación del alimento: Mermelada De Cebolla Caramelizada.","País de origen: España","Nombre del operador: Hero España, S.A.","Dirección del operador: Avda. Murcia, 1 30820 Alcantarilla, Murcia","Cantidad Neta: 215 g"],"ingredients":[" Cebolla caramelizada (cebolla, azúcar moreno y aceite de canola), azúcar, gelificante (pecticina), acidulante (ácido cítrico)"],"conservation":" Una vez abierto conservar en el frigorífico.","ean":"8410175059932"},{"full_name":"HERO MARIDAJE DEL CHEF mermelada de manzana y romero para combinar con patés, quesos, verduras y carnes frasco 215 g","name":"mermelada de manzana y romero para combinar con patés, quesos, verduras y carnes frasco 215 g","brand":"HERO MARIDAJE DEL CHEF ","img":"https://sgfm.elcorteingles.es/SGFM/dctm/MEDIA02/CONTENIDOS/201412/10/00200205403165____1__600x600.jpg","price":"1,74 €            ","price_unit":"(7,67 € / Kilo)","categories":["Supermercado","Desayunos Dulces y pan","Desayunos, dulces y pan","Mermelada, confituras y miel","Mermelada y confituras diversas","HERO MARIDAJE DEL CHEF mermelada de manzana y romero para combinar con patés, quesos, verduras y carnes frasco 215 g"],"general_information":["Denominación del alimento: Mermelada De Manzana Y Romero","País de origen: España","Nombre del operador: Hero España, S.A.","Dirección del operador: Avda. Murcia, 1 30820 Alcantarilla, Murcia","Cantidad Neta: 215 g"],"ingredients":[" Manzana, azúcar, gelificante (pectina), acidulante (ácido cítrico), antioxidante (ácido L-ascórbico), romero y endurecedor (cloruro cálcico)."],"conservation":" Una vez abierto conservar en el frigorífico.","ean":"8410175049391"},{"full_name":"HERO MARIDAJE DEL CHEF mermelada de pimiento asado para combinar con quesos, carnes y pescado frasco 215 g","name":"mermelada de pimiento asado para combinar con quesos, carnes y pescado frasco 215 g","brand":"HERO MARIDAJE DEL CHEF ","img":"https://sgfm.elcorteingles.es/SGFM/dctm/MEDIA02/CONTENIDOS/201412/10/00200205403173____1__600x600.jpg","price":"1,75 €            ","price_unit":"(7,67 € / Kilo)","categories":["Supermercado","Desayunos Dulces y pan","Desayunos, dulces y pan","Mermelada, confituras y miel","Mermelada y confituras diversas","HERO MARIDAJE DEL CHEF mermelada de pimiento asado para combinar con quesos, carnes y pescado frasco 215 g"],"general_information":["Denominación del alimento: Mermelada De Pimiento Rojo Asado","País de origen: España","Nombre del operador: Hero España, S.A.","Dirección del operador: Avda. Murcia, 1 30820 Alcantarilla, Murcia","Cantidad Neta: 215 g"],"ingredients":[" Pimineto rojo, azúcar, jarabe de glucosa y fructosa,  gelificante (pectina), acidulante (ácido cítrico)  y endurecedor (cloruro cálcico)."],"conservation":" Una vez abierto conservar en el frigorífico.","ean":"8410175049438"},{"full_name":"HERO MARIDAJE DEL CHEF mermelada de tomate y albahaca para combinar con jamón, quesos y ensaladas frasco 215 g","name":"mermelada de tomate y albahaca para combinar con jamón, quesos y ensaladas frasco 215 g","brand":"HERO MARIDAJE DEL CHEF ","img":"https://sgfm.elcorteingles.es/SGFM/dctm/MEDIA02/CONTENIDOS/201412/10/00120605403482____1__600x600.jpg","price":"1,74 €            ","price_unit":"(7,67 € / Kilo)","categories":["Supermercado","Desayunos Dulces y pan","Desayunos, dulces y pan","Mermelada, confituras y miel","Mermelada y confituras diversas","HERO MARIDAJE DEL CHEF mermelada de tomate y albahaca para combinar con jamón, quesos y ensaladas frasco 215 g"],"general_information":["Denominación del alimento: Mermelada De Tomate Y Albahaca","País de origen: España","Nombre del operador: Hero España, S.A.","Dirección del operador: Avda. Murcia, 1 30820 Alcantarilla, Murcia","Cantidad Neta: 215 g"],"ingredients":[" Tomate, azúcar,jarabe de glucosa y fructosa,  gelificante (pectina),albahaca y endurecedor (cloruro cálcico)."],"conservation":" Una vez abierto conservar en el frigorífico.","ean":"8410175049445"},{"full_name":"HERO MARIDAJE DEL CHEF mermeladas surtidas de tomate con albahaca, cebolla caramelizada y pimiento asado pack 3 44 g","name":"mermeladas surtidas de tomate con albahaca, cebolla caramelizada y pimiento asado pack 3  44 g","brand":"HERO MARIDAJE DEL CHEF ","img":"https://sgfm.elcorteingles.es/SGFM/dctm/MEDIA03/201710/20/00200205404593____1__600x600.jpg","price":"1,95 €","price_unit":"(14,77 € / Kilo)","categories":["Supermercado","Desayunos Dulces y pan","Desayunos, dulces y pan","Mermelada, confituras y miel","Mermelada y confituras diversas","HERO MARIDAJE DEL CHEF mermeladas surtidas de tomate con albahaca, cebolla caramelizada y pimiento asado pack 3 44 g"],"general_information":["Denominación del alimento: Surtido mermeladas.","País de origen: España","Nombre del operador: Hero España, S.A.","Dirección del operador: Avda. Murcia, 1 30820 Alcantarilla, Murcia","Cantidad Neta: 132 g"],"ingredients":[" Cebolla caramelizada (cebolla, azúcar moreno, y aceite de canola), azúcar, gelificante (pectina), acidulante (ácido citrico) y conservante (sorbato potasico). Tomate, azúcar, jarabe de glucosa y fructosa, gelificante (pectina), acidulante (ácido citrico),conservante (sorbato potásico), albahaca y endurecedor (cloruro cálcico). Pimiento rojo, azúcar, jarabe de glucosa y fructosa, gelificante (pectina), acidulante (ácido citrico), conservante (sorbato potasico) y endurecedor (cloruro cálcico)."],"conservation":" Una vez abierto conservar en el frigorifico.","ean":"8410175067692"},{"full_name":"ORO BAILEN mermelada de aceite de oliva virgen extra Arbequina extra tarro 150 g","name":"mermelada de aceite de oliva virgen extra Arbequina extra tarro 150 g","brand":"ORO BAILEN ","img":"https://sgfm.elcorteingles.es/SGFM/dctm/MEDIA02/CONTENIDOS/201509/08/00120605403920____1__600x600.jpg","price":"5,87 €","price_unit":"(39,13 € / Kilo)","categories":["Supermercado","Desayunos Dulces y pan","Desayunos, dulces y pan","Mermelada, confituras y miel","Mermelada y confituras diversas","ORO BAILEN mermelada de aceite de oliva virgen extra Arbequina extra tarro 150 g"],"general_information":["Denominación del alimento: Jalea de aceite de oliva virgen extra","Nombre del operador: Aceites Oro Bailén Galgon 99, S.L.","Dirección del operador: Crtra Plomeros Casa del agua 23730 Villanueva de la Reina (Jaén)","Cantidad Neta: 150 g"],"ingredients":[],"ean":"8437009466445"},{"full_name":"ORO BAILEN mermelada de aceite de oliva virgen extra Picual tarro 150 g","name":"mermelada de aceite de oliva virgen extra Picual tarro 150 g","brand":"ORO BAILEN ","img":"https://sgfm.elcorteingles.es/SGFM/dctm/MEDIA02/CONTENIDOS/201509/08/00120605403912____1__600x600.jpg","price":"5,87 €","price_unit":"(39,13 € / Kilo)","categories":["Supermercado","Desayunos Dulces y pan","Desayunos, dulces y pan","Mermelada, confituras y miel","Mermelada y confituras diversas","ORO BAILEN mermelada de aceite de oliva virgen extra Picual tarro 150 g"],"general_information":["Denominación del alimento: Jalea de aceite de oliva virgen extra","Nombre del operador: Aceites Oro Bailén Galgon 99, S.L.","Dirección del operador: Crtra Plomeros Casa del agua 23730 Villanueva de la Reina (Jaén)","Cantidad Neta: 150 g"],"ingredients":[],"ean":"8437009466438"},{"full_name":"LAS DOÑAS mermelada extra de manzana con canela 100% natural frasco 270 g","name":"mermelada extra de manzana con canela 100% natural frasco 270 g","brand":"LAS DOÑAS ","img":"https://sgfm.elcorteingles.es/SGFM/dctm/MEDIA03/201605/05/00120605404290____1__600x600.jpg","price":"4,39 €","price_unit":"(16,26 € / Kilo)","categories":["Supermercado","Desayunos Dulces y pan","Desayunos, dulces y pan","Mermelada, confituras y miel","Mermelada y confituras diversas","LAS DOÑAS mermelada extra de manzana con canela 100% natural frasco 270 g"],"general_information":[],"ingredients":[],"ean":"8414606938476"},{"full_name":"LAS DOÑAS mermelada extra de higo negro 100% natural frasco 260 g","name":"mermelada extra de higo negro 100% natural frasco 260 g","brand":"LAS DOÑAS ","img":"https://sgfm.elcorteingles.es/SGFM/dctm/MEDIA03/201605/05/00120605404316____1__600x600.jpg","price":"4,39 €","price_unit":"(16,88 € / Kilo)","categories":["Supermercado","Desayunos Dulces y pan","Desayunos, dulces y pan","Mermelada, confituras y miel","Mermelada y confituras diversas","LAS DOÑAS mermelada extra de higo negro 100% natural frasco 260 g"],"general_information":[],"ingredients":[],"ean":"8414606938506"},{"full_name":"LAS DOÑAS mermelada extra de pimiento rojo 100% natural frasco 270 g","name":"mermelada extra de pimiento rojo 100% natural frasco 270 g","brand":"LAS DOÑAS ","img":"https://sgfm.elcorteingles.es/SGFM/dctm/MEDIA03/201605/05/00120605404324____1__600x600.jpg","price":"4,39 €","price_unit":"(16,26 € / Kilo)","categories":["Supermercado","Desayunos Dulces y pan","Desayunos, dulces y pan","Mermelada, confituras y miel","Mermelada y confituras diversas","LAS DOÑAS mermelada extra de pimiento rojo 100% natural frasco 270 g"],"general_information":[],"ingredients":[],"ean":"8414606938490"},{"full_name":"LAS DOÑAS mermelada extra de tomate 100% natural frasco 260 g","name":"mermelada extra de tomate 100% natural frasco 260 g","brand":"LAS DOÑAS ","img":"https://sgfm.elcorteingles.es/SGFM/dctm/MEDIA03/201605/05/00120605404308____1__600x600.jpg","price":"4,39 €","price_unit":"(16,88 € / Kilo)","categories":["Supermercado","Desayunos Dulces y pan","Desayunos, dulces y pan","Mermelada, confituras y miel","Mermelada y confituras diversas","LAS DOÑAS mermelada extra de tomate 100% natural frasco 260 g"],"general_information":[],"ingredients":[],"ean":"8414606938483"},{"full_name":"L'EPICURIEN Espíritu de Camarga manzanas y peras con caramelo, mantequilla y flor de sal de Camarga tarro 125 g","name":"Espíritu de Camarga manzanas y peras con caramelo, mantequilla y flor de sal de Camarga tarro 125 g","brand":"L'EPICURIEN ","img":"https://sgfm.elcorteingles.es/SGFM/dctm/MEDIA03/201608/17/00120605404407____1__600x600.jpg","price":"4,50 €","price_unit":"(36 € / Kilo)","categories":["Supermercado","Desayunos Dulces y pan","Desayunos, dulces y pan","Mermelada, confituras y miel","Mermelada y confituras diversas","L'EPICURIEN Espíritu de Camarga manzanas y peras con caramelo, mantequilla y flor de sal de Camarga tarro 125 g"],"general_information":["Denominación del alimento: Mermelada de Manzana. Pera. Caramelo a la mantequilla y Flor de la sal","País de origen: Francia","Nombre del operador: Inasa Import S.L","Dirección del operador: Calle Zurbarán 7. entreplanta 4-28010 Madrid","Lugar de procedencia del alimento: Francia","Cantidad Neta: 125 g"],"ingredients":[" Manzanas 38%, azúcar de caña, peras 29%, caramelo de mantequilla salada (leche) 10%, flor de sal de Camarga 0,2%,"],"conservation":" Una vez abierto. conservar en frío.","ean":"3441260039619"},{"full_name":"L'EPICURIEN mermelada de clementinas con sabor a pan de especias creación artesanal tarro 125 g","name":"mermelada de clementinas con sabor a pan de especias creación artesanal tarro 125 g","brand":"L'EPICURIEN ","img":"https://sgfm.elcorteingles.es/SGFM/dctm/MEDIA03/201608/17/00120605404423____1__600x600.jpg","price":"4,50 €","price_unit":"(36 € / Kilo)","categories":["Supermercado","Desayunos Dulces y pan","Desayunos, dulces y pan","Mermelada, confituras y miel","Mermelada y confituras diversas","L'EPICURIEN mermelada de clementinas con sabor a pan de especias creación artesanal tarro 125 g"],"general_information":["Denominación del alimento: Mermelada de Clementinas con sabor a pan de especias","País de origen: Francia","Nombre del operador: Inasa Import S.L","Dirección del operador: Calle Zurbarán 7. entreplanta 4-28010 Madrid","Lugar de procedencia del alimento: Francia","Cantidad Neta: 125 g"],"ingredients":[" Azúcar de caña, clementinas 45%, zumo concentrado de limón, agente gelificante: pectina de frutas, especias 0,2%, Preparado con 45 g de fruta por 100 g,"],"conservation":" Una vez abierto. conservar en frío.","ean":"3441260036014"},{"full_name":"L'EPICURIEN mermelada de higo negro creación artesanal tarro 125 g","name":"mermelada de higo negro creación artesanal tarro 125 g","brand":"L'EPICURIEN ","img":"https://sgfm.elcorteingles.es/SGFM/dctm/MEDIA03/201608/17/00120605404431____1__600x600.jpg","price":"4,50 €","price_unit":"(36 € / Kilo)","categories":["Supermercado","Desayunos Dulces y pan","Desayunos, dulces y pan","Mermelada, confituras y miel","Mermelada y confituras diversas","L'EPICURIEN mermelada de higo negro creación artesanal tarro 125 g"],"general_information":["Denominación del alimento: Mermelada de Higo negro de Provenza","País de origen: Francia","Nombre del operador: Inasa Import S.L","Dirección del operador: Calle Zurbarán 7. entreplanta 4-28010 Madrid","Lugar de procedencia del alimento: Francia","Cantidad Neta: 125 g"],"ingredients":[" Higos negros 60%, azúcar de caña, zumo concentrado de limón, agente gelificante: pectina de frutas, Preparado con 60 g de fruta por 100 g,"],"conservation":" Una vez abierto. conservar en frío.","ean":"3441260032719"},{"full_name":"L'EPICURIEN preparación de fresas Mara des Bois y champán tarro 125 g","name":"preparación de fresas Mara des Bois y champán tarro 125 g","brand":"L'EPICURIEN ","img":"https://sgfm.elcorteingles.es/SGFM/dctm/MEDIA03/201608/17/00120605404399____1__600x600.jpg","price":"4,50 €","price_unit":"(36 € / Kilo)","categories":["Supermercado","Desayunos Dulces y pan","Desayunos, dulces y pan","Mermelada, confituras y miel","Mermelada y confituras diversas","L'EPICURIEN preparación de fresas Mara des Bois y champán tarro 125 g"],"general_information":["Denominación del alimento: Mermelada de Fresas \"Mara des Bois\" y Champán","País de origen: Francia","Nombre del operador: Inasa Import S.L","Dirección del operador: Calle Zurbarán 7. entreplanta 4-28010 Madrid","Lugar de procedencia del alimento: Francia","Cantidad Neta: 125 g"],"ingredients":[" Fresas \"Mara des Bois\" 68%, azúcar de caña, Champán 3%, agente gelificante: pectina de frutas, zumo de limón concentrado,"],"conservation":" Una vez abierto. conservar en frío.","ean":"3441260030210"}]