[{"full_name":"ASTURIANA nata líquida para montar 35,1% Materia Grasa envase 1 l","name":"nata líquida para montar 35,1% Materia Grasa envase 1 l","brand":"ASTURIANA ","img":"https://sgfm.elcorteingles.es/SGFM/dctm/MEDIA02/CONTENIDOS/201601/13/00120911900023____1__600x600.jpg","price":"3,73 €            ","price_unit":"(2,99 € / Litro)","categories":["Supermercado","Lácteos","Nata","Nata líquida","ASTURIANA nata líquida para montar 35,1% Materia Grasa envase 1 l"],"general_information":["Denominación del alimento: Nata liquida UHT 35,1%MG","Nombre del operador: Corporación Alimentaria Peñasanta S.A","Dirección del operador: Sierra de Granda, s/n 33199 Siero, Asturias","Cantidad Neta: 1 Litros"],"ingredients":[" Nata 35,1%MG, proteínas lácteas y estabilizante (carragenato)"],"conservation":" Una vez abierto el envase conservar cerrado en refrigeración y consumir en 4/5 días","ean":"8410297020001"},{"full_name":"ASTURIANA nata líquida para montar 35% M. G. envase 500 ml","name":"nata líquida para montar 35% M. G. envase 500 ml","brand":"ASTURIANA ","img":"https://sgfm.elcorteingles.es/SGFM/dctm/MEDIA03/201702/13/00120911900015____2__600x600.jpg","price":"2,02 €","price_unit":"(4,04 € / Litro)","categories":["Supermercado","Lácteos","Nata","Nata líquida","ASTURIANA nata líquida para montar 35% M. G. envase 500 ml"],"general_information":["Denominación del alimento: Nata liquida UHT 35.1%MG","Nombre del operador: Corporación Alimentaria Peñasanta,","Dirección del operador: LG Sierra de Granda, s/n, 33199, Siero - Asturias.","Cantidad Neta: 0.5 Litros"],"ingredients":[" Nata 35,1%MG, proteínas lácteas, estabilizante (carragenato)"],"conservation":" No congelar, Una vez abierto conservar en frio y consumir en 4/5 días","ean":"8410297020018"},{"full_name":"ASTURIANA crema ligera 5% Materia Grasa envase 500 ml","name":"crema ligera 5% Materia Grasa envase 500 ml","brand":"ASTURIANA ","img":"https://sgfm.elcorteingles.es/SGFM/dctm/MEDIA02/CONTENIDOS/201601/13/00120911200499____1__600x600.jpg","price":"1,60 €","price_unit":"(3,20 € / Litro)","categories":["Supermercado","Lácteos","Nata","Nata líquida","ASTURIANA crema ligera 5% Materia Grasa envase 500 ml"],"general_information":["Denominación del alimento: Preparado lácteo UHT 5%MG","Nombre del operador: Corporación Alimentaria Peñasanta S.A","Dirección del operador: Sierra de Granda, s/n 33199 Siero, Asturias","Cantidad Neta: 500 Mililitros"],"ingredients":[" Leche entera, nata, almidón modificado de maiz, leche en polvo desnatada, estabilizantes (carragenato, goma guar y  fosfato disódico) y emulgente (mono y diglicéridos de ácidos grasos)"],"conservation":" Una vez abierto el envase conservar cerrado en refrigeración y consumir en 4/5 días","ean":"8410297120220"},{"full_name":"ASTURIANA nata líquida especial cocina 18% materia grasa envase 1 l","name":"nata líquida especial cocina 18% materia grasa envase 1 l","brand":"ASTURIANA ","img":"https://sgfm.elcorteingles.es/SGFM/dctm/MEDIA03/201703/24/00120911901120____1__600x600.jpg","price":"3,48 €            ","categories":["Supermercado","Lácteos","Nata","Nata líquida","ASTURIANA nata líquida especial cocina 18% materia grasa envase 1 l"],"general_information":["Denominación del alimento: Nata liquida UHT 18%MG","Nombre del operador: Corporación Alimentaria Peñasanta S.A","Dirección del operador: Sierra de Granda, s/n 33199 Siero, Asturias","Cantidad Neta: 1 Litros"],"ingredients":[" Nata 18%MG, emulgente ( mono y diglicéridos de ácidos grasos) y estabilizantes (carragenato y fosfato disódico)"],"conservation":" Una vez abierto el envase conservar cerrado en refrigeración y consumir en 4/5 días","ean":"8410297120176"},{"full_name":"ASTURIANA nata líquida especial cocina 18% materia grasa envase 500 ml","name":"nata líquida especial cocina 18% materia grasa envase 500 ml","brand":"ASTURIANA ","img":"https://sgfm.elcorteingles.es/SGFM/dctm/MEDIA03/201702/13/00120911900056____2__600x600.jpg","price":"1,91 €","price_unit":"(3,82 € / Litro)","categories":["Supermercado","Lácteos","Nata","Nata líquida","ASTURIANA nata líquida especial cocina 18% materia grasa envase 500 ml"],"general_information":["Denominación del alimento: Nata liquida UHT 18%MG","Nombre del operador: Corporación Alimentaria Peñasanta,","Dirección del operador: LG Sierra de Granda, s/n, 33199, Siero - Asturias.","Cantidad Neta: 0.5 Litros"],"ingredients":[" Nata 18%MG, emulgente (mono y digliceridos de ácidos grasos), estabilizantes (carragenato y fosfato disódico)"],"conservation":" No congelar, Una vez abierto conservar en frio y consumir en 4/5 días","ean":"8410297120138"},{"full_name":"ASTURIANA nata líquida para cocinar 18% materia grasa botella 200 ml","name":"nata líquida para cocinar 18% materia grasa botella 200 ml","brand":"ASTURIANA ","img":"https://sgfm.elcorteingles.es/SGFM/dctm/MEDIA02/CONTENIDOS/201601/13/00120911900320____2__600x600.jpg","price":"0,96 €","price_unit":"(4,80 € / Litro)","categories":["Supermercado","Lácteos","Nata","Nata líquida","ASTURIANA nata líquida para cocinar 18% materia grasa botella 200 ml"],"general_information":["Denominación del alimento: Nata liquida UHT 18%MG","Nombre del operador: Corporación Alimentaria Peñasanta,","Dirección del operador: LG Sierra de Granda, s/n, 33199, Siero - Asturias.","Cantidad Neta: 0.2 Litros"],"ingredients":[" Nata ligera de la leche, almidón natural y proteínas de la leche"],"conservation":" Una vez abierto conservar en el frigorífico","ean":"8410297121050"},{"full_name":"ASTURIANA nata líquida lista para montar botella 200 ml","name":"nata líquida lista para montar botella 200 ml","brand":"ASTURIANA ","img":"https://sgfm.elcorteingles.es/SGFM/dctm/MEDIA02/CONTENIDOS/201601/13/00120911900049____2__600x600.jpg","price":"1,09 €","price_unit":"(5,45 € / Litro)","categories":["Supermercado","Lácteos","Nata","Nata líquida","ASTURIANA nata líquida lista para montar botella 200 ml"],"general_information":["Denominación del alimento: Nata liquida UHT 35.1%MG","Nombre del operador: Corporación Alimentaria Peñasanta,","Dirección del operador: LG Sierra de Granda, s/n, 33199, Siero - Asturias.","Cantidad Neta: 0.2 Litros"],"ingredients":[" nata (leche), leche en polvo, proteínas de la leche, estabilizante (E-407)"],"conservation":" Una vez abierto, conservar en frío., Antes de montar, conservar a ","ean":"8410297120046"},{"full_name":"ASTURIANA nata líquida para cocinar Sin lactosa botella 200 ml","name":"nata líquida para cocinar Sin lactosa botella 200 ml","brand":"ASTURIANA ","img":"https://sgfm.elcorteingles.es/SGFM/dctm/MEDIA03/201705/31/00120911900809____2__600x600.jpg","price":"1,20 €","price_unit":"(6 € / Litro)","categories":["Supermercado","Lácteos","Nata","Nata líquida","ASTURIANA nata líquida para cocinar Sin lactosa botella 200 ml"],"general_information":["Denominación del alimento: Nata liquida UHT 18%MG sin lactosa","Nombre del operador: Corporación Alimentaria Peñasanta,","Dirección del operador: LG Sierra de Granda, s/n, 33199, Siero - Asturias.","Cantidad Neta: 0.2 Litros"],"ingredients":[" Nata ligera de la leche, almidón natural y proteínas de la leche"],"conservation":" Una vez abierto, conservar en frío.","ean":"8410297120244"},{"full_name":"ASTURIANA ALPRO nata de soja para cocinar 100% vegetal envase 250 ml","name":"nata de soja para cocinar 100% vegetal envase 250 ml","brand":"ASTURIANA ALPRO ","img":"https://sgfm.elcorteingles.es/SGFM/dctm/MEDIA03/201702/13/00120911900684____2__600x600.jpg","price":"1,35 €","price_unit":"(5,40 € / Litro)","categories":["Supermercado","Lácteos","Nata","Nata líquida","ASTURIANA ALPRO nata de soja para cocinar 100% vegetal envase 250 ml"],"general_information":["Denominación del alimento: Preparado de soja UHT especial para cocinar","Nombre del operador: Corporación Alimentaria Peñasanta,","Dirección del operador: LG Sierra de Granda, s/n, 33199, Siero - Asturias.","Cantidad Neta: 0.25 Litros"],"ingredients":[" agua, aceite de girasol, habas de soja descacarilladas (4%), azúcar, emulgente (sucroésteres de ácidos grasos), estabilizantes (carragenatos, goma guar, goma xantana), sal marina, aroma"],"conservation":" Una vez abierto se conserva 5 días en el frigorífico (max. 7ºC), Conservar en frio ","ean":"8410297120237"},{"full_name":"PRESIDENT nata líquida para montar y cocinar envase 500 ml","name":"nata líquida para montar y cocinar envase 500 ml","brand":"PRESIDENT ","img":"https://sgfm.elcorteingles.es/SGFM/00/56/9/0120911900569/0120911900569000g01011.jpg","price":"3,52 €","price_unit":"(7,04 € / Litro)","categories":["Supermercado","Lácteos","Nata","Nata líquida","PRESIDENT nata líquida para montar y cocinar envase 500 ml"],"general_information":["Denominación del alimento: Nata líquida esterilizada UHT 35,1mg.","Nombre del operador: Lactalis Forlasa S.L.U.","Dirección del operador: GRUPO LACTALIS IBERIA, S.A.U. Ctra.Villaverde a Vallecas, km 3,5 28053, Madrid","Cantidad Neta: 500 Mililitros"],"ingredients":[" natas de leche de vaca, proteinas de leche, establizante: E407"],"conservation":" Condiciones de conservacion:antes de abrir conservar entre +4ºC y +º10ºC. Despuès de la apertura, conservar entre +4ºC y +6ºC y consumir antes de 3 días.","ean":"3228020180442"},{"full_name":"PRESIDENT nata líquida espesa para cocinar botella 500 ml","name":"nata líquida espesa para cocinar botella 500 ml","brand":"PRESIDENT ","img":"https://sgfm.elcorteingles.es/SGFM/00/40/3/0120911900403/0120911900403000g01011.jpg","price":"1,96 €            ","price_unit":"(3,58 € / Litro)","categories":["Supermercado","Lácteos","Nata","Nata líquida","PRESIDENT nata líquida espesa para cocinar botella 500 ml"],"general_information":["Denominación del alimento: Nata ligera Semi Espesa 18% M.G. ESTERILIZADA UHT","Nombre del operador: Lactalis Forlasa S.L.U.","Dirección del operador: LB&C-Les PLACIS 35230 Bourgbarré France","Cantidad Neta: 500 Mililitros"],"ingredients":[" Nata ligera (97,5%), almidón modificado, estabilizantes: pectina, carragenatos, emulgente: E471."],"ean":"3155250329115"},{"full_name":"PRESIDENT nata líquida para cocinar ligera botella 50 cl","name":"nata líquida para cocinar ligera botella 50 cl","brand":"PRESIDENT ","img":"https://sgfm.elcorteingles.es/SGFM/00/41/1/0120911900411/0120911900411000g01011.jpg","price":"1,96 €            ","price_unit":"(3,58 € / Litro)","categories":["Supermercado","Lácteos","Nata","Nata líquida","PRESIDENT nata líquida para cocinar ligera botella 50 cl"],"general_information":["Denominación del alimento: Nata ligera 12% M.G. esterilizada UHT","Nombre del operador: Lactalis Forlasa S.L.U.","Dirección del operador: LB&C-Les PLACIS 35230 Bourgbarré France","Cantidad Neta: 500 Mililitros"],"ingredients":[" Nata ligera (98%), almidón modificado: E1422, estabilizantes: E460, pectina, carrogenatos, E466, emulgente: E472e."],"ean":"3155250333563"},{"full_name":"PRESIDENT nata líquida espesa especial cocina botella 250 ml","name":"nata líquida espesa especial cocina botella 250 ml","brand":"PRESIDENT ","img":"https://sgfm.elcorteingles.es/SGFM/00/21/3/0120911900213/0120911900213000g01011.jpg","price":"1,16 €","price_unit":"(4,64 € / Litro)","categories":["Supermercado","Lácteos","Nata","Nata líquida","PRESIDENT nata líquida espesa especial cocina botella 250 ml"],"general_information":["Denominación del alimento: Nata ligera Semi Espesa 18% M.G. ESTERILIZADA UHT","Nombre del operador: Lactalis Forlasa S.L.U.","Dirección del operador: LB&C-Les PLACIS 35230 Bourgbarré France","Cantidad Neta: 250 Mililitros"],"ingredients":[" Nata ligera (97,5%), almidón modificado, estabilizantes: pectina, carragenatos, emulgente: E471"],"ean":"8410285124377"},{"full_name":"PRESIDENT nata líquida especial cocina ligera botella 250 ml","name":"nata líquida especial cocina ligera botella 250 ml","brand":"PRESIDENT ","img":"https://sgfm.elcorteingles.es/SGFM/00/26/2/0120911900262/0120911900262000g01011.jpg","price":"1,16 €","price_unit":"(4,64 € / Litro)","categories":["Supermercado","Lácteos","Nata","Nata líquida","PRESIDENT nata líquida especial cocina ligera botella 250 ml"],"general_information":["Denominación del alimento: Nata UHT Ligera 12% M.G. esterilizada UTH","Nombre del operador: Lactalis Forlasa S.L.U.","Dirección del operador: LB&C-Les PLACIS 35230 Bourgbarré France","Cantidad Neta: 250 Mililitros"],"ingredients":[" Nata ligera (98%), almidón modificado: E1422, estabilizantes: E460, pectina, carrogenatos, E466, emulgente: E472e."],"ean":"8410285019574"},{"full_name":"PRESIDENT nata líquida para café envase 10 unidades","name":"nata líquida para café envase 10 unidades","brand":"PRESIDENT ","img":"https://sgfm.elcorteingles.es/SGFM/00/24/7/0120911900247/0120911900247000g01011.jpg","price":"0,65 €","price_unit":"(0,06 € / Unidad)","categories":["Supermercado","Lácteos","Nata","Nata líquida","PRESIDENT nata líquida para café envase 10 unidades"],"general_information":["Denominación del alimento: Nata Café esterilizada 10% m.g.","Nombre del operador: Lactalis Forlasa S.L.U.","Dirección del operador: Lactalis International 16 av. Jean Jaurès 94607 CHOISY LE ROI CEDEX FRANCE","Cantidad Neta: 98 Mililitros"],"ingredients":[" Nata esterilizada UHT 10% m.g."],"ean":"3428200386439"},{"full_name":"PRESIDENT La Creme Fraiche nata líquida fresca extracremosa especial cocina tarrina 200 ml","name":"La Creme Fraiche nata líquida fresca extracremosa especial cocina tarrina 200 ml","brand":"PRESIDENT ","img":"https://sgfm.elcorteingles.es/SGFM/dctm/MEDIA02/CONTENIDOS/201407/23/00120911900502____1__600x600.jpg","price":"1,51 €","price_unit":"(7,55 € / Litro)","categories":["Supermercado","Lácteos","Nata","Nata líquida","PRESIDENT La Creme Fraiche nata líquida fresca extracremosa especial cocina tarrina 200 ml"],"general_information":["Denominación del alimento: Nata Fresca Espesa 30% MG.","Nombre del operador: Lactalis Forlasa S.L.U.","Dirección del operador: LB&C-Les PLACIS 35230 Bourgbarré France","Cantidad Neta: 200 g"],"ingredients":[" Nata (30%mg), fermentos lácteos."],"ean":"3155250351178"},{"full_name":"PRESIDENT nata con salsa a las finas hierbas envase 200 ml","name":"nata con salsa a las finas hierbas envase 200 ml","brand":"PRESIDENT ","img":"https://sgfm.elcorteingles.es/SGFM/dctm/MEDIA03/201709/15/00120911901138____1__600x600.jpg","price":"1,34 €","price_unit":"(6,70 € / Litro)","categories":["Supermercado","Lácteos","Nata","Nata líquida","PRESIDENT nata con salsa a las finas hierbas envase 200 ml"],"general_information":["Denominación del alimento: NATA UHT CON HIERBAS AROMÁTICAS","Nombre del operador: Lactalis Forlasa S.L.U.","Dirección del operador: Avda. Reyes Católicos, 135. 02600 Villarrobledo","Cantidad Neta: 200 Mililitros"],"ingredients":[" Nata (Leche)(18% MG), preparado de hierbas aromáticas (almidón de maíz, cebollino (2%), orégano(1,4%), sal, ajo (0,5%), cilantro(0,4%)), espesante: carragenano."],"ean":"8410285191010"},{"full_name":"PRESIDENT nata con salsa al curry envase 200 ml","name":"nata con salsa al curry envase 200 ml","brand":"PRESIDENT ","img":"https://sgfm.elcorteingles.es/SGFM/dctm/MEDIA03/201710/05/00120911901146____6__600x600.jpg","price":"1,34 €","price_unit":"(6,70 € / Litro)","categories":["Supermercado","Lácteos","Nata","Nata líquida","PRESIDENT nata con salsa al curry envase 200 ml"],"general_information":["Denominación del alimento: NATA UHT CON CURRY","Nombre del operador: Lactalis Forlasa S.L.U.","Dirección del operador: Avda. Reyes Católicos, 135. 02600 Villarrobledo","Cantidad Neta: 200 Mililitros"],"ingredients":[" NATA (Leche) (18%MG), preparado de curry (1%) (almidón de maíz, especias: cilantro, curcuma, mostaza, laurel, clavo, ajo, chile, comino, sal, aromas), espesante: carragenano"],"ean":"8410285190990"},{"full_name":"PRESIDENT nata con salsa de champiñones envase 200 ml","name":"nata con salsa de champiñones envase 200 ml","brand":"PRESIDENT ","img":"https://sgfm.elcorteingles.es/SGFM/dctm/MEDIA03/201710/05/00120911901153____6__600x600.jpg","price":"1,34 €","price_unit":"(6,70 € / Litro)","categories":["Supermercado","Lácteos","Nata","Nata líquida","PRESIDENT nata con salsa de champiñones envase 200 ml"],"general_information":["Denominación del alimento: Nata UHT con champiñones boletus edulis","Nombre del operador: Lactalis Forlasa S.L.U.","Dirección del operador: Avda. Reyes Católicos, 135. 02600 Villarrobledo","Cantidad Neta: 200 Mililitros"],"ingredients":[" Nata (Leche)(18%MG), preparado de champiñones Boletus Edulis (almidon de maíz, sal,aroma, extracto natural de champiñones Boletus Edulis, champiñones Boletus Edulis (1%)), Estabilizante:carragenano"],"ean":"8410285191003"},{"full_name":"PASCUAL nata líquida ligera especial cocina envase 1 l","name":"nata líquida ligera especial cocina envase 1 l","brand":"PASCUAL ","img":"https://sgfm.elcorteingles.es/SGFM/dctm/MEDIA02/CONTENIDOS/201507/20/00120911900494____1__600x600.jpg","price":"3,80 €","price_unit":"(3,80 € / Litro)","categories":["Supermercado","Lácteos","Nata","Nata líquida","PASCUAL nata líquida ligera especial cocina envase 1 l"],"general_information":["Denominación del alimento: Nata ligera UHT 12% M.G.","Nombre del operador: Calidad Pascual, SAU.","Dirección del operador: Ctra. De Palencia, s/n - 09400 Aranda de Duero (Burgos)","Cantidad Neta: 1 Litros","Otras menciones obligatorias en la etiqueta: Menos 57% de calorías comparada con la nata tradicional reduciendo la materia grasa un 65%."],"ingredients":[" Nata ligera, almidón modificado, estabilizantes (E-460i, E-466, E-407)"],"conservation":" No congelar. Una vez abierto conservar el envase cerrado en nevera y consumir antes de 5 días.","ean":"8410128050405"},{"full_name":"PASCUAL nata líquida ligera especial cocina envase 200 ml","name":"nata líquida ligera especial cocina envase 200 ml","brand":"PASCUAL ","img":"https://sgfm.elcorteingles.es/SGFM/dctm/MEDIA02/CONTENIDOS/201507/20/00120911900486____1__600x600.jpg","price":"1,29 €","price_unit":"(6,45 € / Litro)","categories":["Supermercado","Lácteos","Nata","Nata líquida","PASCUAL nata líquida ligera especial cocina envase 200 ml"],"general_information":[],"ingredients":[],"ean":"8410128055196"},{"full_name":"PASCUAL nata líquida envase 1 l","name":"nata líquida envase 1 l","brand":"PASCUAL ","img":"https://sgfm.elcorteingles.es/SGFM/dctm/MEDIA02/CONTENIDOS/201507/20/00120911900114____1__600x600.jpg","price":"3,80 €","price_unit":"(3,80 € / Litro)","categories":["Supermercado","Lácteos","Nata","Nata líquida","PASCUAL nata líquida envase 1 l"],"general_information":["Denominación del alimento: Nata UHT 35% M.G.","Nombre del operador: Calidad Pascual, SAU.","Dirección del operador: Ctra. De Palencia, s/n - 09400 Aranda de Duero (Burgos)","Cantidad Neta: 1 Litros","Número de raciones por envase: 33"],"ingredients":[" Nata (35.1% M.G.), estabilizante (E-407)."],"conservation":" No congelar. Conservar siempre en frío. Una vez abierto conservar el envase cerrado en nevera y consumir antes de 5 días.","ean":"8410128000806"},{"full_name":"PASCUAL nata líquida para montar y cocinar envase 500 ml","name":"nata líquida para montar y cocinar envase 500 ml","brand":"PASCUAL ","img":"https://sgfm.elcorteingles.es/SGFM//00/15/5/0120911900155/0120911900155000g01011.jpg","price":"1,00 €","price_unit":"(2 € / Litro)","categories":["Supermercado","Lácteos","Nata","Nata líquida","PASCUAL nata líquida para montar y cocinar envase 500 ml"],"general_information":["Denominación del alimento: Nata UHT 35% M.G.","Nombre del operador: Calidad Pascual, SAU.","Dirección del operador: Ctra. De Palencia, s/n - 09400 Aranda de Duero (Burgos)","Cantidad Neta: 500 Mililitros"],"ingredients":[" Nata (35,1% M.G.), estabilizante (E-407)."],"conservation":" No congelar. Conservar siempre en frío. Una vez abierto conservar el envase en nevera y consumir antes de 3 días.","ean":"8410128050047"},{"full_name":"PASCUAL nata líquida para montar envase 200 ml","name":"nata líquida para montar envase 200 ml","brand":"PASCUAL ","img":"https://sgfm.elcorteingles.es/SGFM/dctm/MEDIA02/CONTENIDOS/201507/20/00120911900122____1__600x600.jpg","price":"1,32 €","price_unit":"(6,60 € / Litro)","categories":["Supermercado","Lácteos","Nata","Nata líquida","PASCUAL nata líquida para montar envase 200 ml"],"general_information":["Denominación del alimento: Nata UHT 35% M.G.","Nombre del operador: Calidad Pascual, SAU.","Dirección del operador: Ctra. De Palencia, s/n - 09400 Aranda de Duero (Burgos)","Cantidad Neta: 200 Mililitros"],"ingredients":[" Nata (35.1% M.G.), estabilizante (E-407). Alérgenos en negrita."],"conservation":" No congelar. Conservar siempre en frío. Una vez abierto conservar el envase en nevera y consumir en el mismo día de apertura.","ean":"8410128055158"},{"full_name":"KAIKU SIN LACTOSA Plus Sin Lactosa nata líquida para montar 38% M.G. sin lactosa envase 200 ml","name":"Plus Sin Lactosa nata líquida para montar 38% M.G. sin lactosa envase 200 ml","brand":"KAIKU SIN LACTOSA ","img":"https://sgfm.elcorteingles.es/SGFM/00/59/3/0120911900593/0120911900593000g01011.jpg","price":"1,41 €","price_unit":"(7,05 € / Litro)","categories":["Supermercado","Lácteos","Nata","Nata líquida","KAIKU SIN LACTOSA Plus Sin Lactosa nata líquida para montar 38% M.G. sin lactosa envase 200 ml"],"general_information":["Denominación del alimento: Preparado lácteo UHT Sin Lactosa  (36% M.G.)","País de origen: Finlandia","Nombre del operador: Kaiku Corporación Alimentaria S.L.","Dirección del operador: Paseo de Mikeletegi 55; 20009 San Sebatian (Guipuzcoa)","Cantidad Neta: 200 Mililitros","Otras menciones obligatorias en la etiqueta: No apto para alérgicos a la proteína de la leche"],"ingredients":[" Nata y estabilizante (E407)."],"conservation":" Conservar en frío (entre1ºC y 8ºC)","ean":"8410981297306"},{"full_name":"KAIKU SIN LACTOSA Plus Sin Lactosa nata líquida para cocinar 15% M.G. sin lactosa envase 200 ml","name":"Plus Sin Lactosa nata líquida para cocinar 15% M.G. sin lactosa envase 200 ml","brand":"KAIKU SIN LACTOSA ","img":"https://sgfm.elcorteingles.es/SGFM/00/60/1/0120911900601/0120911900601000g01011.jpg","price":"1,41 €","price_unit":"(7,05 € / Litro)","categories":["Supermercado","Lácteos","Nata","Nata líquida","KAIKU SIN LACTOSA Plus Sin Lactosa nata líquida para cocinar 15% M.G. sin lactosa envase 200 ml"],"general_information":["Denominación del alimento: Preparado lácteo UHT Sin Lactosa  (15% M.G.)","País de origen: Finlandia","Nombre del operador: Kaiku Corporación Alimentaria S.L.","Dirección del operador: Paseo de Mikeletegi 55; 20009 San Sebatian (Guipuzcoa)","Cantidad Neta: 200 Mililitros","Otras menciones obligatorias en la etiqueta: No apto para alérgicos a la proteína de la leche"],"ingredients":[" Nata y estabilizante (E407)."],"conservation":" Conservar en frío (entre1ºC y 8ºC)","ean":"8410981297290"},{"full_name":"KAIKU Crème Fraîche nata fresca envase 200 g","name":"Crème Fraîche nata fresca envase 200 g","brand":"KAIKU ","img":"https://sgfm.elcorteingles.es/SGFM//00/74/2/0120911900742/0120911900742000g01011.jpg","price":"1,53 €","price_unit":"(7,65 € / Kilo)","categories":["Supermercado","Lácteos","Nata","Nata líquida","KAIKU Crème Fraîche nata fresca envase 200 g"],"general_information":["Denominación del alimento: Nata pasteurizada acidificada 30%M.G.","País de origen: Francia","Nombre del operador: Kaiku Corporación Alimentaria S.L.","Dirección del operador: Paseo de Mikeletegi 55; 20009 San Sebatian (Guipuzcoa)","Cantidad Neta: 200 Mililitros"],"ingredients":[" Nata y fermentos lácticos."],"conservation":" Consérves en frío (entre 1° y 6°C). Una vez abierto guardar en frigorífico y consumir antes de 5 días.","ean":"8410980095149"},{"full_name":"KAIKU nata especial para pasta brik 200 ml","name":"nata especial para pasta brik 200 ml","brand":"KAIKU ","img":"https://sgfm.elcorteingles.es/SGFM/dctm/MEDIA02/CONTENIDOS/201410/13/00120911900882____2__600x600.jpg","price":"1,11 €","price_unit":"(5,55 € / Litro)","categories":["Supermercado","Lácteos","Nata","Nata líquida","KAIKU nata especial para pasta brik 200 ml"],"general_information":[],"ingredients":[],"ean":"8432425033240"},{"full_name":"ATO nata líquida 18% materia grasa especial cocina envase 500 ml","name":"nata líquida 18% materia grasa especial cocina envase 500 ml","brand":"ATO ","img":"https://sgfm.elcorteingles.es/SGFM/dctm/MEDIA02/CONTENIDOS/201510/13/00120911900973____2__600x600.jpg","price":"2,22 €","price_unit":"(4,44 € / Litro)","categories":["Supermercado","Lácteos","Nata","Nata líquida","ATO nata líquida 18% materia grasa especial cocina envase 500 ml"],"general_information":["Denominación del alimento: Nata liquida UHT 18%MG","Nombre del operador: Llet ATO S.L.","Dirección del operador: Ctra. Costa Brava n° 49, 17411 Vidreres,  Gerona","Cantidad Neta: 500 Mililitros"],"ingredients":[" Nata 18%MG, emulgente ( mono y diglicéridos de ácidos grasos) y estabilizantes (carragenato y fosfato disódico)"],"conservation":" Una vez abierto el envase conservar cerrado en refrigeración y consumir en 4/5 días","ean":"8410135003913"},{"full_name":"ATO nata líquida 18% materia grasa especial cocina envase 200 ml","name":"nata líquida 18% materia grasa especial cocina envase 200 ml","brand":"ATO ","img":"https://sgfm.elcorteingles.es/SGFM/00/07/2/0120911900072/0120911900072000g01011.jpg","price":"1,08 €","price_unit":"(5,40 € / Litro)","categories":["Supermercado","Lácteos","Nata","Nata líquida","ATO nata líquida 18% materia grasa especial cocina envase 200 ml"],"general_information":["Denominación del alimento: Nata liquida UHT 18%MG","Nombre del operador: Corporación Alimentaria Peñasanta,","Dirección del operador: LG Sierra de Granda, s/n, 33199, Siero - Asturias.","Cantidad Neta: 0.198 Litros"],"ingredients":[" emulgente (mono y digliceridos de ácidos grasos), estabilizantes (carragenato y fosfato disódico)"],"conservation":" Una vez abierto conservar en frio y consumir en 4/5 días","ean":"8410135003135"},{"full_name":"ATO nata líquida 35% materia grasa especial para montar envase 200 ml","name":"nata líquida 35% materia grasa especial para montar envase 200 ml","brand":"ATO ","img":"https://sgfm.elcorteingles.es/SGFM/00/08/0/0120911900080/0120911900080000g01011.jpg","price":"1,08 €","price_unit":"(5,40 € / Litro)","categories":["Supermercado","Lácteos","Nata","Nata líquida","ATO nata líquida 35% materia grasa especial para montar envase 200 ml"],"general_information":["Denominación del alimento: NAT12-Nata 12-12,5%MG","Nombre del operador: Corporación Alimentaria Peñasanta,","Dirección del operador: LG Sierra de Granda, s/n, 33199, Siero - Asturias.","Cantidad Neta: 0.198 Litros"],"ingredients":[" leche en polvo, estabilizante (carragenato)"],"conservation":" Una vez abierto conservar en frio y consumir en 4/5 días, Antes de montar, conservar a ","ean":"8410135003098"},{"full_name":"ATO nata líquida 18% materia grasa para cocinar botella 185 ml","name":"nata líquida 18% materia grasa para cocinar botella 185 ml","brand":"ATO ","img":"https://sgfm.elcorteingles.es/SGFM//00/10/6/0120911900106/0120911900106000g01011.jpg","price":"1,19 €","price_unit":"(6,43 € / Litro)","categories":["Supermercado","Lácteos","Nata","Nata líquida","ATO nata líquida 18% materia grasa para cocinar botella 185 ml"],"general_information":["Denominación del alimento: Nata liquida esterilizada 20%MG","Nombre del operador: Llet ATO S.L.","Dirección del operador: Ctra. Costa Brava n° 49, 17411 Vidreres,  Gerona","Cantidad Neta: 200 Mililitros"],"ingredients":[" Nata 20%MG, proteínas lácteas,  estabilizantes (E-331, E-339, E-407) y regulador de acidez (E-500)"],"conservation":" Una vez abierto el envase conservar cerrado en refrigeración y consumir en 4/5 días","ean":"8410135003920"},{"full_name":"LARSA nata liquida para montar envase 500 ml","name":"nata liquida para montar envase 500 ml","brand":"LARSA ","img":"https://sgfm.elcorteingles.es/SGFM/dctm/MEDIA02/CONTENIDOS/201506/18/00120911900940____1__600x600.jpg","price":"2,21 €","price_unit":"(4,42 € / Litro)","categories":["Supermercado","Lácteos","Nata","Nata líquida","LARSA nata liquida para montar envase 500 ml"],"general_information":["Denominación del alimento: Nata liquida UHT 35,1%MG","Nombre del operador: Corporación Alimentaria Peñasanta S.A","Dirección del operador: Avda. Los Martices s/n-36600 Villagarcía de Arosa-Pontevedra","Cantidad Neta: 500 Mililitros"],"ingredients":[" Nata 35,1%MG, proteínas lácteas y estabilizante (carragenato)"],"conservation":" Una vez abierto el envase conservar cerrado en refrigeración y consumir en 4/5 días","ean":"8411024200260"},{"full_name":"RENY PICOT nata líquida para montar envase 200 ml","name":"nata líquida para montar envase 200 ml","brand":"RENY PICOT ","img":"https://sgfm.elcorteingles.es/SGFM/dctm/MEDIA02/CONTENIDOS/201410/27/00120911900171____1__600x600.jpg","price":"1,24 €","price_unit":"(6,20 € / Litro)","categories":["Supermercado","Lácteos","Nata","Nata líquida","RENY PICOT nata líquida para montar envase 200 ml"],"general_information":[],"ingredients":[],"ean":"8410379941019"},{"full_name":"RENY PICOT nata líquida ligera para cocinar envase 200 ml","name":"nata líquida ligera para cocinar envase 200 ml","brand":"RENY PICOT ","img":"https://sgfm.elcorteingles.es/SGFM/00/19/7/0120911900197/0120911900197000g01011.jpg","price":"1,34 €","price_unit":"(6,70 € / Litro)","categories":["Supermercado","Lácteos","Nata","Nata líquida","RENY PICOT nata líquida ligera para cocinar envase 200 ml"],"general_information":[],"ingredients":[],"ean":"8410379941033"},{"full_name":"PARMALAT nata líquida 3 quesos envase 200 ml","name":"nata líquida 3 quesos envase 200 ml","brand":"PARMALAT ","img":"https://sgfm.elcorteingles.es/SGFM/00/61/9/0120911900619/0120911900619000g01011.jpg","price":"1,63 €","price_unit":"(8,15 € / Litro)","categories":["Supermercado","Lácteos","Nata","Nata líquida","PARMALAT nata líquida 3 quesos envase 200 ml"],"general_information":["Denominación del alimento: NATA UHT HOMOGENEIZADA CON 3 QUESOS","Nombre del operador: VELDIS, S.A.","Dirección del operador: C/Puerto de Navacerrada, 59, 28935 Móstoles (Madrid).","Cantidad Neta: 20 Centilitros","Otras menciones obligatorias en la etiqueta: REGISTRO SANITARIO FABRICANTE: PT RLT 12 CE"],"ingredients":[" Nata, preparado de quesos (almidón de maíz, queso Emmental (1,5%), queso Pecorino Romano (1,5%), queso Parmigiano Reggiano (1%), sal, aromatizantes), espesante: carragenano."],"conservation":" Conservar a temperatura ambiente. Una vez abierto, conservar 3/4 días en el frigorífico.","ean":"5603089003518"},{"full_name":"PARMALAT nata liquida con champiñones envase 200 ml","name":"nata liquida con champiñones envase 200 ml","brand":"PARMALAT ","img":"https://sgfm.elcorteingles.es/SGFM/00/62/7/0120911900627/0120911900627000g01011.jpg","price":"1,63 €","price_unit":"(8,15 € / Litro)","categories":["Supermercado","Lácteos","Nata","Nata líquida","PARMALAT nata liquida con champiñones envase 200 ml"],"general_information":["Denominación del alimento: NATA UHT CON CHAMPIÑONES BOLETUS EDULIS.","Nombre del operador: VELDIS, S.A.","Dirección del operador: C/Puerto de Navacerrada, 59, 28935 Móstoles (Madrid).","Cantidad Neta: 20 Centilitros","Otras menciones obligatorias en la etiqueta: REGISTRO SANITARIO FABRICANTE: PT RLT 12 CE"],"ingredients":[" Nata, preparado de champiñones Boletus Edulis (almidón de maíz, sal, aromatizante, extracto natural de champiñones Boletus Edulis, champiñones Boletus Edulis 1%), estabilizante: carragenano."],"conservation":" Conservar a temperatura ambiente. Una vez abierto, conservar 3/4 días en el frigorífico.","ean":"5603089001354"},{"full_name":"PARMALAT nata carbonara envase 200 ml","name":"nata carbonara envase 200 ml","brand":"PARMALAT ","img":"https://sgfm.elcorteingles.es/SGFM/00/76/7/0120911900767/0120911900767000g01011.jpg","price":"1,63 €","price_unit":"(8,15 € / Litro)","categories":["Supermercado","Lácteos","Nata","Nata líquida","PARMALAT nata carbonara envase 200 ml"],"general_information":["Denominación del alimento: NATA UHT CON SABOR A CARBONARA","Nombre del operador: VELDIS, S.A.","Dirección del operador: C/Puerto de Navacerrada, 59, 28935 Móstoles (Madrid).","Cantidad Neta: 20 Centilitros","Otras menciones obligatorias en la etiqueta: REGISTRO SANITARIO FABRICANTE: PT RLT 12 CE"],"ingredients":[" Nata, preparado con sabor a carbonara (almidón de maíz, aromatizantes, sal, pimienta negra), espesante: carragenano."],"conservation":" Conservar a temperatura ambiente. Una vez abierto, conservar 3/4 días en el frigorífico.","ean":"5603089003679"},{"full_name":"PULEVA nata para cocinar envase 200 ml","name":"nata para cocinar envase 200 ml","brand":"PULEVA ","img":"https://sgfm.elcorteingles.es/SGFM/dctm/MEDIA02/CONTENIDOS/201502/09/00120911900916____1__600x600.jpg","price":"1,00 €","price_unit":"(5 € / Litro)","categories":["Supermercado","Lácteos","Nata","Nata líquida","PULEVA nata para cocinar envase 200 ml"],"general_information":["Denominación del alimento: Nata ligera (18% M.G) UHT","Nombre del operador: Lactalis Puleva, S.L.","Dirección del operador: Camino de Purchil, 66 - 18004 Granada","Cantidad Neta: 200 Mililitros","Número de raciones por envase: 6"],"ingredients":[" nata (Leche) (min.18 M.G), almidón de maíz modificado, emulgente (E-471), espesantes (celulosa, goma de celulosa y goma de celulosa y goma xantana) y estabilizante (E-451)."],"conservation":" Una vez abierto el envase, debe conservarse en frío, siendo aconsejable su consumo en los 2-3 días siguientes.","ean":"0000084117830"},{"full_name":"VRAI nata líquida fresca ecológica tarro 200 ml","name":"nata líquida fresca ecológica tarro 200 ml","brand":"VRAI ","img":"https://sgfm.elcorteingles.es/SGFM/dctm/MEDIA02/CONTENIDOS/201409/27/00200413900010____3__600x600.jpg","price":"2,59 €","price_unit":"(12,95 € / Litro)","categories":["Supermercado","Lácteos","Nata","Nata líquida","VRAI nata líquida fresca ecológica tarro 200 ml"],"general_information":[],"ingredients":[],"ean":"3273227407045"},{"full_name":"ROTTALER nata líquida agria 24% M.G. envase 150 g","name":"nata líquida agria 24% M.G. envase 150 g","brand":"ROTTALER ","img":"https://sgfm.elcorteingles.es/SGFM/00/27/0/0120911900270/0120911900270000g01011.jpg","price":"2,04 €","price_unit":"(10,20 € / Kilo)","categories":["Supermercado","Lácteos","Nata","Nata líquida","ROTTALER nata líquida agria 24% M.G. envase 150 g"],"general_information":["Denominación del alimento: NATA AGRIA DE COCINA (24%M.G) UHT","Nombre del operador: Casa Westfalia, S.A.","Dirección del operador: C/ Dels Roures 4, Polígono Industrial V2 - 17111 Vulpellac (Girona)","Cantidad Neta: 200 g","Número de raciones por envase: 100"],"ingredients":[" NATA, proteína de leche, fermentos LÁCTEOS."],"conservation":" Mantener en frigorífico","ean":"0000040463803"},{"full_name":"LARSA nata liquida para cocinar envase 500 ml","name":"nata liquida para cocinar envase 500 ml","brand":"LARSA ","img":"https://sgfm.elcorteingles.es/SGFM/dctm/MEDIA02/CONTENIDOS/201506/18/00120911900932____1__600x600.jpg","price":"2,21 €","price_unit":"(4,42 € / Litro)","categories":["Supermercado","Lácteos","Nata","Nata líquida","LARSA nata liquida para cocinar envase 500 ml"],"general_information":["Denominación del alimento: Nata liquida UHT 18%MG","Nombre del operador: Corporación Alimentaria Peñasanta S.A","Dirección del operador: Avda. Los Martices s/n-36600 Villagarcía de Arosa-Pontevedra","Cantidad Neta: 500 Mililitros"],"ingredients":[" Nata 18%MG, emulgente ( mono y diglicéridos de ácidos grasos) y estabilizantes (carragenato y fosfato disódico)"],"conservation":" Una vez abierto el envase conservar cerrado en refrigeración y consumir en 4/5 días","ean":"8411024200253"},{"full_name":"PRIEGOLA nata líquida fresca envase 250 ml","name":"nata líquida fresca envase 250 ml","brand":"PRIEGOLA ","img":"https://sgfm.elcorteingles.es/SGFM/dctm/MEDIA02/CONTENIDOS/201410/01/00120911900148____1__600x600.jpg","price":"1,28 €","price_unit":"(5,12 € / Litro)","categories":["Supermercado","Lácteos","Nata","Nata líquida","PRIEGOLA nata líquida fresca envase 250 ml"],"general_information":[],"ingredients":[],"ean":"8411262196493"},{"full_name":"EL CORTE INGLES nata UHT para montar pack 3 envases 200 ml","name":"nata UHT para montar pack 3 envases 200 ml","brand":"EL CORTE INGLES ","img":"https://sgfm.elcorteingles.es/SGFM/dctm/MEDIA03/201611/22/00120911901088____1__600x600.jpg","price":"1,74 €","price_unit":"(8,70 € / Litro)","categories":["Supermercado","Lácteos","Nata","Nata montada","EL CORTE INGLES nata UHT para montar pack 3 envases 200 ml"],"general_information":["Denominación del alimento: NATA LIQUIDA UHT PARA MONTAR 35% MG","Nombre del operador: Elaborado para El Corte Inglés por\nFeiraco Lacteos, S.L.\nPonte Maceira, Agrón\n15864, Ames (A Coruña)\nEspaña","Lugar de procedencia del alimento: Origen ESPAÑA","Número de raciones por envase: 2"],"ingredients":[" Ingredientes: \n\nNata (35% M.G.), proteínas lácteas y estabilizante (E-407)"],"conservation":" Mantener en lugar fresco y seco.\nUna vez abierto guardar en el frigorífico, máximo 5 días. No congelar.","ean":"8433329075176"},{"full_name":"ASTURIANA Mi Reposteria nata especial para masas envase 500 ml","name":"Mi Reposteria nata especial para masas envase 500 ml","brand":"ASTURIANA ","img":"https://sgfm.elcorteingles.es/SGFM/dctm/MEDIA02/CONTENIDOS/201601/13/00120911900924____2__600x600.jpg","price":"1,98 €","price_unit":"(3,96 € / Litro)","categories":["Supermercado","Lácteos","Nata","Nata montada","ASTURIANA Mi Reposteria nata especial para masas envase 500 ml"],"general_information":["Denominación del alimento: Nata liquida UHT 30%MG","Nombre del operador: Corporación Alimentaria Peñasanta S.A","Dirección del operador: Sierra de Granda, s/n 33199 Siero, Asturias","Cantidad Neta: 500 Mililitros"],"ingredients":[" Nata 30%MG"],"conservation":" Una vez abierto el envase conservar cerrado en refrigeración y consumir en 4/5 días","ean":"8410297122262"},{"full_name":"ASTURIANA nata montada azucarada spray 250 ml","name":"nata montada azucarada spray 250 ml","brand":"ASTURIANA ","img":"https://sgfm.elcorteingles.es/SGFM/dctm/MEDIA03/201602/15/00120911900031____1__600x600.jpg","price":"1,91 €","price_unit":"(7,64 € / Litro)","categories":["Supermercado","Lácteos","Nata","Nata montada","ASTURIANA nata montada azucarada spray 250 ml"],"general_information":["Denominación del alimento: Nata montada azucarada UHT","Nombre del operador: Corporación Alimentaria Peñasanta S.A","Dirección del operador: Sierra de Granda, s/n 33199 Siero, Asturias","Cantidad Neta: 275 g","Otras menciones obligatorias en la etiqueta: Recipiente a presión. Puede reventar si se calienta. Mantener alejado del calor, de superficies calientes, de chispas, de Ilama abiertas y de cualquier otra fuente de ignición. No fumar. No perforar ni quemar, incluso después de su uso. Proteger de la uz del sol. No exponer a temperaturas superiors a 50°C/122°F"],"ingredients":[" Nata , azúcar (8,5%),  gas propulsor N20, emulgente (E-471), estabilizante (E-407)"],"conservation":" No congelar. Una vez abierto conservar en refrigeración entre 2 y 7 ºc","ean":"8410297121104"},{"full_name":"ASTURIANA nata montada ligera spray 250 ml","name":"nata montada ligera spray 250 ml","brand":"ASTURIANA ","img":"https://sgfm.elcorteingles.es/SGFM/dctm/MEDIA03/201602/15/00120911900296____1__600x600.jpg","price":"1,91 €","price_unit":"(7,64 € / Litro)","categories":["Supermercado","Lácteos","Nata","Nata montada","ASTURIANA nata montada ligera spray 250 ml"],"general_information":["Denominación del alimento: Nata montada ligera azucarada UHT","Nombre del operador: Corporación Alimentaria Peñasanta S.A","Dirección del operador: Sierra de Granda, s/n 33199 Siero, Asturias","Cantidad Neta: 275 g","Otras menciones obligatorias en la etiqueta: Recipiente a presión. Puede reventar si se calienta. Mantener alejado del calor, de superficies calientes, de chispas, de Ilama abiertas y de cualquier otra fuente de ignición. No fumar. No perforar ni quemar, incluso después de su uso. Proteger de la uz del sol. No exponer a temperaturas superiors a 50°C/122°F. Mantener fuera del alcance  de los niños."],"ingredients":[" Nata (20% M.G) , jarabe de azúcar (azúcar  8%), gas propulsor N2O , emulgente (E471), estabilizador (E401), aroma"],"conservation":" Conservar a temperatura máxima de +20ºC. Refrigerar el producto antes de usar al menos 12 horas. No congelar","ean":"8410297121128"},{"full_name":"ASTURIANA nata montada azucarada Sin Lactosa spray 250 ml","name":"nata montada azucarada Sin Lactosa spray 250 ml","brand":"ASTURIANA ","img":"https://sgfm.elcorteingles.es/SGFM/dctm/MEDIA03/201703/24/00120911901096____1__600x600.jpg","price":"2,07 €","price_unit":"(8,28 € / Litro)","categories":["Supermercado","Lácteos","Nata","Nata montada","ASTURIANA nata montada azucarada Sin Lactosa spray 250 ml"],"general_information":["Denominación del alimento: Nata montada azucarada UHT 27%MG sin lactosa","Nombre del operador: Corporación Alimentaria Peñasanta,","Dirección del operador: LG Sierra de Granda, s/n, 33199, Siero - Asturias.","Cantidad Neta: 0.275 Litros"],"ingredients":[" nata (leche), emulgente (E-472b), azúcar (10%), corrector de acidez (E-339ii), estabilizante (E-407), gas propulsor (N2O)"],"conservation":" No congelar, Una vez abierto, conservar en refrigeración entre 2 y 7ºC","ean":"8410297121234"},{"full_name":"PASCUAL nata montada azucarada spray 250 ml","name":"nata montada azucarada spray 250 ml","brand":"PASCUAL ","img":"https://sgfm.elcorteingles.es/SGFM/00/13/0/0120911900130/0120911900130000g01011.jpg","price":"1,75 €","price_unit":"(7 € / Kilo)","categories":["Supermercado","Lácteos","Nata","Nata montada","PASCUAL nata montada azucarada spray 250 ml"],"general_information":["Denominación del alimento: Nata montada azucarada UHT (30%)","Nombre del operador: Calidad Pascual, SAU.","Dirección del operador: Ctra. De Palencia, s/n - 09400 Aranda de Duero (Burgos)","Cantidad Neta: 275 g","Número de raciones por envase: 13","Otras menciones obligatorias en la etiqueta: Atención. Recipiente a presión: Puede reventar si se calienta. Mantener alejado del calor, e superficies calientes, de chispas, de llamas abiertas y de cualquier otra fuente de ignición. No fumar. No perforar ni quemar, incluso después de su uso. proteger de la luz del sol. No exponer a temperaturas superiores a 50°C/122°F. Mantener fuera del alcance de los niños."],"ingredients":[" Nata (30% M.G.), azúcar (8.5%), gas propulsor (E-942), emulgente (E-471), estabilizante (E-407)."],"conservation":" Conservar preferentemente en frío. No congelar. Una vez abierto, guardar refrigerado entre 0° y +5°C en posición horizontal.","ean":"8410128050153"},{"full_name":"PASCUAL nata montada ligera spray 250 g","name":"nata montada ligera spray 250 g","brand":"PASCUAL ","img":"https://sgfm.elcorteingles.es/SGFM/dctm/MEDIA02/CONTENIDOS/201503/16/00120911900577____1__600x600.jpg","price":"2,77 €","price_unit":"(11,08 € / Kilo)","categories":["Supermercado","Lácteos","Nata","Nata montada","PASCUAL nata montada ligera spray 250 g"],"general_information":["Denominación del alimento: Nata (17% M.G) ligera montada azucarada aromatizada","Nombre del operador: Calidad Pascual, SAU.","Dirección del operador: Ctra. De Palencia, s/n - 09400 Aranda de Duero (Burgos)","Cantidad Neta: 275 g","Número de raciones por envase: 13","Otras menciones obligatorias en la etiqueta: Atención. Recipiente a presión: Puede reventar si se calienta. Mantener alejado del calor, de superficies calientes, de chispas, de llamas abiertas y de cualquier otra fuente de ignición. No fumar. No perforar ni quemar, incluso después de su uso. Proteger de la luz del sol. No exponer a temperaturas superiores a 50°C/122°F. Mantener fuera del alcance de los niños. Pascual Ligera aporta aporta un 36% menos de materia grasa que Nata Pascual Azucarada."],"ingredients":[" Nata (86%), azúcar (8%), gas propelente: E-942, emulgente: E-471, estabilizante: E-401, aroma natural de vainilla. Alérgenos en negrita."],"conservation":" Conservar preferentemente en frío. No congelar. Una vez abierto, guardar refrigerado entre 0° y +5°C en posición horizontal.","ean":"8410128050009"},{"full_name":"PRESIDENT nata montada spray 250 g","name":"nata montada spray 250 g","brand":"PRESIDENT ","img":"https://sgfm.elcorteingles.es/SGFM/00/25/4/0120911900254/0120911900254000g01011.jpg","price":"2,18 €","price_unit":"(8,72 € / Kilo)","categories":["Supermercado","Lácteos","Nata","Nata montada","PRESIDENT nata montada spray 250 g"],"general_information":["Denominación del alimento: Nata ligera bajo presión azucarada esterilizada UHT.","Nombre del operador: Lactalis Forlasa S.L.U.","Dirección del operador: LB&C-Les PLACIS 35230 Bourgbarré France","Cantidad Neta: 250 g"],"ingredients":[" Nata ligera (91%), azúcar (8,5%), emulsionante: E472b, estabilizantes: E407, aroma, vainilla, gas propulsor E942."],"ean":"8410285015354"},{"full_name":"ATO nata líquida especial para montar 35,1% MG envase 500 ml","name":"nata líquida especial para montar 35,1% MG envase 500 ml","brand":"ATO ","img":"https://sgfm.elcorteingles.es/SGFM/dctm/MEDIA02/CONTENIDOS/201601/18/00200411901036____1__600x600.jpg","price":"2,27 €","price_unit":"(4,54 € / Litro)","categories":["Supermercado","Lácteos","Nata","Nata montada","ATO nata líquida especial para montar 35,1% MG envase 500 ml"],"general_information":[],"ingredients":[],"ean":"8410135003401"},{"full_name":"ATO nata montada spray 250 ml","name":"nata montada spray 250 ml","brand":"ATO ","img":"https://sgfm.elcorteingles.es/SGFM/00/09/8/0120911900098/0120911900098000g01011.jpg","price":"2,18 €","price_unit":"(8,72 € / Litro)","categories":["Supermercado","Lácteos","Nata","Nata montada","ATO nata montada spray 250 ml"],"general_information":["Denominación del alimento: Nata montada azucarada UHT","Nombre del operador: Corporación Alimentaria Peñasanta,","Dirección del operador: LG Sierra de Granda, s/n, 33199, Siero - Asturias.","Cantidad Neta: 0.275 Litros"],"ingredients":[" nata, azúcar (8,5%), emulgente (E-472b), regulador de la acidez (E-340ii), estabilizante (E-407), gas propulsor (N2O)"],"conservation":" No congelar, Una vez abierto, conservar en refrigeración entre 2 y 7ºC","ean":"8410135003142"},{"full_name":"PULEVA nata montada especial repostería spray 250 ml","name":"nata montada especial repostería spray 250 ml","brand":"PULEVA ","img":"https://sgfm.elcorteingles.es/SGFM/00/06/4/0120911900064/0120911900064000g01011.jpg","price":"1,68 €            ","price_unit":"(5,96 € / Litro)","categories":["Supermercado","Lácteos","Nata","Nata montada","PULEVA nata montada especial repostería spray 250 ml"],"general_information":["Denominación del alimento: Nata Ligera (20% M.G). UHT. Envasada bajo presión. Azucarada.","Nombre del operador: Lactalis Puleva, S.L.","Dirección del operador: Camino de Purchil, 66 - 18004 Granada","Cantidad Neta: 250 g","Número de raciones por envase: 1"],"ingredients":[" nata Liegera (Leche) (91%), azucar (8.5%), emulgente (E 472b) y estabilizante (E 407), aroma y gas propelente (N20)."],"conservation":" Una vez abierto el envase, conservar en frío y consumir dentro de los 3-4 días siguientes.","ean":"8411700020182"},{"full_name":"PULEVA nata para montar envase 200 ml","name":"nata para montar envase 200 ml","brand":"PULEVA ","img":"https://sgfm.elcorteingles.es/SGFM/dctm/MEDIA02/CONTENIDOS/201502/09/00120911900908____1__600x600.jpg","price":"0,84 €","price_unit":"(4,20 € / Litro)","categories":["Supermercado","Lácteos","Nata","Nata montada","PULEVA nata para montar envase 200 ml"],"general_information":["Denominación del alimento: Nata para montar (35.1% M.G) UHT","Nombre del operador: Lactalis Puleva, S.L.","Dirección del operador: Camino de Purchil, 66 - 18004 Granada","Cantidad Neta: 200 Mililitros","Número de raciones por envase: 1"],"ingredients":[" nata, min. 35,1% M.G (Leche) y estabilizantes (E-460i, E-466 y E-407)."],"conservation":" Una vez abierto el envase, conservar en el frigorífico, siendo aconsejable su consumo en los 2-3 días siguientes. NO CONGELAR","ean":"0000084117823"},{"full_name":"ELMLEA Double nata montada envase 284 ml","name":"Double nata montada envase 284 ml","brand":"ELMLEA ","img":"https://sgfm.elcorteingles.es/SGFM/dctm/MEDIA02/CONTENIDOS/201409/03/00120911900874____1__600x600.jpg","price":"2,71 €","price_unit":"(9,54 € / Litro)","categories":["Supermercado","Lácteos","Nata","Nata montada","ELMLEA Double nata montada envase 284 ml"],"general_information":[],"ingredients":[],"ean":"8712566052790"},{"full_name":"ELMLEA Single nata montada envase 284 ml","name":"Single nata montada envase 284 ml","brand":"ELMLEA ","img":"https://sgfm.elcorteingles.es/SGFM/dctm/MEDIA02/CONTENIDOS/201409/03/00120911900866____1__600x600.jpg","price":"2,06 €","price_unit":"(7,25 € / Litro)","categories":["Supermercado","Lácteos","Nata","Nata montada","ELMLEA Single nata montada envase 284 ml"],"general_information":[],"ingredients":[],"ean":"8712566052875"},{"full_name":"SANTI nata vegetal montada y azucarada tarrina 220 g","name":"nata vegetal montada y azucarada tarrina 220 g","brand":"SANTI ","img":"https://sgfm.elcorteingles.es/SGFM/dctm/MEDIA02/CONTENIDOS/201409/18/00120911900759____1__600x600.jpg","price":"2,49 €","price_unit":"(11,32 € / Kilo)","categories":["Supermercado","Lácteos","Nata","Nata montada","SANTI nata vegetal montada y azucarada tarrina 220 g"],"general_information":["Denominación del alimento: Vegetal topping montada y azucarada","Nombre del operador: Mantequerias Santi","Dirección del operador: Pol. Ind. Ugaldeguren III, Pabellón 32-4 - 48170 Zamudio (Vizcaya)","Cantidad Neta: 220 g"],"ingredients":[" Leche desnatada, aceites vegetales parcialmente hidrogenados, azúcar, yema de huevo, emulsionantes (E-471, E-435), estabilizante (carragenato) y colorante (betacaroteno). Contiene, huevo y productos derivados, leche y productos derivados incluidos la lactosa."],"conservation":" Conservar entre 0°C y 4°C.","ean":"8412647031644"}]