[{"full_name":"NUTRISPORT Control Day barritas sustitutivas y quemagrasa con L-Carnitina sabor galleta 2 unidades unidad 44 g","name":"Control Day barritas sustitutivas y quemagrasa con L-Carnitina sabor galleta 2 unidades unidad 44 g","brand":"NUTRISPORT ","img":"https://sgfm.elcorteingles.es/SGFM/dctm/MEDIA02/CONTENIDOS/201409/03/00120746802386____1__600x600.jpg","price":"1,39 €","price_unit":"(31,59 € / Kilo)","categories":["Supermercado","Dietéticos","Nutrición deportiva","Suplementos en barritas","NUTRISPORT Control Day barritas sustitutivas y quemagrasa con L-Carnitina sabor galleta 2 unidades unidad 44 g"],"general_information":[],"ingredients":[],"ean":"8424644000950"},{"full_name":"SPECIAL LINE Iso Power Drink bebida isotónica en polvo sabor naranja envase 600 g","name":"Iso Power Drink bebida isotónica en polvo sabor naranja envase 600 g","brand":"SPECIAL LINE ","img":"https://sgfm.elcorteingles.es/SGFM/dctm/MEDIA03/201605/05/00120747000592____1__600x600.jpg","price":"11,95 €","price_unit":"(19,92 € / Kilo)","categories":["Supermercado","Dietéticos","Nutrición deportiva","Energéticos","SPECIAL LINE Iso Power Drink bebida isotónica en polvo sabor naranja envase 600 g"],"general_information":["Denominación del alimento: Complemento alimenticio en polvo para la preparación de bebida isotónica. Con azúcares y edulcorante.","Nombre del operador: Elaborado para el\nGrupo El Corte Inglés\nHermosilla, 112. 28009 - Madrid - España\npor NIF: A-08650509","Cantidad Neta: 600 g"],"ingredients":[" Ingredientes: Sacarosa, glucosa, fructosa, maltodextrina, jarabe de glucosa deshidratado, acidulante (ácido cítrico), aromas, citrato de sodio, cloruro de sodio, fosfato cálcico, fosfato potásico, citrato magnésico, carbonato magnésico, citrato potásico, ácido L-ascórbico, edulcorante (sucralosa), colorantes (riboflavina 5'fosfato sódico y carmín de cochinilla), D-pantotenato cálcico, clorhidrato de piridoxina, riboflavina, clorhidrato de tiamina y cianocobalamina)."],"conservation":" Conservar en lugar fesco y seco.","ean":"8433329052276"},{"full_name":"SPECIAL LINE Recovery bebida isotónica en polvo sabor fresa envase 460 g","name":"Recovery bebida isotónica en polvo sabor fresa envase 460 g","brand":"SPECIAL LINE ","img":"https://sgfm.elcorteingles.es/SGFM/dctm/MEDIA03/201605/05/00120747200051____1__600x600.jpg","price":"13,25 €","price_unit":"(28,80 € / Kilo)","categories":["Supermercado","Dietéticos","Nutrición deportiva","Energéticos","SPECIAL LINE Recovery bebida isotónica en polvo sabor fresa envase 460 g"],"general_information":[],"ingredients":[],"ean":"8433329052320"},{"full_name":"YNSADIET Nutri-Dx creatina energía deportiva 60 cápsulas bote 50 g","name":"Nutri-Dx creatina energía deportiva 60 cápsulas bote 50 g","brand":"YNSADIET ","img":"https://sgfm.elcorteingles.es/SGFM/dctm/MEDIA02/CONTENIDOS/201507/06/00120747100186____1__600x600.jpg","price":"7,41 €","price_unit":"(14,82 € / 100 gr.)","categories":["Supermercado","Dietéticos","Nutrición deportiva","Energéticos","YNSADIET Nutri-Dx creatina energía deportiva 60 cápsulas bote 50 g"],"general_information":["Denominación del alimento: Complemento alimenticio elaborado a base de Creatina.","Nombre del operador: Ynsadiet S.A.","Dirección del operador: Isaac Peral, 3 ? Pol. Ind. Ntra. Sra. de Butarque. 28914 Leganés (Madrid).","Cantidad Neta: 49.2 g"],"ingredients":[" Creatina monohidrato (500 mg), Agente de carga (Almidón de maíz), Antiaglomerantes (Fosfato cálcico, Celulosa, Estearato magnésico)."],"conservation":" Ambiente seco y fresco.","ean":"8412016363949"},{"full_name":"VICTORY Pure Creatine bote 500 g","name":"Pure Creatine bote 500 g","brand":"VICTORY ","img":"https://sgfm.elcorteingles.es/SGFM/00/04/8/0120747000048/0120747000048000g01011.jpg","price":"40,49 €","price_unit":"(80,98 € / Kilo)","categories":["Supermercado","Dietéticos","Nutrición deportiva","Energéticos","VICTORY Pure Creatine bote 500 g"],"general_information":["Denominación del alimento: Complemento alimenticio a base de Creatina monohidrato en polvo para mezclar con agua.","Nombre del operador: Weider Nutrition, S.L.","Dirección del operador: C/ Electrónica, 39/41 - 28923 Alcorcón (Madrid)","Cantidad Neta: 1 Kilogramos","Otras menciones obligatorias en la etiqueta: Cada servicio contiene: 3000mg creatina"],"ingredients":[" 100% creatina monohidrato.Puede contener trazas de lactosa, soja, gluten y huevo."],"conservation":" Conservar en lugar fresco, seco y oscuro.","ean":"8414192305560"},{"full_name":"VICTORY Pure Creatine suplemento creatina envase 120 cápsulas","name":"Pure Creatine suplemento creatina envase 120 cápsulas","brand":"VICTORY ","img":"https://sgfm.elcorteingles.es/SGFM/00/13/9/0120747000139/0120747000139000g01011.jpg","price":"25,40 €","price_unit":"(211,67 € / Kilo)","categories":["Supermercado","Dietéticos","Nutrición deportiva","Energéticos","VICTORY Pure Creatine suplemento creatina envase 120 cápsulas"],"general_information":["Denominación del alimento: Complemento alimenticio a base de Creatina monohidrato. Cápsulas para tragar.","Nombre del operador: Weider Nutrition, S.L.","Dirección del operador: C/ Electrónica, 39/41 - 28923 Alcorcón (Madrid)","Cantidad Neta: 204 g","Número de raciones por envase: 120","Otras menciones obligatorias en la etiqueta: 4 cápsulas contienen:  energía 9kJ/2kcal; proteínas 0,4g; hidratos de carbono < 0,1g; grasas < 0,1g; creatina monohidrato  2877mg, de la cual creatina  2537mg."],"ingredients":[" Creatina monohidrato, agente de recubrimiento (gelatina), antiaglomerante: estearato de magnesio, colorante: E172.Puede contener trazas de lactosa, soja, gluten y huevo."],"conservation":" Conservar en lugar fresco, seco y oscuro.","ean":"8414192305584"},{"full_name":"VICTORY ENDURANCE Total Recovery hidratos de carbono y proteínas sabor sandía bote 750 g","name":"Total Recovery hidratos de carbono y proteínas sabor sandía bote 750 g","brand":"VICTORY ENDURANCE ","img":"https://sgfm.elcorteingles.es/SGFM/dctm/MEDIA02/CONTENIDOS/201503/13/00200346803703____1__600x600.jpg","price":"15,52 €","price_unit":"(20,69 € / Kilo)","categories":["Supermercado","Dietéticos","Nutrición deportiva","Energéticos","VICTORY ENDURANCE Total Recovery hidratos de carbono y proteínas sabor sandía bote 750 g"],"general_information":["Denominación del alimento: Complemento alimenticio en polvo para la preparación de una bebida a base de hidratos de carbono, proteínas, aminoácidos, vitaminas y minerales.","Nombre del operador: Weider Nutrition, S.L.","Dirección del operador: C/ Electrónica, 39/41 - 28923 Alcorcón (Madrid)","Cantidad Neta: 750 g"],"ingredients":[" Complejo Carbo-Protein Optimum (dextrosa, aislado de proteína de lactosuero, hidrolizado de proteína láctea), L-Glutamina, acidulante: ácido cítrico; aroma (aroma de sandía), L-Leucina, hidróxido de magnesio, péptidos de glutamina, L-Valina, L-Isoleucina, ácido l-ascórbico (vitamina C), edulcorante: sucralosa; difosfato(III) de hierro,D-alfa-tocoferol acetato (vitamina E), cloruro de sodio, nicotinamida (niacina), oxido de zinc, D-pantotenato cálcico (ácido pantoténico), piridoxina clorhidrato (vitamina B6), Mononitrato de tiamina (vitamina B1), riboflavina (vitamina B2), ácido pteroilmonoglutámico (ácido fólico), D-biotina (biotina), cianocobalamina (vitamina B12), colecalciferol (vitamina D3), acetato de retinilo (vitamina A), colorante: azorrubina, betacaroteno (E160a); sulfato de manganeso, carbonato de cobre, yoduro de potasio, selenito de sodio.Contiene lactosa.Puede contener trazas de soja, gluten y huevo."],"conservation":" Conservar en lugar fresco, seco y oscuro.","ean":"8414192304631"},{"full_name":"WEIDER Mega-Mass 2000 hidratos de carbono sabor Cookies&Cream bote 1,5 kg","name":"Mega-Mass 2000 hidratos de carbono sabor Cookies&Cream bote 1,5 kg","brand":"WEIDER ","img":"https://sgfm.elcorteingles.es/SGFM/02/81/2/0200346802812/0200346802812000g01011.jpg","price":"28,95 €","price_unit":"(19,30 € / Kilo)","categories":["Supermercado","Dietéticos","Nutrición deportiva","Energéticos","WEIDER Mega-Mass 2000 hidratos de carbono sabor Cookies&Cream bote 1,5 kg"],"general_information":["Denominación del alimento: Complemento alimenticio en polvo","Nombre del operador: Weider Nutrition, S.L.","Dirección del operador: C/ Electrónica, 39/41 - 28923 Alcorcón (Madrid)","Cantidad Neta: 1.5 Kilogramos"],"ingredients":[" Dextrosa, maltodextrina, fructosa, aislado de proteína de soja, concentrado de proteína de lactosuero, lactosuero en polvo, trealosa*, almidón, lactosuero en polvo enriquecido con proteínas, aroma (aroma de cookies & cream), emulgentes: lecitina de soja, monoglicéridos y diglicéridos de ácidos grasos; taurina, carbonatos de magnesio, 0,3% cacao en polvo bajo en grasa (theobroma cacao L.), caramelo instantáneo (azúcar caramelizado, maltodextrina), antiaglomerante: difosfato potásico; ácido L-ascórbico (vitamina C), D-alfa-tocoferol acetato (vitamina E), nicotinamida (niacina), pirofosfato de hierro (III), óxido de zinc, D-pantotenato cálcico (ácido pantoténico), yoduro de potasio, piridoxina clorhidrato (vitamina B6), tiamina mononitrato (vitamina B1), riboflavina (vitamina B2), ácido pteroilmonoglutámico (ácido fólico), D-biotina (biotina). Contiene lactosa. Puede contener trazas de gluten y huevo."],"conservation":" Conservar en lugar fresco, seco y oscuro.","ean":"8414192307250"},{"full_name":"WEIDER barrita energética sabor yogurt muesli pack 3 barritas caja 105 g","name":"barrita energética sabor yogurt muesli pack 3 barritas caja 105 g","brand":"WEIDER ","img":"https://sgfm.elcorteingles.es/SGFM/dctm/MEDIA03/201707/17/00120746600210____1__600x600.jpg","price":"3,75 €","price_unit":"(35,71 € / Kilo)","categories":["Supermercado","Dietéticos","Nutrición deportiva","Energéticos","WEIDER barrita energética sabor yogurt muesli pack 3 barritas caja 105 g"],"general_information":[],"ingredients":[],"ean":"8414192310946"},{"full_name":"ISOSTAR Energy gel con cafeína sabor fresa plátano envase 35 g","name":"Energy gel con cafeína sabor fresa plátano envase 35 g","brand":"ISOSTAR ","img":"https://sgfm.elcorteingles.es/SGFM/dctm/MEDIA02/CONTENIDOS/201407/07/00120747000360____1__600x600.jpg","price":"2,10 €","price_unit":"(2.100 € / Kilo)","categories":["Supermercado","Dietéticos","Nutrición deportiva","Energéticos","ISOSTAR Energy gel con cafeína sabor fresa plátano envase 35 g"],"general_information":["Denominación del alimento: Gel energético rico en hidratos de carbono.","Nombre del operador: Nutrition & Santé Iberia, S.L.","Dirección del operador: c/ Jesús Serra i Santamans, nº 4 - 1ª planta. 08174 Sant Cugat del Vallés - Barcelona","Cantidad Neta: 35 g","Número de raciones por envase: 1","Otras menciones obligatorias en la etiqueta: Contiene cafeína, no recomendado para niños y mujeres embarazadas o en período de lactancia (118 mg/100 g)"],"ingredients":[" Jarabe de glucosa, Agua, Fructosa, Aromas (contiene cafeína), Acidulante: ácido cítrico, Vitaminas C y B1. Contiene sodio."],"conservation":" Conservar en lugar fresco y seco.","ean":"3175681141162"},{"full_name":"ISOSTAR Power Tabs limón tubo 10 unidades","name":"Power Tabs limón tubo 10 unidades","brand":"ISOSTAR ","img":"https://sgfm.elcorteingles.es/SGFM/00/08/9/0120747000089/0120747000089000g01011.jpg","price":"5,35 €","price_unit":"(0,53 € / Dosis)","categories":["Supermercado","Dietéticos","Nutrición deportiva","Energéticos","ISOSTAR Power Tabs limón tubo 10 unidades"],"general_information":["Denominación del alimento: Preparado para bebida con aporte de carbohidratos y electrolitos.","Nombre del operador: Nutrition & Santé Iberia, S.L.","Dirección del operador: c/ Jesús Serra i Santamans, nº 4 - 1ª planta. 08174 Sant Cugat del Vallés - Barcelona","Cantidad Neta: 120 g","Número de raciones por envase: 5","Otras menciones obligatorias en la etiqueta: Con azúcares y edulcorante. Contiene una fuente de fenilalanina."],"ingredients":[" Dextrosa, acidulante: ácido cítrico, bicarbonato sódico, almidón, maltodextrina, aroma natural de limón y otros aromas naturales (colorante: carotenos), carbonato de potasio, carbonato de magnesio, carbonato de calcio, cloruro de sodio, sales cálcicas de ácido ortofosfórico, edulcorante: aspartamo, vitaminas C, E, B1. Contiene una fuente de fenilalanina. Información alérgenos: www.isostar.com."],"conservation":" Conservar en lugar fresco y seco.","ean":"7612100026748"},{"full_name":"ISOSTAR tabletas energéticas de glucosa sabor limón estuche 16 unidades","name":"tabletas energéticas de glucosa sabor limón estuche 16 unidades","brand":"ISOSTAR ","img":"https://sgfm.elcorteingles.es/SGFM/dctm/MEDIA02/CONTENIDOS/201407/21/00120747000329____1__600x600.jpg","price":"4,59 €","price_unit":"(0,29 € / Dosis)","categories":["Supermercado","Dietéticos","Nutrición deportiva","Energéticos","ISOSTAR tabletas energéticas de glucosa sabor limón estuche 16 unidades"],"general_information":["Denominación del alimento: Tabletas ricas en hidratos de carbono, sabor limón","Nombre del operador: Nutrition & Santé Iberia, S.L.","Dirección del operador: c/ Jesús Serra i Santamans, nº 4 - 1ª planta. 08174 Sant Cugat del Vallés - Barcelona","Cantidad Neta: 96 g","Número de raciones por envase: 3"],"ingredients":[" Dextrosa (83%), fructosa (8%), gluconato de potasio, lactato de magnesio, aroma natural, emulgente: E471, acidulante: ácido cítrico, cinorrodón, antiaglomerante: E470b, vitaminas C. B1, B2, B5, B6 y Niacina."],"conservation":" Conservar en lugar fresco y seco.","ean":"3175681000773"},{"full_name":"NUTRISPORT Hi Gums Blocks Energy caramelos blandos con cafeína sabor cítrico energía inmediata bolsa 40 g","name":"Hi Gums Blocks Energy caramelos blandos con cafeína sabor cítrico energía inmediata bolsa 40 g","brand":"NUTRISPORT ","img":"https://sgfm.elcorteingles.es/SGFM/dctm/MEDIA02/CONTENIDOS/201510/14/00120747000683____1__600x600.jpg","price":"1,59 €","price_unit":"(39,75 € / Kilo)","categories":["Supermercado","Dietéticos","Nutrición deportiva","Energéticos","NUTRISPORT Hi Gums Blocks Energy caramelos blandos con cafeína sabor cítrico energía inmediata bolsa 40 g"],"general_information":[],"ingredients":[],"ean":"8424644002688"},{"full_name":"NUTRISPORT Hi Gums Blocks Energy caramelos blandos sin cafeína sabor frutos rojos energía inmediata bolsa 40 g","name":"Hi Gums Blocks Energy caramelos blandos sin cafeína sabor frutos rojos energía inmediata bolsa 40 g","brand":"NUTRISPORT ","img":"https://sgfm.elcorteingles.es/SGFM/dctm/MEDIA02/CONTENIDOS/201510/14/00120747000675____1__600x600.jpg","price":"1,59 €","price_unit":"(39,75 € / Kilo)","categories":["Supermercado","Dietéticos","Nutrición deportiva","Energéticos","NUTRISPORT Hi Gums Blocks Energy caramelos blandos sin cafeína sabor frutos rojos energía inmediata bolsa 40 g"],"general_information":[],"ingredients":[],"ean":"8424644002664"},{"full_name":"CLIF SHOT BLOKS caramelo de goma energético de fresa unidad 60 g","name":"caramelo de goma energético de fresa unidad 60 g","brand":"CLIF SHOT BLOKS ","img":"https://sgfm.elcorteingles.es/SGFM/dctm/MEDIA03/201707/26/00120746700150____1__600x600.jpg","price":"2,95 €","price_unit":"(49,17 € / Kilo)","categories":["Supermercado","Dietéticos","Nutrición deportiva","Energéticos","CLIF SHOT BLOKS caramelo de goma energético de fresa unidad 60 g"],"general_information":["Denominación del alimento: Gominolas de fresa","País de origen: Estados Unidos","Nombre del operador: Qbio Productos Orgánicos","Dirección del operador: Passeig del Riu Besós, 1 - 08160 Montmeló (Barcelona)","Cantidad Neta: 60 g","Otras menciones obligatorias en la etiqueta: Procedente de agricultura ecológica."],"ingredients":[" Jarabe de tapioca, jarabe de caña deshidratado, maltodextrina, gelificante: pectina, corrector de acidez: ácido cítrico, aromas naturales, concentrado de zumo de zanahoria negra, citrato de potasio, sal marina, aceite de girasol, agente de recubrimientos: cera carnauba."],"conservation":" No necesita refrigeración.","ean":"0722252180629"},{"full_name":"CLIF BAR barrita energética sabor chocolate blanco y nueces de macadamia unidad 68 g","name":"barrita energética sabor chocolate blanco y nueces de macadamia unidad 68 g","brand":"CLIF BAR ","img":"https://sgfm.elcorteingles.es/SGFM/dctm/MEDIA03/201707/26/00120746600244____1__600x600.jpg","price":"1,99 €","price_unit":"(29,26 € / Kilo)","categories":["Supermercado","Dietéticos","Nutrición deportiva","Energéticos","CLIF BAR barrita energética sabor chocolate blanco y nueces de macadamia unidad 68 g"],"general_information":["Denominación del alimento: Barrita de avena y chocolate blanco con nueces de macadamia","País de origen: Estados Unidos","Nombre del operador: Qbio Productos Orgánicos","Dirección del operador: Passeig del Riu Besós, 1 - 08160 Montmeló (Barcelona)","Cantidad Neta: 68 g","Otras menciones obligatorias en la etiqueta: LK-BIO-149 Agricultura no UE. Procedente de agricultura ecológica."],"ingredients":[" Jarabe de arroz integral, copos de avena (16%), crujiente de arroz de soja (proteínas aisladas de soja, harina de arroz, extracto de malta de cebada), pepitas de soja y manteca de cacao (8%) (jarabe de caña deshidratado, manteca de cacao, harina de soja, emulgentes: lecitina de soja, extracto de vainilla), nueces de macadamia (5%), jarabe de caña, pasta de semillas de soja (semillas tostadas de soja, aceite de semillas de soja, sal), semillas tostadas de soja, harina de soja, fibra de avena, inulina (extracto de achicoria), aromas, pasta de dátil, sal marina, salvado de avena, semillas de zaragatona (Plantago psyllium), antioxidante: extracto rico en tocoferoles (soja). Vitaminas y minerales: sales cálcicas de acido orto fosfórico, oxido de magnesio, ácido L-ascórbico (Vit. C), acetato de DL-alfa-tocoferilo (Vit. E), beta-caroteno (Vit. A), nicotinamida (Vit. B3), riboflavina (Vit. B2), mononitrato de tiamina (Vit. B1), clorhidrato de piridoxina (Vit. B6), ergocalciferol (Vit. D2), cianocobalamina (Vit. B12)."],"conservation":" No necesita refrigeración.","ean":"0722252130099"},{"full_name":"CLIF BAR barrita energética con mantequilla de cacahuete crujiente unidad 68 g","name":"barrita energética con mantequilla de cacahuete crujiente unidad 68 g","brand":"CLIF BAR ","img":"https://sgfm.elcorteingles.es/SGFM/dctm/MEDIA03/201707/26/00120746600251____1__600x600.jpg","price":"1,99 €","price_unit":"(29,26 € / Kilo)","categories":["Supermercado","Dietéticos","Nutrición deportiva","Energéticos","CLIF BAR barrita energética con mantequilla de cacahuete crujiente unidad 68 g"],"general_information":["Denominación del alimento: Barrita de avena y crema de cacahuete","País de origen: Estados Unidos","Nombre del operador: Qbio Productos Orgánicos","Dirección del operador: Passeig del Riu Besós, 1 - 08160 Montmeló (Barcelona)","Cantidad Neta: 68 g","Otras menciones obligatorias en la etiqueta: LK-BIO-149 Agricultura no UE.  Procedente de agricultura ecológica."],"ingredients":[" Jarabe de arroz integral, copos de avena (15,2%), crujiente de arroz de soja (proteínas aisladas de soja, harina de arroz, extracto de malta de cebada), jarabe de caña, manteca de cacahuete (6,3%) (cacahuetes, sal), harina de cacahuete, cacahuetes (4,5%), harina de soja, pasta de dátil, fibra de avena, fibra de manzana, semillas tostadas de soja, aromas (sésamo), inulina (extracto de achicoria), sal marina, semillas de zaragatona (Plantago psyllium). Vitaminas y minerales: sales cálcicas de acido orto fosfórico, oxido de magnesio, ácido L-ascórbico (Vit. C), acetato de DL-alfa-tocoferilo (Vit. E), beta-caroteno (Vit. A), nicotinamida (Vit. B3), riboflavina (Vit. B2), mononitrato de tiamina (Vit. B1), clorhidrato de piridoxina (Vit. B6), ergocalciferol (Vit. D2), cianocobalamina (Vit. B12)."],"conservation":" No necesita refrigeración.","ean":"0722252130082"},{"full_name":"CLIF BAR barrita energética con chips de chocolate unidad 68 g","name":"barrita energética con chips de chocolate unidad 68 g","brand":"CLIF BAR ","img":"https://sgfm.elcorteingles.es/SGFM/dctm/MEDIA03/201707/26/00120746600269____1__600x600.jpg","price":"1,99 €","price_unit":"(29,26 € / Kilo)","categories":["Supermercado","Dietéticos","Nutrición deportiva","Energéticos","CLIF BAR barrita energética con chips de chocolate unidad 68 g"],"general_information":["Denominación del alimento: Barrita de avena con pepitas de chocolate","País de origen: Estados Unidos","Nombre del operador: Qbio Productos Orgánicos","Dirección del operador: Passeig del Riu Besós, 1 - 08160 Montmeló (Barcelona)","Cantidad Neta: 68 g","Otras menciones obligatorias en la etiqueta: LK-BIO-149 Agricultura no UE.  Procedente de agricultura ecológica."],"ingredients":[" Jarabe de arroz integral, copos de avena (17,3%), crujiente de arroz de soja (proteínas aisladas de soja, harina de arroz, extracto de malta de cebada), pepitas de chocolate (7,8%) (jarabe de caña deshidratado, chocolate sin edulcorar, manteca de cacao, emulgentes: lecitina de soja, extracto de vainilla), jarabe de caña, semillas tostadas de soja, harina de soja, pasta de dátil, fibra de avena, fibra de manzana, pasta de semillas de soja (semillas tostadas de soja, aceite de semillas de soja, sal), aceite de girasol, inulina (extracto de achicoria), melaza en polvo, semillas de zaragatona (Plantago psyllium), sal marina, aromas, canela. Vitaminas y minerales: sales cálcicas de acido orto fosfórico, oxido de magnesio, ácido L-ascórbico (Vit. C), acetato de DL-alfa-tocoferilo (Vit. E), beta-caroteno (Vit. A), nicotinamida (Vit. B3), riboflavina (Vit. B2), mononitrato de tiamina (Vit. B1), clorhidrato de piridoxina (Vit. B6), ergocalciferol (Vit. D2), cianocobalamina (Vit. B12)."],"conservation":" No necesita refrigeración.","ean":"0722252130044"},{"full_name":"CLIF BAR barrita energética con coco y chips de chocolate unidad 68 g","name":"barrita energética con coco y chips de chocolate unidad 68 g","brand":"CLIF BAR ","img":"https://sgfm.elcorteingles.es/SGFM/dctm/MEDIA03/201707/26/00120746600277____1__600x600.jpg","price":"1,99 €","price_unit":"(29,26 € / Kilo)","categories":["Supermercado","Dietéticos","Nutrición deportiva","Energéticos","CLIF BAR barrita energética con coco y chips de chocolate unidad 68 g"],"general_information":["Denominación del alimento: Barrita de avena, coco y pepitas de chocolate","País de origen: Estados Unidos","Nombre del operador: Qbio Productos Orgánicos","Dirección del operador: Passeig del Riu Besós, 1 - 08160 Montmeló (Barcelona)","Cantidad Neta: 68 g","Otras menciones obligatorias en la etiqueta: Procedente de agricultura ecológica."],"ingredients":[" Jarabe de arroz integral, crujiente de arroz de soja (proteínas aisladas de soja, harina de arroz, extracto de malta de cebada), copos de avena (13,4%), jarabe de caña, pepitas de chocolate (5,8%) (jarabe de caña deshidratada, chocolate sin edulcorar, manteca de cacao, emulgentes: lecitina de soja, extracto de vainilla), semillas tostadas de soja, coco (3,3%), harina de soja, fibra de avena, pasta de dátil, aceite de girasol, inulina (extracto de achicoria), aromas, semillas de zaragatona (Plantago psyllium), sal marina, antioxidante: extracto rico en tocoferoles (soja). Vitaminas y minerales: sales cálcicas de acido orto fosfórico, oxido de magnesio, ácido L-ascórbico (Vit. C), acetato de DL-alfa-tocoferilo (Vit. E), beta-caroteno (Vit. A), nicotinamida (Vit. B3), riboflavina (Vit. B2), mononitrato de tiamina (Vit. B1), clorhidrato de piridoxina (Vit. B6), ergocalciferol (Vit. D2), cianocobalamina (Vit. B12)."],"conservation":" No necesita refrigeración.","ean":"0722252131300"},{"full_name":"CLIF BAR barrita energética de avena con pasas y nueces unidad 68 g","name":"barrita energética de avena con pasas y nueces unidad 68 g","brand":"CLIF BAR ","img":"https://sgfm.elcorteingles.es/SGFM/dctm/MEDIA03/201707/26/00120746600285____1__600x600.jpg","price":"1,99 €","price_unit":"(29,26 € / Kilo)","categories":["Supermercado","Dietéticos","Nutrición deportiva","Energéticos","CLIF BAR barrita energética de avena con pasas y nueces unidad 68 g"],"general_information":["Denominación del alimento: Barrita de avena, pasas y nueces","País de origen: Estados Unidos","Nombre del operador: Qbio Productos Orgánicos","Dirección del operador: Passeig del Riu Besós, 1 - 08160 Montmeló (Barcelona)","Cantidad Neta: 68 g","Otras menciones obligatorias en la etiqueta: LK-BIO-149 Agricultura no UE.  Procedente de agricultura ecológica."],"ingredients":[" Jarabe de arroz integral, copos de avena (17,7%), crujiente de arroz de soja (proteínas aisladas de soja, harina de arroz, almidón de arroz, extracto de malta de cebada), uvas pasas (9,2%), jarabe de caña, nueces (5%), harina de soja, pasta de semillas de soja (semillas tostadas de soja, aceite de semillas de soja, sal), semillas tostadas de soja, fibra de avena, aromas, inulina (extracto de achicoria), salvado de avena, melaza en polvo, canela, semillas de zaragatona (Plantago psyllium), sal marina, antioxidantes: extracto rico en tocoferoles (soja). Vitaminas y minerales: sales cálcicas de acido orto fosfórico, oxido de magnesio, ácido L-ascórbico (Vit. C), acetato de DL-alfa-tocoferilo (Vit. E), beta-caroteno (Vit. A), nicotinamida (Vit. B3), riboflavina (Vit. B2), mononitrato de tiamina (Vit. B1), clorhidrato de piridoxina (Vit. B6), ergocalciferol (Vit. D2), cianocobalamina (Vit. B12)."],"conservation":" No necesita refrigeración.","ean":"0722252130037"},{"full_name":"SPECIAL LINE L-Carnitina 3000 mg acción quemagrasa envase 10 ampollas","name":"L-Carnitina 3000 mg acción quemagrasa envase 10 ampollas","brand":"SPECIAL LINE ","img":"https://sgfm.elcorteingles.es/SGFM/dctm/MEDIA02/CONTENIDOS/201509/22/00120747100145____1__600x600.jpg","price":"5,95 €","price_unit":"(59,50 € / 100 gr.)","categories":["Supermercado","Dietéticos","Nutrición deportiva","Metabolismo de las grasas","SPECIAL LINE L-Carnitina 3000 mg acción quemagrasa envase 10 ampollas"],"general_information":["Denominación del alimento: Complemento alimenticio.","Nombre del operador: Elaborado para el Grupo El Corte Ingles \nHermosilla, 112 \n28009 Madrid - España \npor CIF: B78966942"],"ingredients":[" Ingredientes: Agua, L-carnitina tartrato (4500 mg), antioxidante (E302), edulcorante (E955), aroma de piña y conservadores (E202 y E211)."],"conservation":" Mantener en lugar fresco y seco.","ean":"8433329031936"},{"full_name":"VITAL PRO Cla Clarinol moldea tonifica y reduce la grasa corporal 90 perlas bote 415 g","name":"Cla Clarinol moldea tonifica y reduce la grasa corporal 90 perlas bote 415 g","brand":"VITAL PRO ","img":"https://sgfm.elcorteingles.es/SGFM/dctm/MEDIA02/CONTENIDOS/201411/25/00120747100020____1__600x600.jpg","price":"16,30 €","price_unit":"(3,93 € / 100 gr.)","categories":["Supermercado","Dietéticos","Nutrición deportiva","Metabolismo de las grasas","VITAL PRO Cla Clarinol moldea tonifica y reduce la grasa corporal 90 perlas bote 415 g"],"general_information":["Denominación del alimento: Complemento alimenticio","Nombre del operador: WorldNut Nutricosmética Natural S.L.U.","Dirección del operador: C/ Grècia nº 3 (Pol. Ind. Recinte Firal) 17600 - Figueres (Girona)","Lugar de procedencia del alimento: Producido en la UE.","Cantidad Neta: 41.5 g","Número de raciones por envase: 90","Otras menciones obligatorias en la etiqueta: Los complementos alimenticios no deben utilizarse como sustitutos de una dieta variada y equilibrada ni de un modo de vida sano. No superar la dosis diaria expresamente recomendada. Mantener fuera del alcance de los niños. En caso de embarazo consulte con su médico antes de iniciar la toma del producto."],"ingredients":[" Por perla: CLA Clarinol A-80 (500 mg). Glicerina y Glicerol."],"conservation":" Conservar en un lugar fresco y seco, protegido de la luz solar directa.","ean":"8437012193253"},{"full_name":"YNSADIET Nutri-Dx L-Carnitina 10 ampollas envase 100 ml","name":"Nutri-Dx L-Carnitina 10 ampollas envase 100 ml","brand":"YNSADIET ","img":"https://sgfm.elcorteingles.es/SGFM/dctm/MEDIA02/CONTENIDOS/201507/06/00120747100210____1__600x600.jpg","price":"7,41 €","price_unit":"(7,41 € / 100 ml.)","categories":["Supermercado","Dietéticos","Nutrición deportiva","Metabolismo de las grasas","YNSADIET Nutri-Dx L-Carnitina 10 ampollas envase 100 ml"],"general_information":[" La L-Carnitina actúa como QUEMAGRASAS y se recomienda en sobrepeso y obesidad, sobre todo en aquellas personas que hagan ejercicio de forma regular, o para deportistas que quieran bajar grasa."],"ingredients":[],"ean":"8412016363741"},{"full_name":"SANTIVERI acido linoleico conjugado bote 45 comprimidos aproximadamente","name":"acido linoleico conjugado bote 45 comprimidos","brand":"SANTIVERI ","img":"https://sgfm.elcorteingles.es/SGFM/dctm/MEDIA03/201709/27/00120737402055____1__600x600.jpg","price":"30,40 €","price_unit":"(48,25 € / 100 gr.)","categories":["Supermercado","Dietéticos","Nutrición deportiva","Metabolismo de las grasas","SANTIVERI acido linoleico conjugado bote 45 comprimidos aproximadamente"],"general_information":["Denominación del alimento: Complemento alimenticio con ácido l","Nombre del operador: CASA SANTIVERI S.L.","Dirección del operador: ENCUNY 8, 08038 BARCELONA","Cantidad Neta: 63 g"],"ingredients":[" ácidos grasos vegetales (riqueza 80% cla), gelatina, glicerol, extracto rico en tocoferoles (antioxidante)"],"ean":"8412170018266"},{"full_name":"VICTORY Fat Burner Termoactive quemagrasa bote 120 cápsulas","name":"Fat Burner Termoactive quemagrasa bote 120 cápsulas","brand":"VICTORY ","img":"https://sgfm.elcorteingles.es/SGFM//00/07/9/0120747100079/0120747100079000g01011.jpg","price":"26,75 €","price_unit":"(0,22 € / Dosis)","categories":["Supermercado","Dietéticos","Nutrición deportiva","Metabolismo de las grasas","VICTORY Fat Burner Termoactive quemagrasa bote 120 cápsulas"],"general_information":["Denominación del alimento: Complemento alimenticio a base de plantas, L-carnitina y cromo.","Nombre del operador: Weider Nutrition, S.L.","Dirección del operador: C/ Electrónica, 39/41 - 28923 Alcorcón (Madrid)","Cantidad Neta: 104.6 g","Número de raciones por envase: 240","Otras menciones obligatorias en la etiqueta: 3 cápsulas contienen: té verde extracto (camellia sinensis) 570mg, de los cuales 90mg EGCG; de los cuales 35mg cafeína; 105mg canela en polvo (cinnamomum zeylanicum corteza); 105mg $mostaza$ en polvo (sinapis alba semilla); 50 mg pomelo polvo (citrus paradisi fruto); 20mg cayena (capsicum annuum fruto); 55mg  L-Carnitina; cromo 40µg."],"ingredients":[" Extracto de te verde (camellia sinensis (L.) Kuntze), agente de recubrimiento (gelatina), canela en polvo (cinnamomum zeylanicum), mostaza en polvo (sinapis alba), antiaglomerantes: dióxido de silicio y estearato de magnesio; L-carnitina, acidulante: ácido tartárico; pomelo en polvo (citrus paradisi), cayena en polvo (capsicum annuum), colorantes: E171, E172; cloruro de cromo III.Puede contener trazas de lactosa, soja, gluten y huevo."],"conservation":" Conservar en lugar fresco, seco y oscuro.","ean":"8414192305591"},{"full_name":"VICTORY L-Carnitina 1500 control de peso quemagrasa envase 100 cápsulas","name":"L-Carnitina 1500 control de peso quemagrasa envase 100 cápsulas","brand":"VICTORY ","img":"https://sgfm.elcorteingles.es/SGFM//00/05/3/0120747100053/0120747100053000g01011.jpg","price":"35,95 €","price_unit":"(359,50 € / Kilo)","categories":["Supermercado","Dietéticos","Nutrición deportiva","Metabolismo de las grasas","VICTORY L-Carnitina 1500 control de peso quemagrasa envase 100 cápsulas"],"general_information":["Denominación del alimento: Complemento alimenticio en cápsulas a base de L-Carnitina.","Nombre del operador: Weider Nutrition, S.L.","Dirección del operador: C/ Electrónica, 39/41 - 28923 Alcorcón (Madrid)","Cantidad Neta: 148 g","Número de raciones por envase: 200","Otras menciones obligatorias en la etiqueta: 4 tabletas contienen: energía 16kJ/4kcal; proteínas 0,4g; hidratos de carbono 0g; grasa 0g; L-Carnitina 1500 mg."],"ingredients":[" L-Carnitina, acidulante: ácido tartárico; agente de recubrimiento (gelatina), antiaglomerantes: sales magnésicas de ácidos grasos, ácidos grasos; colorante: óxido de hierro.Puede contener trazas de lactosa, soja, gluten y huevo."],"conservation":" Conservar en lugar fresco, seco y oscuro.","ean":"8414192305607"},{"full_name":"WEIDER Body Shaper L-Carnitine sabor piña envase 60 comprimidos","name":"Body Shaper L-Carnitine sabor piña envase 60 comprimidos","brand":"WEIDER ","img":"https://sgfm.elcorteingles.es/SGFM/dctm/MEDIA03/201702/08/00120747100061____1__600x600.jpg","price":"13,95 €","price_unit":"(232,50 € / Kilo)","categories":["Supermercado","Dietéticos","Nutrición deportiva","Metabolismo de las grasas","WEIDER Body Shaper L-Carnitine sabor piña envase 60 comprimidos"],"general_information":["Denominación del alimento: Complemento alimenticio en comprimidos masticables a base de L-Carnitina, azúcar y edulcorante.","Nombre del operador: Weider Nutrition, S.L.","Dirección del operador: C/ Electrónica, 39/41 - 28923 Alcorcón (Madrid)","Cantidad Neta: 78 g","Número de raciones por envase: 60","Otras menciones obligatorias en la etiqueta: 3 comprimidos contienen:  energía  42kJ/10kCal; proteínas <0,1g; hidratos de carbono 2,4g; grasa  <0,1g."],"ingredients":[" Fructosa, edulcorante: sorbitol; 23% L-carnitina, acidulante: ácido tartário; antiaglomerates: estearato de magnesio, dióxido de silicio; aroma (aroma de piña).Puede contener trazas de lactosa, soja, gluten y huevo."],"conservation":" Conservar en lugar fresco, seco y oscuro.","ean":"4044782385210"},{"full_name":"MULTIPOWER Thermo Night Evolution favorece el metabolismo de carbohidratos bote 46 g","name":"Thermo Night Evolution favorece el metabolismo de carbohidratos bote 46 g","brand":"MULTIPOWER ","img":"https://sgfm.elcorteingles.es/SGFM/dctm/MEDIA03/201702/10/00120747100293____1__600x600.jpg","price":"6,00 €","categories":["Supermercado","Dietéticos","Nutrición deportiva","Metabolismo de las grasas","MULTIPOWER Thermo Night Evolution favorece el metabolismo de carbohidratos bote 46 g"],"general_information":[],"ingredients":[],"ean":"4006643408520"},{"full_name":"SPECIAL LINE Whey Protein proteína de suero en polvo de fácil digestión sabor vainilla envase 500 g","name":"Whey Protein proteína de suero en polvo de fácil digestión sabor vainilla envase 500 g","brand":"SPECIAL LINE ","img":"https://sgfm.elcorteingles.es/SGFM/dctm/MEDIA03/201606/29/00120746803368____1__600x600.jpg","price":"18,95 €","price_unit":"(37,90 € / Kilo)","categories":["Supermercado","Dietéticos","Nutrición deportiva","Proteínas y aminoácidos","SPECIAL LINE Whey Protein proteína de suero en polvo de fácil digestión sabor vainilla envase 500 g"],"general_information":["Denominación del alimento: Complemento alimenticio a base de proteína de suero lácteo, creatina, taurina y vitamina B6. Con edulcorantes.","Nombre del operador: Elaborado para el Grupo El Corte Inglés\nHermosilla, 112 ? 28009 Madrid\nEspaña por NIF: A-08650509","Cantidad Neta: 500 g"],"ingredients":[" Ingredientes: Proteinas lácteas (concentrado de proteina de suero lácteo*) (72%), creatina monohidrato (10%), leche desnatada en polvo*, maltodextrina,  aromas, taurina (1,7%),  edulcorantes (ciclamato de sodio y acesulfame potásico), cloruro de sodio,  espesante (goma xantana),  colorante (E- 102), vitamina B6 (clorhidrato de piridoxina) (0,003%).  \n\n*Contiene lactosa y derivados de soja."],"conservation":" Conservar en lugar fresco y seco.","ean":"8433329055871"},{"full_name":"SPECIAL LINE Whey Proteín proteína de suero en polvo de fácil digestión sabor chocolate envase 500 g","name":"Whey Proteín proteína de suero en polvo de fácil digestión sabor chocolate envase 500 g","brand":"SPECIAL LINE ","img":"https://sgfm.elcorteingles.es/SGFM/dctm/MEDIA03/201606/29/00120746803350____1__600x600.jpg","price":"18,95 €","price_unit":"(37,90 € / Kilo)","categories":["Supermercado","Dietéticos","Nutrición deportiva","Proteínas y aminoácidos","SPECIAL LINE Whey Proteín proteína de suero en polvo de fácil digestión sabor chocolate envase 500 g"],"general_information":["Denominación del alimento: Complemento alimenticio a base de proteína de suero lácteo, creatina, taurina y vitamina B6. Con edulcorantes.","Nombre del operador: Elaborado para el Grupo El Corte Inglés\nHermosilla, 112 ? 28009 Madrid\nEspaña por NIF: A-08650509","Cantidad Neta: 500 g"],"ingredients":[" Ingredientes: Proteinas lácteas (concentrado de proteina de suero lácteo*)(69%), creatina monohidrato (10%), leche desnatada en polvo*, cacao desgrasado en polvo,  aromas, taurina (1,7%), edulcorantes (ciclamato de sodio y acesulfame potásico), cloruro de sodio, vitamina B6 (clorhidrato de piridoxina) (0,003%).  \n \n*Contiene lactosa y derivados de soja."],"conservation":" Conservar en lugar fresco y seco.","ean":"8433329055864"},{"full_name":"SPECIAL LINE creatina en polvo monohidratada pura envase 500 g","name":"creatina en polvo monohidratada pura envase 500 g","brand":"SPECIAL LINE ","img":"https://sgfm.elcorteingles.es/SGFM/dctm/MEDIA03/201606/29/00120746803376____1__600x600.jpg","price":"17,59 €","price_unit":"(35,18 € / Kilo)","categories":["Supermercado","Dietéticos","Nutrición deportiva","Proteínas y aminoácidos","SPECIAL LINE creatina en polvo monohidratada pura envase 500 g"],"general_information":["Denominación del alimento: Complemento alimenticio a base de monohidrato de creatina.","Nombre del operador: Elaborado para el\nGrupo El Corte Inglés\nHermosilla, 112. 28009 - Madrid - España\npor NIF: A-08650509","Cantidad Neta: 500 g"],"ingredients":[" Ingredientes:Creatina monohidrato."],"conservation":" Conservar en lugar fresco y seco. Una vez abierto consumir antes de 2 meses.","ean":"8433329062626"},{"full_name":"SPECIAL LINE Articolagen protege las articulaciones sabor frutos rojos 30 dosis envase 420 g","name":"Articolagen protege las articulaciones sabor frutos rojos 30 dosis envase 420 g","brand":"SPECIAL LINE ","img":"https://sgfm.elcorteingles.es/SGFM/dctm/MEDIA03/201605/05/00120746803343____1__600x600.jpg","price":"14,50 €","price_unit":"(34,52 € / Kilo)","categories":["Supermercado","Dietéticos","Nutrición deportiva","Proteínas y aminoácidos","SPECIAL LINE Articolagen protege las articulaciones sabor frutos rojos 30 dosis envase 420 g"],"general_information":["Denominación del alimento: Complemento alimenticio en polvo a base de proteína de colágeno hidrolizada, vitaminas y minerales. Con edulcorantes.","Nombre del operador: Elaborado para el\nGrupo El Corte Inglés\nHermosilla, 112. 28009 - Madrid - España\npor NIF: A-08650509","Cantidad Neta: 420 g"],"ingredients":[" Ingredientes: Proteína de colágeno hidrolizada (57%), fibra (dextrina de maíz), acidulante (ácido cítrico), citrato de magnesio, carbonato de calcio ,  aromas, fosfato de calcio , edulcorantes (acesulfamo potásico y sucralosa), antiaglomerante (dióxido de silicio), ácido L-ascórbico, sulfato de zinc, acetato de DL-alfa tocoferilo,  nicotinamida, sulfato de manganeso, acetato de retinilo, colecalciferol, ácido pteroilmonoglutámico y selenito sódico."],"conservation":" Conservar en lugar fresco y seco.","ean":"8433329052337"},{"full_name":"SANTIVERI Protein 90 alto contenido en proteína y enriquecido con aminoácidos esenciales envase 1 kg instantáneo con sabor a cacao","name":"Protein 90 alto contenido en proteína y enriquecido con aminoácidos esenciales envase 1 kg","brand":"SANTIVERI ","img":"https://sgfm.elcorteingles.es/SGFM/dctm/MEDIA03/201709/27/00120746802584____1__600x600.jpg","price":"44,95 €","price_unit":"(44,95 € / Kilo)","categories":["Supermercado","Dietéticos","Nutrición deportiva","Proteínas y aminoácidos","SANTIVERI Protein 90 alto contenido en proteína y enriquecido con aminoácidos esenciales envase 1 kg instantáneo con sabor a cacao"],"general_information":["Denominación del alimento: Preparado alimenticio a base de pr","Nombre del operador: CASA SANTIVERI S.L.","Dirección del operador: ENCUNY 8, 08038 BARCELONA","Cantidad Neta: 1000 g"],"ingredients":[" PROTEÍNA DE SOJA (97%), l-isoleucina, l-leucina, l-valina, l-fenilalanina, l-metionina, l-treonina, l-lisina, l-arginina, l-histidina, aroma, ciclamato (edulcorante), sacarina (edulcorante), vitamina c (ácido l-ascórbico), vitamina b3 (nicotinamida), vitamina e (d-alfatocoferol), vitamina b5 (d-pantotenato cálcico), vitamina b2 (riboflavina), vitamina b1 (clorhidrato de tiamina), vitamina b6 (clorhidrato de piridoxina), vitamina a (retinol), vitamina b9 (l-metilfolato cálcico), vitamina h (d-biotina), vitamina k (filoquinona), vitamina d (ergocalciferol), vitamina b12 (cianocobalamina)"],"ean":"8412170016491"},{"full_name":"SANTIVERI Vigor Sport Protein 90 sabor vainilla envase 1 kg","name":"Vigor Sport Protein 90 sabor vainilla envase 1 kg","brand":"SANTIVERI ","img":"https://sgfm.elcorteingles.es/SGFM/dctm/MEDIA02/CONTENIDOS/201410/22/00120746800844____1__600x600.jpg","price":"43,95 €","categories":["Supermercado","Dietéticos","Nutrición deportiva","Proteínas y aminoácidos","SANTIVERI Vigor Sport Protein 90 sabor vainilla envase 1 kg"],"general_information":["Denominación del alimento: Preparado alimenticio a base de pro","Nombre del operador: CASA SANTIVERI S.L.","Dirección del operador: ENCUNY 8, 08038 BARCELONA","Cantidad Neta: 1000 g"],"ingredients":[" PROTEÍNA DE SOJA (97%), l-isoleucina, l-leucina, l-valina, l-fenilalanina, l-metionina, l-treonina, l-lisina, l-arginina, l-histidina, ciclamato (edulcorante), sacarina (edulcorante), aroma, vitamina c (ácido l-ascórbico), vitamina b3 (nicotinamida), vitamina e (d-alfatocoferol), vitamina b5 (d-pantotenato cálcico), vitamina b2 (riboflavina), vitamina b1 (clorhidrato de tiamina), vitamina b6 (piridoxina 5-fosfato), vitamina a (retinol), vitamina b9 (l-metilfolato cálcico), vitamina h (d-biotina), vitamina k (filoquinona), vitamina d (ergocalciferol), vitamina b12 (cianocobalamina)"],"ean":"8412170016507"},{"full_name":"SANTIVERI Vigor Sport Protein 90 sabor vainilla bote 200 g","name":"Vigor Sport Protein 90 sabor vainilla bote 200 g","brand":"SANTIVERI ","img":"https://sgfm.elcorteingles.es/SGFM/00/64/6/0120746800646/0120746800646000g01011.jpg","price":"9,39 €","price_unit":"(46,95 € / Kilo)","categories":["Supermercado","Dietéticos","Nutrición deportiva","Proteínas y aminoácidos","SANTIVERI Vigor Sport Protein 90 sabor vainilla bote 200 g"],"general_information":["Denominación del alimento: Preparado alimenticio a base de pro","Nombre del operador: CASA SANTIVERI S.L.","Dirección del operador: ENCUNY 8, 08038 BARCELONA","Cantidad Neta: 200 g"],"ingredients":[" PROTEÍNA DE SOJA (97%), l-isoleucina, l-leucina, l-valina, l-fenilalanina, l-metionina, l-treonina, l-lisina, l-arginina, l-histidina, ciclamato (edulcorante), sacarina (edulcorante), aroma, vitamina c (ácido l-ascórbico), vitamina b3 (nicotinamida), vitamina e (d-alfatocoferol), vitamina b5 (d-pantotenato cálcico), vitamina b2 (riboflavina), vitamina b1 (clorhidrato de tiamina), vitamina b6 (piridoxina 5-fosfato), vitamina a (retinol), vitamina b9 (l-metilfolato cálcico), vitamina h (d-biotina), vitamina k (filoquinona), vitamina d (ergocalciferol), vitamina b12 (cianocobalamina)"],"ean":"8412170021204"},{"full_name":"SANTIVERI Vigor Sport Protein 90 sabor cacao bote 225 g","name":"Vigor Sport Protein 90 sabor cacao bote 225 g","brand":"SANTIVERI ","img":"https://sgfm.elcorteingles.es/SGFM/00/65/3/0120746800653/0120746800653000g01011.jpg","price":"9,49 €","price_unit":"(42,18 € / Kilo)","categories":["Supermercado","Dietéticos","Nutrición deportiva","Proteínas y aminoácidos","SANTIVERI Vigor Sport Protein 90 sabor cacao bote 225 g"],"general_information":["Denominación del alimento: Preparado alimenticio a base de pro","Nombre del operador: CASA SANTIVERI S.L.","Dirección del operador: ENCUNY 8, 08038 BARCELONA","Cantidad Neta: 200 g"],"ingredients":[" PROTEÍNA DE SOJA (97%), l-isoleucina, l-leucina, l-valina, l-fenilalanina, l-metionina, l-treonina, l-lisina, l-arginina, l-histidina, aroma, ciclamato (edulcorante), sacarina (edulcorante), vitamina c (ácido l-ascórbico), vitamina b3 (nicotinamida), vitamina e (d-alfatocoferol), vitamina b5 (d-pantotenato cálcico), vitamina b2 (riboflavina), vitamina b1 (clorhidrato de tiamina), vitamina b6 (clorhidrato de piridoxina), vitamina a (retinol), vitamina b9 (l-metilfolato cálcico), vitamina h (d-biotina), vitamina k (filoquinona), vitamina d (ergocalciferol), vitamina b12 (cianocobalamina)"],"ean":"8412170021211"},{"full_name":"SANTIVERI Vigor Sport aminoácidos esenciales 8+2 estuche 60 cápsulas","name":"Vigor Sport aminoácidos esenciales 8+2 estuche 60 cápsulas","brand":"SANTIVERI ","img":"https://sgfm.elcorteingles.es/SGFM/dctm/MEDIA02/CONTENIDOS/201411/14/00120746800661____1__600x600.jpg","price":"11,49 €","price_unit":"(191,50 € / Kilo)","categories":["Supermercado","Dietéticos","Nutrición deportiva","Proteínas y aminoácidos","SANTIVERI Vigor Sport aminoácidos esenciales 8+2 estuche 60 cápsulas"],"general_information":["Denominación del alimento: Complemento alimenticio a base de 8","Nombre del operador: CASA SANTIVERI S.L.","Dirección del operador: ENCUNY 8, 08038 BARCELONA","Cantidad Neta: 26 g"],"ingredients":[" l-valina (14%), l-leucina (14%), l-fenilalanina (14%), l-isoleucina (11%), l-lisina (11%), l-metionina (10%), l-treonina (6%), l-triptófano (3%), l-ornitina (10%), l-arginina (7%), gelatina vegetal"],"ean":"8412170011304"},{"full_name":"YNSADIET Nutri-Dx L-Arginina favorece el cremiento y mantenimiento muscular 60 cápsulas bote 50 g","name":"Nutri-Dx L-Arginina favorece el cremiento y mantenimiento muscular 60 cápsulas bote 50 g","brand":"YNSADIET ","img":"https://sgfm.elcorteingles.es/SGFM/dctm/MEDIA02/CONTENIDOS/201507/06/00120747100160____1__600x600.jpg","price":"7,41 €","price_unit":"(14,82 € / 100 gr.)","categories":["Supermercado","Dietéticos","Nutrición deportiva","Proteínas y aminoácidos","YNSADIET Nutri-Dx L-Arginina favorece el cremiento y mantenimiento muscular 60 cápsulas bote 50 g"],"general_information":["Denominación del alimento: Complemento alimenticio elaborado a base de L-Arginina.","Nombre del operador: Ynsadiet S.A.","Dirección del operador: Isaac Peral, 3 ? Pol. Ind. Ntra. Sra. de Butarque. 28914 Leganés (Madrid).","Cantidad Neta: 49.2 g"],"ingredients":[" L-Arginina (500 mg), Antiaglomerantes (Fosfato cálcico, Celulosa, Estearato magnésico), Agente de carga (Almidón de maíz)."],"conservation":" Ambiente seco y fresco.","ean":"8412016363956"},{"full_name":"YNSADIET Nutri-DX aminoácidos ramificados BCAA 40 cápsulas bote 25 g","name":"Nutri-DX aminoácidos ramificados BCAA 40 cápsulas bote 25 g","brand":"YNSADIET ","img":"https://sgfm.elcorteingles.es/SGFM/dctm/MEDIA02/CONTENIDOS/201507/06/00120747100178____1__600x600.jpg","price":"7,41 €","price_unit":"(29,64 € / 100 gr.)","categories":["Supermercado","Dietéticos","Nutrición deportiva","Proteínas y aminoácidos","YNSADIET Nutri-DX aminoácidos ramificados BCAA 40 cápsulas bote 25 g"],"general_information":["Denominación del alimento: Complemento alimenticio elaborado a base de Aminoácidos ramificados.","Nombre del operador: Ynsadiet S.A.","Dirección del operador: Isaac Peral, 3 ? Pol. Ind. Ntra. Sra. de Butarque. 28914 Leganés (Madrid).","Cantidad Neta: 24.7 g"],"ingredients":[" BCAAs 2:1:1 (L-Leucina (250 mg), L-Isoleucina (125 mg), L-Valina (125 mg)), Antiaglomerantes (Fosfato cálcico, Celulosa, Estearato magnésico y Óxido de silicio), Agente de carga (Almidón de maíz)."],"conservation":" Ambiente seco y fresco.","ean":"8412016363963"},{"full_name":"YNSADIET Nutri-Dx L-Glutamina protege y fortalece los músculos 30 cápsulas bote 22 g","name":"Nutri-Dx L-Glutamina protege y fortalece los músculos 30 cápsulas bote 22 g","brand":"YNSADIET ","img":"https://sgfm.elcorteingles.es/SGFM/dctm/MEDIA02/CONTENIDOS/201507/06/00200347100190____1__600x600.jpg","price":"7,41 €","price_unit":"(33,68 € / 100 gr.)","categories":["Supermercado","Dietéticos","Nutrición deportiva","Proteínas y aminoácidos","YNSADIET Nutri-Dx L-Glutamina protege y fortalece los músculos 30 cápsulas bote 22 g"],"general_information":["Denominación del alimento: Complemento alimenticio elaborado a base deL-Glutamina.","Nombre del operador: Ynsadiet S.A.","Dirección del operador: Isaac Peral, 3 ? Pol. Ind. Ntra. Sra. de Butarque. 28914 Leganés (Madrid).","Cantidad Neta: 22.4 g"],"ingredients":[" L-glutamina (500 mg), Antiaglomerantes (Fosfato cálcico, Celulosa, Estearato magnésico), Agente de carga (Almidón de maíz)."],"conservation":" Ambiente seco y fresco.","ean":"8412016363932"},{"full_name":"WEIDER proteína vegana de guisante y arroz sabor chocolate sin lactosa sin gluten sin colesterol bote 540 g","name":"proteína vegana de guisante y arroz sabor chocolate sin lactosa sin gluten sin colesterol bote 540 g","brand":"WEIDER ","img":"https://sgfm.elcorteingles.es/SGFM/dctm/MEDIA03/201606/13/00120746700143____1__600x600.jpg","price":"19,90 €","categories":["Supermercado","Dietéticos","Nutrición deportiva","Proteínas y aminoácidos","WEIDER proteína vegana de guisante y arroz sabor chocolate sin lactosa sin gluten sin colesterol bote 540 g"],"general_information":[],"ingredients":[],"ean":"8414192309315"},{"full_name":"WEIDER proteína vegana de guisante y arroz sabor vainilla sin lactosa sin gluten sin colesterol bote 540 g","name":"proteína vegana de guisante y arroz sabor vainilla sin lactosa sin gluten sin colesterol bote 540 g","brand":"WEIDER ","img":"https://sgfm.elcorteingles.es/SGFM/dctm/MEDIA03/201606/13/00120746700127____1__600x600.jpg","price":"19,90 €","categories":["Supermercado","Dietéticos","Nutrición deportiva","Proteínas y aminoácidos","WEIDER proteína vegana de guisante y arroz sabor vainilla sin lactosa sin gluten sin colesterol bote 540 g"],"general_information":["Denominación del alimento: Alimento","Nombre del operador: Weider Nutrition, S.L.","Dirección del operador: C/ Electrónica, 39/41 - 28923 Alcorcón (Madrid)","Cantidad Neta: 540 g"],"ingredients":[" Aislado de proteína de guisante, aislado de Proteína de arroz,aroma natural de vainilla, salvado de avena, quinoa amaranto, alforforfón, mijo,  extractos de (Paprika, jegibre, brócoli, espinaca, col rizada, col, té verde, plátano, kiwi, mango, ciruela, lima, arándano, piña,naranja, pomelo rosa, cereza, limón, coliflor, trigo germinado sin gluten, alfalfa, spirulina, chrorella, maltodrextina, goma arábica y almidón de maíz."],"conservation":" Conservar en lugar fresco, seco y oscuro.","ean":"8414192309322"},{"full_name":"WEIDER Nut Proteine crema de cacao para untar de avellanas y cacao hiperproteica baja en azúcar bote 250 g","name":"Nut Proteine crema de cacao para untar de avellanas y cacao hiperproteica baja en azúcar bote 250 g","brand":"WEIDER ","img":"https://sgfm.elcorteingles.es/SGFM/dctm/MEDIA03/201606/13/00120746700119____1__600x600.jpg","price":"6,29 €","categories":["Supermercado","Dietéticos","Nutrición deportiva","Proteínas y aminoácidos","WEIDER Nut Proteine crema de cacao para untar de avellanas y cacao hiperproteica baja en azúcar bote 250 g"],"general_information":["Denominación del alimento: Alimento","Nombre del operador: Weider Nutrition, S.L.","Dirección del operador: C/ Electrónica, 39/41 - 28923 Alcorcón (Madrid)","Cantidad Neta: 250 g"],"ingredients":[" Crema de avellanas con proteínas de lactosuero en polvo, con edulcorantes.edulcorante, Maltitol, aceites vegetales(colza, palma, coco) concentrado de proteínas de lactosuero, avellana, cacao en polvo desgrasado, emulsionante, lecitina de soja, aroma."],"conservation":" Conservar en lugar fresco, seco y oscuro.","ean":"8414192309445"},{"full_name":"WEIDER Protein Whey Complex batido de proteinas con sabor a chocolate bote 330 g","name":"Protein Whey Complex batido de proteinas con sabor a chocolate bote 330 g","brand":"WEIDER ","img":"https://sgfm.elcorteingles.es/SGFM/dctm/MEDIA03/201707/17/00120746803541____1__600x600.jpg","price":"11,95 €","price_unit":"(36,21 € / Kilo)","categories":["Supermercado","Dietéticos","Nutrición deportiva","Proteínas y aminoácidos","WEIDER Protein Whey Complex batido de proteinas con sabor a chocolate bote 330 g"],"general_information":["Denominación del alimento: Complemento alimenticio con proteína, creatina, l-glutamina, vitamina B6 y edulcorantes. Preparado en polvo para bebida.","Nombre del operador: Weider Nutrition, S.L.","Dirección del operador: C/ Electrónica, 39/41 - 28923 Alcorcón (Madrid)","Cantidad Neta: 330 g"],"ingredients":[" Concentrado de proteína de suero de leche ultrafiltrada, proteína de leche fresca (caseina micelar), hidrolizado de proteína de carne, cacao en polvo desgrasado (theobroma cacao L.) , creatina monohidrato, aislado de proteína de suero de leche, caseinato cálcico, l-glutamina , aroma (aroma de cacao), triglicéridos de cadena media (MCT), edulcorantes: sacarina y sucralosa , extracto de cacao (theobroma cacao L.), canela en polvo (cinnamomum cassia blume), vitamina B6 (piridoxina clorhidrato), bromelaína.Contiene lactosa.Puede contener trazas de gluten y huevo."],"conservation":" Conservar en lugar fresco, seco y oscuro.","ean":"8414192308608"},{"full_name":"NATURGREEN Vita Superlife concentrado de proteína de guisantes en polvo ecológico sin gluten envase 250 g","name":"Vita Superlife concentrado de proteína de guisantes en polvo ecológico sin gluten envase 250 g","brand":"NATURGREEN ","img":"https://sgfm.elcorteingles.es/SGFM/dctm/MEDIA03/201711/17/00120748703327____3__600x600.jpg","price":"10,75 €            ","price_unit":"(3,18 € / 100 gr.)","categories":["Supermercado","Dietéticos","Nutrición deportiva","Proteínas y aminoácidos","NATURGREEN Vita Superlife concentrado de proteína de guisantes en polvo ecológico sin gluten envase 250 g"],"general_information":["Denominación del alimento: Vita Superlife Proteína de Guisante Bio","Nombre del operador: LABORATORIOS ALMOND SL","Dirección del operador: AVDA. CABECICOS BLANCOS, PARCELA 18 2.B. PARQUE EMPRESARIAL CABECICOS BLANCOS 30892 - LIBRILLA Murcia","Cantidad Neta: 250 g","Peso neto escurrido: 250 g","Otras menciones obligatorias en la etiqueta: Ingrediente procedente de la Agricultura Ecológica"],"ingredients":[" Concentrado de guisante (100%). Este producto se fabrica en una planta donde se manipulan frutos secos, soja y sésamo."],"conservation":" Almacenar en lugar fresco y seco, preferentemente protegido del aire y de la luz.","ean":"8436542192026"},{"full_name":"EL GRANERO INTEGRAL Bio Plus SPRT proteína de guisante, cáñamo y algarroba en polvo ecológico bolsa 200 g para deportistas aumenta la masa muscular","name":"Bio Plus SPRT proteína de guisante, cáñamo y algarroba en polvo ecológico bolsa 200 g","brand":"EL GRANERO INTEGRAL ","img":"https://sgfm.elcorteingles.es/SGFM/dctm/MEDIA03/201602/18/00120748703970____1__600x600.jpg","price":"8,99 €","categories":["Supermercado","Dietéticos","Nutrición deportiva","Proteínas y aminoácidos","EL GRANERO INTEGRAL Bio Plus SPRT proteína de guisante, cáñamo y algarroba en polvo ecológico bolsa 200 g para deportistas aumenta la masa muscular"],"general_information":[],"ingredients":[],"ean":"8422584041118"},{"full_name":"EUROVO clara de huevo líquida 32 claras sin grasas botella 1 l","name":"clara de huevo líquida 32 claras sin grasas botella 1 l","brand":"EUROVO ","img":"https://sgfm.elcorteingles.es/SGFM/dctm/MEDIA03/201703/28/00120746803533____1__600x600.jpg","price":"3,69 €","price_unit":"(3,69 € / Litro)","categories":["Supermercado","Dietéticos","Nutrición deportiva","Proteínas y aminoácidos","EUROVO clara de huevo líquida 32 claras sin grasas botella 1 l"],"general_information":[],"ingredients":[],"ean":"8010053100031"},{"full_name":"BIOTONA Veggie proteinas vegetales en polvo 100% ecológico envase 300 g","name":"Veggie proteinas vegetales en polvo 100% ecológico envase 300 g","brand":"BIOTONA ","img":"https://sgfm.elcorteingles.es/SGFM/dctm/MEDIA02/CONTENIDOS/201507/06/00120748703582____1__600x600.jpg","price":"17,29 €","price_unit":"(5,76 € / 100 gr.)","categories":["Supermercado","Dietéticos","Nutrición deportiva","Proteínas y aminoácidos","BIOTONA Veggie proteinas vegetales en polvo 100% ecológico envase 300 g"],"general_information":["Denominación del alimento: Biotona Bio Veggie Protein Raw","País de origen: Bélgica","Nombre del operador: Keypharm n.v.","Dirección del operador: Siemenslaan, 11. B-8020. Oostkamp.","Cantidad Neta: 300 g","Otras menciones obligatorias en la etiqueta: No contiene gluten. No contiene colesterol. Sin aditivos, ni colorantes, ni conservantes, ni aromas, ni agentes de carga, ni OMG. Exentos de ingredientes de origen animal"],"ingredients":[" Polvo de proteínas  de guisantes, polvo de proteínas de arroz integral, polvo de proteínas de cáñamo."],"conservation":" Conservar en lugar fresco y seco. No sacar el producto del envase.","ean":"5412360009503"},{"full_name":"VICTORY Progressive Protein complejo de proteínas sabor chocolate envase 750 g","name":"Progressive Protein complejo de proteínas sabor chocolate envase 750 g","brand":"VICTORY ","img":"https://sgfm.elcorteingles.es/SGFM/01/93/3/0120746801933/0120746801933000g01011.jpg","price":"29,95 €","price_unit":"(39,93 € / Kilo)","categories":["Supermercado","Dietéticos","Nutrición deportiva","Proteínas y aminoácidos","VICTORY Progressive Protein complejo de proteínas sabor chocolate envase 750 g"],"general_information":["Denominación del alimento: Complemento alimenticio a base de concentrado de proteínas en polvo y vitamina B6 para la preparación de una bebida. Con edulcorantes.","Nombre del operador: Weider Nutrition, S.L.","Dirección del operador: C/ Electrónica, 39/41 - 28923 Alcorcón (Madrid)","Cantidad Neta: 750 g"],"ingredients":[" Concentrado de proteína de lactosuero, concentrado de proteínas de leche, aislado de proteínas lácticas, potenciador del sabor: glicina; 5,2% cacao en polvo bajo en grasa (Theobroma cacao L.), clara de huevo en polvo, lactosuero en polvo enriquecido con proteínas, caramelo instantáneo (azúcar caramelizado, maltodextrina), aroma (aroma de chocolate), emulgente: lecitina de soja; edulcorantes: ciclamato sódico, sacarina sódica; piridoxina clorhidrato (vitamina B6).Contiene lactosa, huevo y soja.Puede contener trazas de gluten."],"conservation":" Conservar en lugar fresco, seco y oscuro.","ean":"8414192305317"},{"full_name":"VICTORY Progressive Protein complejo de proteínas sabor fresa envase 750 g","name":"Progressive Protein complejo de proteínas sabor fresa envase 750 g","brand":"VICTORY ","img":"https://sgfm.elcorteingles.es/SGFM/02/18/4/0200346802184/0200346802184000g01011.jpg","price":"29,95 €","price_unit":"(39,93 € / Kilo)","categories":["Supermercado","Dietéticos","Nutrición deportiva","Proteínas y aminoácidos","VICTORY Progressive Protein complejo de proteínas sabor fresa envase 750 g"],"general_information":["Denominación del alimento: Complemento alimenticio a base de concentrado de proteínas en polvo y vitamina B6 para la preparación de una bebida. Con edulcorantes.","Nombre del operador: Weider Nutrition, S.L.","Dirección del operador: C/ Electrónica, 39/41 - 28923 Alcorcón (Madrid)","Cantidad Neta: 750 g"],"ingredients":[" Concentrado de proteína de lactosuero, concentrado de proteínas de leche, aislado de proteínas lácticas, potenciador del sabor: glicina; 5,2% cacao en polvo bajo en grasa (Theobroma cacao L.), clara de huevo en polvo, fresa en polvo (fragaria vesca L.), lactosuero en polvo enriquecido con proteínas, colorante: rojo de remolacha, aroma (aroma de fresa) emulgente: lecitina de soja; edulcorantes: ciclamato sódico, sacarina sódica; piridoxina clorhidrato (vitamina B6).Contiene lactosa, huevo y soja.Puede contener trazas de gluten."],"conservation":" Conservar en lugar fresco, seco y oscuro.","ean":"8414192305331"},{"full_name":"VICTORY Super Nitro Whey proteína de suero sabor vainilla envase 1 kg","name":"Super Nitro Whey proteína de suero sabor vainilla envase 1 kg","brand":"VICTORY ","img":"https://sgfm.elcorteingles.es/SGFM/02/19/2/0200346802192/0200346802192000g01011.jpg","price":"34,95 €","categories":["Supermercado","Dietéticos","Nutrición deportiva","Proteínas y aminoácidos","VICTORY Super Nitro Whey proteína de suero sabor vainilla envase 1 kg"],"general_information":["Denominación del alimento: Complemento alimenticio a base de concentrado de proteínas en polvo con glicina, L-glutamina, vitamina B6 y edulcorantes.","Nombre del operador: Weider Nutrition, S.L.","Dirección del operador: C/ Electrónica, 39/41 - 28923 Alcorcón (Madrid)","Cantidad Neta: 1 Kilogramos"],"ingredients":[" Concentrado de proteína de lactosuero, glicina, L-glutamina, aislado de proteína de lactosuero, aroma (vainilla), emulgente: lecitina de soja; edulcorantes: ciclamato sódico y sacarina sódica; piridoxina clorhidrato (vitamina B6).Puede contener gluten y trazas de huevo."],"conservation":" Conservar en lugar fresco, seco y oscuro.","ean":"8414192305393"},{"full_name":"VICTORY Super Nitro Whey proteína de suero sabor fresa y plátano envase 1 kg","name":"Super Nitro Whey proteína de suero sabor fresa y plátano envase 1 kg","brand":"VICTORY ","img":"https://sgfm.elcorteingles.es/SGFM/01/95/8/0120746801958/0120746801958000g01011.jpg","price":"34,95 €","price_unit":"(34,95 € / Kilo)","categories":["Supermercado","Dietéticos","Nutrición deportiva","Proteínas y aminoácidos","VICTORY Super Nitro Whey proteína de suero sabor fresa y plátano envase 1 kg"],"general_information":["Denominación del alimento: Complemento alimenticio a base de concentrado de proteínas en polvo con glicina, L-glutamina, vitamina B6 y edulcorantes.","Nombre del operador: Weider Nutrition, S.L.","Dirección del operador: C/ Electrónica, 39/41 - 28923 Alcorcón (Madrid)","Cantidad Neta: 1 Kilogramos"],"ingredients":[" Concentrado de proteína de lactosuero, glicina, L-glutamina, aislado de proteína de lactosuero, aroma (vainilla), emulgente: lecitina de soja; edulcorantes: ciclamato sódico y sacarina sódica; piridoxina clorhidrato (vitamina B6).Puede contener gluten y trazas de huevo."],"conservation":" Conservar en lugar fresco, seco y oscuro.","ean":"8414192305355"},{"full_name":"VICTORY Super Nitro Whey suplemento soluble sabor cookies&cream aislado de proteína de suero envase 1 kg","name":"Super Nitro Whey suplemento soluble sabor cookies&cream aislado de proteína de suero envase 1 kg","brand":"VICTORY ","img":"https://sgfm.elcorteingles.es/SGFM/dctm/MEDIA03/201704/27/00120746802519____1__600x600.jpg","price":"34,95 €","price_unit":"(34,95 € / Kilo)","categories":["Supermercado","Dietéticos","Nutrición deportiva","Proteínas y aminoácidos","VICTORY Super Nitro Whey suplemento soluble sabor cookies&cream aislado de proteína de suero envase 1 kg"],"general_information":["Denominación del alimento: Complemento alimenticio a base de concentrado de proteínas en polvo con glicina, L-glutamina, vitamina B6 y edulcorantes.","Nombre del operador: Weider Nutrition, S.L.","Dirección del operador: C/ Electrónica, 39/41 - 28923 Alcorcón (Madrid)","Cantidad Neta: 1 Kilogramos"],"ingredients":[" Concentrado de proteína de lactosuero, glicina, 2% cacao (theobroma cacao L.) en polvo bajo en grasa L-glutamina, aislado de proteína de lactosuero, aroma (cookies & cream), emulgente: lecitina de soja; edulcorantes: ciclamato sódico y sacarina sódica; piridoxina clorhidrato (vitamina B6).Puede contener gluten y trazas de huevo."],"conservation":" Conservar en lugar fresco, seco y oscuro.","ean":"8414192307281"},{"full_name":"VICTORY Super Nitro Whey sabor chocolate y avellana envase 1 kg","name":"Super Nitro Whey sabor chocolate y avellana envase 1 kg","brand":"VICTORY ","img":"https://sgfm.elcorteingles.es/SGFM/02/06/3/0120746802063/0120746802063000g01011.jpg","price":"34,95 €","categories":["Supermercado","Dietéticos","Nutrición deportiva","Proteínas y aminoácidos","VICTORY Super Nitro Whey sabor chocolate y avellana envase 1 kg"],"general_information":["Denominación del alimento: Complemento alimenticio a base de concentrado de proteínas en polvo con glicina, L-glutamina, vitamina B6 y edulcorantes.","Nombre del operador: Weider Nutrition, S.L.","Dirección del operador: C/ Electrónica, 39/41 - 28923 Alcorcón (Madrid)","Cantidad Neta: 1 Kilogramos"],"ingredients":[" Concentrado de proteína de lactosuero, 6,3% cacao (theobroma cacao L.) en polvo bajo en grasa, glicina, L-glutamina, aislado de proteína de lactosuero, aroma (chocolate), emulgente: lecitina de soja; edulcorantes: ciclamato sódico y sacarina sódica; piridoxina clorhidrato (vitamina B6).Puede contener gluten y trazas de huevo."],"conservation":" Conservar en lugar fresco, seco y oscuro.","ean":"8414192305379"},{"full_name":"VICTORY Isolate Whey 100 cfm suplemento soluble sabor chocolate aislado de proteína de suero envase 900 g","name":"Isolate Whey 100 cfm suplemento soluble sabor chocolate aislado de proteína de suero envase 900 g","brand":"VICTORY ","img":"https://sgfm.elcorteingles.es/SGFM/02/53/5/0120746802535/0120746802535000g01011.jpg","price":"44,95 €","price_unit":"(49,94 € / Kilo)","categories":["Supermercado","Dietéticos","Nutrición deportiva","Proteínas y aminoácidos","VICTORY Isolate Whey 100 cfm suplemento soluble sabor chocolate aislado de proteína de suero envase 900 g"],"general_information":["Denominación del alimento: Complemento alimenticio en polvo a base de aislado de proteínas de lactosuero y vitamina B6 para la preparación de una bebida. Con edulcorantes.","Nombre del operador: Weider Nutrition, S.L.","Dirección del operador: C/ Electrónica, 39/41 - 28923 Alcorcón (Madrid)","Cantidad Neta: 900 g"],"ingredients":[" Aislado de proteína de lactosuero, aroma (aroma de chocolate), 4% cacao en polvo bajo en grasa (theobroma cacao L.), emulgente: lecitina de soja; edulcorantes: ciclamato sódico y sacarina sódica; piridoxina clorhidrato (vitamina B6).Contiene lactosa y soja.Puede contener trazas de gluten y huevo."],"conservation":" Conservar en lugar fresco, seco y oscuro.","ean":"8414192305218"},{"full_name":"VICTORY Bcaa (optimal 2:1:1 ratio) aminoácidos ramificados envase 120 cápsulas","name":"Bcaa (optimal 2:1:1 ratio) aminoácidos ramificados envase 120 cápsulas","brand":"VICTORY ","img":"https://sgfm.elcorteingles.es/SGFM/00/14/7/0120747000147/0120747000147000g01011.jpg","price":"21,95 €","price_unit":"(0,18 € / Unidad)","categories":["Supermercado","Dietéticos","Nutrición deportiva","Proteínas y aminoácidos","VICTORY Bcaa (optimal 2:1:1 ratio) aminoácidos ramificados envase 120 cápsulas"],"general_information":["Denominación del alimento: Complemento alimenticio en cápsulas a base de un alto contenido de aminoácidos ramificados y vitamina B6.","Nombre del operador: Weider Nutrition, S.L.","Dirección del operador: C/ Electrónica, 39/41 - 28923 Alcorcón (Madrid)","Cantidad Neta: 78 g","Número de raciones por envase: 120","Otras menciones obligatorias en la etiqueta: 1 servicio contiene: Energía: 36kJ/9kcal; 2g proteínas; < 0,1 g  Hidratos de carbono; < 0,1 g  Grasa; 0,084 mg 6 Vitamina B6; 1000 mg  L-Leucina; 500 mg  L-Isoleucina; 500 mg  L-Valina."],"ingredients":[" L-Leucine, L-valina, L-isoleucina, agente de recubrimiento (gelatina), antiaglomerante: E470b; piridoxina clorhidrato (vitamina B6), colorante: E171.Puede contener trazas de lactosa, soja, gluten y huevo."],"conservation":" Conservar en lugar fresco, seco y oscuro.","ean":"8414192305522"},{"full_name":"VICTORY CLASSIC Myo Gain sabor chocolate masa muscular envase 1500 g","name":"Myo Gain sabor chocolate masa muscular envase 1500 g","brand":"VICTORY CLASSIC ","img":"https://sgfm.elcorteingles.es/SGFM/02/67/5/0120746802675/0120746802675000g01011.jpg","price":"29,56 €","price_unit":"(19,71 € / Kilo)","categories":["Supermercado","Dietéticos","Nutrición deportiva","Proteínas y aminoácidos","VICTORY CLASSIC Myo Gain sabor chocolate masa muscular envase 1500 g"],"general_information":["Denominación del alimento: Complemento alimenticio a base de concentrado de proteínas en polvo para la preparación de una bebida con L-glutamina, beta-alanina, glicina, creatina, HMB (beta-hidroxi-beta-metilbutirato), taurina, vitaminas, azúcar y edulcorante.","Nombre del operador: Weider Nutrition, S.L.","Dirección del operador: C/ Electrónica, 39/41 - 28923 Alcorcón (Madrid)","Cantidad Neta: 1500 g"],"ingredients":[" Concentrado de proteína de lactosuero, dextrosa, maltodextrina, potenciador del sabor: glicina; lactosuero en polvo enriquecido con proteínas, L-glutamina, almidón de maíz, 5% cacao (Theobroma cocoa L.) en polvo bajo en grasa, monohidrato de creatina, inulina, beta-alanina, aroma (chocolate, caramelo), caramelo instantáneo (azúcar caramelizado, maltodextrina); taurina, beta-hidroxi-beta-metilbutirato de calcio, bicarbonato sódico, hidrolizado de proteína láctea, aislado de proteína de lactosuero, antiaglomerante: fosfato tricálcico; aceite de palma, emulgente: lecitina de soja; edulcorante: acesulfamo K; piridoxina clorhidrato (vitamina B6), riboflavina (vitamina B2).Contiene lactosa. Puede contener gluten, soja y huevo."],"conservation":" Conservar en lugar fresco, seco y oscuro.","ean":"8414192307953"},{"full_name":"VICTORY Neo Isolate Whey 100 cfm sabor fresa envase 900 g","name":"Neo Isolate Whey 100 cfm sabor fresa envase 900 g","brand":"VICTORY ","img":"https://sgfm.elcorteingles.es/SGFM/02/69/1/0120746802691/0120746802691000g01011.jpg","price":"44,95 €","price_unit":"(49,94 € / Kilo)","categories":["Supermercado","Dietéticos","Nutrición deportiva","Proteínas y aminoácidos","VICTORY Neo Isolate Whey 100 cfm sabor fresa envase 900 g"],"general_information":["Denominación del alimento: Complemento alimenticio en polvo a base de aislado de proteínas de lactosuero y vitamina B6 para la preparación de una bebida. Con edulcorantes.","Nombre del operador: Weider Nutrition, S.L.","Dirección del operador: C/ Electrónica, 39/41 - 28923 Alcorcón (Madrid)","Cantidad Neta: 900 g"],"ingredients":[" Aislado de proteína de lactosuero, fresa en polvo (fragaria vesca L.), aroma (aroma de fresa), emulgente: lecitina de soja; colorante: rojo de remolacha; edulcorantes: ciclamato sódico y sacarina sódica; piridoxina clorhidrato (vitamina B6).Contiene lactosa y soja.Puede contener trazas de gluten y huevo."],"conservation":" Conservar en lugar fresco, seco y oscuro.","ean":"8414192305232"},{"full_name":"NUTRISPORT Mega Protein Chocolate proteína de suero lácteo envase 900 g","name":"Mega Protein Chocolate proteína de suero lácteo envase 900 g","brand":"NUTRISPORT ","img":"https://sgfm.elcorteingles.es/SGFM/03/45/5/0200346803455/0200346803455000g01011.jpg","price":"32,95 €","price_unit":"(36,61 € / Kilo)","categories":["Supermercado","Dietéticos","Nutrición deportiva","Proteínas y aminoácidos","NUTRISPORT Mega Protein Chocolate proteína de suero lácteo envase 900 g"],"general_information":[" Aporte de proteína de suero lácteo (concentrado de suero de leche) para mezclar con agua.\nMega Protein Whey 5 está formulado a base de una combinación de proteína de suero de leche (Whey Protein Concentrate), L-Leucina, L-Arginina, Vitamina B6, Cromo y enzimas digestivas. Un conjunto de ingredientes que ayudan a mejorar la absorción de la proteína una vez finalizado el entrenamiento. Mega Protein Whey 5 favorece la recuperación muscular mediante la síntesis de nuevas cadenas proteicas (musculatura).","Consejos: Tomar inmediatamente después del ejercicio y/o en el desayuno."],"ingredients":["Ingredientes: Concentrado de proteína de suero (86%), Cacao desgrasado en polvo, Aminoácidos (3,4%), Aroma, Extractos proteolíticos (extracto de papaya), Extracto de Piña (1,2%), Espesante (goma xantana), Edulcorantes (Acesulfame K, sucralosa) clorhidrato de Piridoxina (Vitamina B6), Picolinato de cromo."],"ean":"8424644001377"},{"full_name":"NUTRISPORT Whey Gold proteína 100% de suero lácteo sabor chocolate envase 600 g","name":"Whey Gold proteína 100% de suero lácteo sabor chocolate envase 600 g","brand":"NUTRISPORT ","img":"https://sgfm.elcorteingles.es/SGFM/02/42/8/0120746802428/0120746802428000g01011.jpg","price":"21,65 €","price_unit":"(36,08 € / Kilo)","categories":["Supermercado","Dietéticos","Nutrición deportiva","Proteínas y aminoácidos","NUTRISPORT Whey Gold proteína 100% de suero lácteo sabor chocolate envase 600 g"],"general_information":[],"ingredients":[],"ean":"8424644000202"},{"full_name":"NUTRISPORT 8 AM desayuno con proteínas y avena bolsa 650 g","name":"8 AM desayuno con proteínas y avena bolsa 650 g","brand":"NUTRISPORT ","img":"https://sgfm.elcorteingles.es/SGFM/dctm/MEDIA02/CONTENIDOS/201411/20/00120746803178____1__600x600.jpg","price":"18,50 €","price_unit":"(33,04 € / Kilo)","categories":["Supermercado","Dietéticos","Nutrición deportiva","Proteínas y aminoácidos","NUTRISPORT 8 AM desayuno con proteínas y avena bolsa 650 g"],"general_information":[],"ingredients":[],"ean":"8424644002282"},{"full_name":"NUTRISPORT Ovo proteína de huevo 100% equivale a 76 claras bote 305 g","name":"Ovo proteína de huevo 100% equivale a 76 claras bote 305 g","brand":"NUTRISPORT ","img":"https://sgfm.elcorteingles.es/SGFM/dctm/MEDIA03/201609/19/00120746803525____1__600x600.jpg","price":"17,95 €","price_unit":"(58,85 € / Kilo)","categories":["Supermercado","Dietéticos","Nutrición deportiva","Proteínas y aminoácidos","NUTRISPORT Ovo proteína de huevo 100% equivale a 76 claras bote 305 g"],"general_information":[],"ingredients":[],"ean":"8424644002831"},{"full_name":"SPECIAL LINE barrita energética de frutas con vitaminas envase 40 g","name":"barrita energética de frutas con vitaminas envase 40 g","brand":"SPECIAL LINE ","img":"https://sgfm.elcorteingles.es/SGFM/dctm/MEDIA03/201707/17/00120746803517____1__600x600.jpg","price":"0,68 €","price_unit":"(17 € / Kilo)","categories":["Supermercado","Dietéticos","Nutrición deportiva","Suplementos en barritas","SPECIAL LINE barrita energética de frutas con vitaminas envase 40 g"],"general_information":["Denominación del alimento: Barrita energética a base de fruta y frutos secos enriquecida con vitaminas.","Nombre del operador: Elaborado para el Grupo El Corte Inglés \nHermosilla, 112 ? 28009 Madrid \nEspaña por NIF: A12023479","Cantidad Neta: 40 g","Número de raciones por envase: 1"],"ingredients":[" Ingredientes: pasas sultanas (20%), dátiles (10%), higos (10%), azúcar, maltodextrinas, ciruelas (5%), albaricoque (5%), harina de trigo, harina integral de trigo, harina de avena, avellana, oblea (almidón de patata y aceite de girasol alto oléico (aceite de girasol y antioxidantes E-304, E-310 y vitamina E), almendra, miel, agua, jarabe de glucosa, vitaminas (tiamina, niacina, ácido pantoténico, B6, E y C), conservantes (E-200, E-202 y E-220 (sulfitos)), aceite vegetal de algodón y antiaglomerante: dióxido de silicio."],"conservation":" Conservar en lugar fresco y seco","ean":"8433329049931"},{"full_name":"SPECIAL LINE barrita de proteínas 32% sabor vainilla y galletas unidad 40 g","name":"barrita de proteínas 32% sabor vainilla y galletas unidad 40 g","brand":"SPECIAL LINE ","img":"https://sgfm.elcorteingles.es/SGFM/dctm/MEDIA03/201605/05/00120746802733____1__600x600.jpg","price":"1,09 €","price_unit":"(27,25 € / Kilo)","categories":["Supermercado","Dietéticos","Nutrición deportiva","Suplementos en barritas","SPECIAL LINE barrita de proteínas 32% sabor vainilla y galletas unidad 40 g"],"general_information":["Denominación del alimento: Producto alimenticio adaptado a un intenso desgaste muscular sobre todo para deportistas. Barrita hiperproteica . Con azúcares y edulcorantes.","Nombre del operador: Elaborado para el Grupo El Corte Inglés\nHermosilla, 112 ? 28009 Madrid\nEspaña por NIF: A-08650509","Cantidad Neta: 40 g"],"ingredients":[" Ingredientes: (por barrita): Concentrado de proteínas lácteas (14,6g), Jarabe de glucosa, Cobertura vegetal blanca (7g)*, Jarabe de azúcar, Edulcorante (Jarabe de sorbitol), Aceite de girasol, Manteca de cacao, Complejo mineral (citrato sódico, fosfato bicálcico, fosfato sódico, cloruro potásico, carbonato magnésico, sulfato de manganeso, pirofosfato de hierro, óxido de zinc, yoduro potásico, selenito sódico, fluoruro sódico, molibdato sódico), Granos de cacao, Jarabe de fructosa, Aroma, L-Cistina, Complejo vitamínico (Acido L-Ascórbico, Nicotinamida, Acetato de DL-alfa tocoferilo, D-Pantotenato cálcico, Piridoxina clorhidrato, Riboflavina, Clorhidrato de tiamina, Acetato de retinilo, Acido pteroilmonoglutámico, D-Biotina, Colecalciferol, Cianocobalamina). \n\n*Cobertura vegetal blanca : Azúcar,  grasa vegetal hidrogenada, leche desnatada en  polvo, emulgente (lecitina de soja),  vainillina y aroma. Puede contener trazas de frutos de cáscara."],"conservation":" Conservar en lugar fresco y seco, por debajo de 21ºC.","ean":"8433329030571"},{"full_name":"SPECIAL LINE barrita de proteínas 32% sabor chocolate unidad 40 g","name":"barrita de proteínas 32% sabor chocolate unidad 40 g","brand":"SPECIAL LINE ","img":"https://sgfm.elcorteingles.es/SGFM/dctm/MEDIA03/201605/05/00120746802725____2__600x600.jpg","price":"1,09 €","price_unit":"(27,25 € / Kilo)","categories":["Supermercado","Dietéticos","Nutrición deportiva","Suplementos en barritas","SPECIAL LINE barrita de proteínas 32% sabor chocolate unidad 40 g"],"general_information":["Denominación del alimento: Producto alimenticio adaptado a un intenso desgaste muscular sobre todo para deportistas. Barrita hiperproteica cubierta de chocolate con leche. Con azúcares y edulcorantes.","Nombre del operador: Elaborado para el Grupo El Corte Inglés\nHermosilla, 112 ? 28009 Madrid\nEspaña por NIF: A-08650509","Cantidad Neta: 40 g"],"ingredients":[" Ingredientes: por barrita): Concentrado de proteínas lácteas (14,3g), Jarabe de glucosa, Cobertura de chocolate con leche* (7,1g), Jarabe de azúcar, Edulcorante (Jarabe de sorbitol), Aceite de girasol, Manteca de cacao, Cacao desgrasado en polvo, Complejo mineral (citrato sódico, fosfato bicálcico, fosfato sódico, cloruro potásico, carbonato magnésico, sulfato de manganeso, pirofosfato de hierro, óxido de zinc, yoduro potásico, selenito sódico, fluoruro sódico, molibdato sódico), Jarabe de fructosa, Aroma, L-Cistina, Complejo vitamínico (Acido L-Ascórbico, Nicotinamida, Acetato de DL-alfa tocoferilo, D-Pantotenato cálcico, Piridoxina clorhidrato, Riboflavina, Clorhidrato de tiamina, Acetato de retinilo, Acido pteroilmonoglutámico, D-Biotina, Colecalciferol, Cianocobalamina). \n\n* Cobertura de chocolate con leche: azúcar, manteca de cacao, leche desnatada en polvo, pasta de cacao, lactosuero, materia grasa láctea anhidra, leche entera en polvo, emulgente (lecitina de soja), aroma natural de vainilla y aroma. Puede contener trazas de gluten."],"conservation":" Conservar en lugar fresco y seco, por debajo de 21ºC.","ean":"8433329030564"},{"full_name":"SPECIAL LINE barrita de proteínas 32% sabor plátano envase 40 g","name":"barrita de proteínas 32% sabor plátano envase 40 g","brand":"SPECIAL LINE ","img":"https://sgfm.elcorteingles.es/SGFM/dctm/MEDIA03/201605/05/00120746600095____1__600x600.jpg","price":"1,19 €","price_unit":"(29,75 € / Kilo)","categories":["Supermercado","Dietéticos","Nutrición deportiva","Suplementos en barritas","SPECIAL LINE barrita de proteínas 32% sabor plátano envase 40 g"],"general_information":["Denominación del alimento: Producto alimenticio adaptado a un intenso desgaste muscular sobre todo para deportistas. Barrita hiperproteica cubierta de chocolate con leche. Con azúcares y edulcorantes.","Nombre del operador: Elaborado para el Grupo El Corte Inglés\nHermosilla, 112 ? 28009 Madrid\nEspaña por NIF: A-08650509","Cantidad Neta: 40 g"],"ingredients":[" Ingredientes: (por barrita): Concentrado de proteínas lácteas(14,3g), jarabe de glucosa, cobertura de chocolate con leche (6,3g), jarabe de azúcar, edulcorante: jarabe de sorbitol, manteca de cacao, plátano deshidratado,  complejo mineral (citrato sódico, fosfato bicálcico, fosfato sódico, cloruro potásico, carbonato magnésico, sulfato de manganeso, pirofosfato de hierro, óxido de zinc, yoduro potásico, selenito sódico, fluoruro sódico, molibdato sódico), jarabe de fructosa, aceite de girasol, Complejo vitamínico (ácido L-Ascórbico, nicotinamida, acetato de DL-alfa tocoferilo, D-Pantotenato cálcico, piridoxina clorhidrato, riboflavina, clorhidrato de tiamina, acetato de retinilo, ácido pteroilmonoglutámico, D-Biotina, colecalciferol, cianocobalamina), L-cistina y aroma.\n \nCobertura de chocolate con leche: azúcar, manteca de cacao, leche desnatada en polvo, pasta de cacao, lactosuero, materia grasa láctea anhidra, leche entera en polvo, emulgente (lecitina de soja), aroma natural de vainilla y aroma."],"conservation":" Conservar en lugar fresco y seco, por debajo de 21ºC.","ean":"8433329052313"},{"full_name":"SPECIAL LINE barrita de proteínas 32% sabor coco envase 40 g","name":"barrita de proteínas 32% sabor coco envase 40 g","brand":"SPECIAL LINE ","img":"https://sgfm.elcorteingles.es/SGFM/dctm/MEDIA03/201605/05/00120746600103____1__600x600.jpg","price":"1,19 €","price_unit":"(29,75 € / Kilo)","categories":["Supermercado","Dietéticos","Nutrición deportiva","Suplementos en barritas","SPECIAL LINE barrita de proteínas 32% sabor coco envase 40 g"],"general_information":["Denominación del alimento: Producto alimenticio adaptado a un intenso desgaste muscular sobre todo para deportistas. Barrita hiperproteica cubierta de chocolate con leche. Con azúcares y edulcorantes.","Nombre del operador: Elaborado para el Grupo El Corte Inglés\nHermosilla, 112 ? 28009 Madrid\nEspaña por NIF: A-08650509","Cantidad Neta: 40 g"],"ingredients":[" Ingredientes: (por barrita): Concentrado de proteínas lácteas (14,4g), jarabe de glucosa, cobertura de chocolate con leche (6,3g), jarabe de azúcar, edulcorante: jarabe de sorbitol, manteca de cacao, coco rallado,  complejo mineral (citrato sódico, fosfato bicálcico, fosfato sódico, cloruro potásico, carbonato magnésico, sulfato de manganeso, pirofosfato de hierro, óxido de zinc, yoduro potásico, selenito sódico, fluoruro sódico, molibdato sódico), jarabe de fructosa, aceite de girasol, Complejo vitamínico (ácido L-Ascórbico, nicotinamida, acetato de DL-alfa tocoferilo, D-Pantotenato cálcico, piridoxina clorhidrato, riboflavina, clorhidrato de tiamina, acetato de retinilo, ácido pteroilmonoglutámico, D-Biotina, colecalciferol, cianocobalamina), aroma y L-cistina.\n \nCobertura de chocolate con leche: azúcar, manteca de cacao, leche desnatada en polvo, pasta de cacao, lactosuero, materia grasa láctea anhidra, leche entera en polvo, emulgente (lecitina de soja), aroma natural de vainilla y aroma."],"conservation":" Conservar en lugar fresco y seco, por debajo de 21ºC.","ean":"8433329052306"},{"full_name":"ISOSTAR Pulse barritas energéticas con sabor chocolate y guaraná estuche 6 barritas","name":"Pulse barritas energéticas con sabor chocolate y guaraná estuche 6 ","brand":"ISOSTAR ","img":"https://sgfm.elcorteingles.es/SGFM/dctm/MEDIA03/201710/04/00120746600319____1__600x600.jpg","price":"3,14 €","price_unit":"(22,75 € / Kilo)","categories":["Supermercado","Dietéticos","Nutrición deportiva","Suplementos en barritas","ISOSTAR Pulse barritas energéticas con sabor chocolate y guaraná estuche 6 barritas"],"general_information":["Denominación del alimento: Barras energéticas ricas en hidratos de carbono y en vitaminas E, C, B1, B2, Niacina y B6.","Nombre del operador: Nutrition & Santé Iberia, S.L.","Dirección del operador: c/ Jesús Serra i Santamans, nº 4 - 1ª planta. 08174 Sant Cugat del Vallés - Barcelona","Cantidad Neta: 138 g","Número de raciones por envase: 6"],"ingredients":[" Jarabe de glucosa, chocolate con leche 23% (azúcar, manteca de cacao, leche descremada en polvo, lactosuero, pasta de cacao, grasa de leche, emulgentes: lecitinas de soja, aroma), harina de arroz, harina de trigo, azúcar, malta de trigo, cacao desgrasado (emulgente: lecitinas de soja), grasa vegetal no hidrogenada de palma, estabilizante: glicerol, jarabe de azúcar invertido, gluten de trigo, aromas (de los cuales extracto de guaraná), gasificante: carbonatos de sodio, sal, emulgente: lecitinas de nabina, vitaminas C, Niacina, B6, B1, B2 y E (lactosa, proteínas de leche). Contiene sodio. Información alérgenos: www.isostar.com"],"conservation":" Conservar en lugar fresco y seco.","ean":"3175681040847"},{"full_name":"ISOSTAR Pulse barritas energéticas con sabor avellana, chocolate y guaraná estuche 6 barritas","name":"Pulse barritas energéticas con sabor avellana, chocolate y guaraná estuche 6 ","brand":"ISOSTAR ","img":"https://sgfm.elcorteingles.es/SGFM/dctm/MEDIA03/201710/04/00120746600327____1__600x600.jpg","price":"3,14 €","price_unit":"(22,75 € / Kilo)","categories":["Supermercado","Dietéticos","Nutrición deportiva","Suplementos en barritas","ISOSTAR Pulse barritas energéticas con sabor avellana, chocolate y guaraná estuche 6 barritas"],"general_information":["Denominación del alimento: Barras energéticas ricas en hidratos de carbono y en vitaminas E, C, B1, B2, Niacina y B6 especialmente adaptadas a las necesidades de los deportistas.","Nombre del operador: Nutrition & Santé Iberia, S.L.","Dirección del operador: c/ Jesús Serra i Santamans, nº 4 - 1ª planta. 08174 Sant Cugat del Vallés - Barcelona","Cantidad Neta: 138 g","Número de raciones por envase: 6"],"ingredients":[" Jarabe de glucosa, chocolate con leche 20% (azúcar, manteca de cacao, leche descremada en polvo, lactosuero, pasta de cacao, grasa de leche, emulgentes: lecitinas de soja, aroma), harina de trigo, harina de arroz, azúcar, copos de trigo, pasta de avellanas 3,3%, malta de trigo, estabilizante: glicerol, jarabe de azúcar invertido, avellanas 1,2%, gluten de trigo, grasa vegetal no hidrogenada de palma, gasificante: carbonatos de sodio, sal, aromas (de los cuales extracto de guaraná, avellana) emulgente: lecitinas de nabina, vitaminas C, Niacina, B6, B1, B2 y E (lactosa, proteínas de leche), extracto de malta de cebada. Contiene sodio. Información alérgenos: www.isostar.com"],"conservation":" Conservar en lugar fresco y seco.","ean":"3175681040861"},{"full_name":"ISOSTAR High Energy barritas energéticas con sabor a chocolate estuche 3 barritas","name":"High Energy barritas energéticas con sabor a chocolate estuche 3 ","brand":"ISOSTAR ","img":"https://sgfm.elcorteingles.es/SGFM/dctm/MEDIA03/201710/04/00120746600301____1__600x600.jpg","price":"4,46 €","price_unit":"(42,48 € / Kilo)","categories":["Supermercado","Dietéticos","Nutrición deportiva","Suplementos en barritas","ISOSTAR High Energy barritas energéticas con sabor a chocolate estuche 3 barritas"],"general_information":["Denominación del alimento: Barras energéticas con hidratos de carbono, sabor chocolate","Nombre del operador: Nutrition & Santé Iberia, S.L.","Dirección del operador: c/ Jesús Serra i Santamans, nº 4 - 1ª planta. 08174 Sant Cugat del Vallés - Barcelona","Cantidad Neta: 105 g","Número de raciones por envase: 3"],"ingredients":[" Chocolate con leche 25% (azúcar, manteca y pasta de cacao, leche descremada en polvo, lactosuero, materia grasa de leche, emulgente: lecitinas de soja, aroma), jarabe de glucosa, copos de avena, harina de arroz, jarabe de azúcar invertido, harinas de trigo 5,7%, Estabilizante: gliceroles, aceite de colza, arroz inflado, azúcar, malta de trigo, cacao desgrasado en polvo, sal, gluten de trigo, aroma, emulgente: lecitinas de colza, Vitaminas B1, B2, B6, C, Niacina, E (lactosa, proteínas de leche. Información alérgenos: www.isostar.com."],"conservation":" Conservar en lugar fresco y seco.","ean":"3175681141070"},{"full_name":"ISOSTAR High Energy barrita energética sabor pasas y arándanos envase 40 g","name":"High Energy barrita energética sabor pasas y arándanos envase 40 g","brand":"ISOSTAR ","img":"https://sgfm.elcorteingles.es/SGFM/dctm/MEDIA02/CONTENIDOS/201504/15/00120746600053____1__600x600.jpg","price":"1,50 €","price_unit":"(37,50 € / Kilo)","categories":["Supermercado","Dietéticos","Nutrición deportiva","Suplementos en barritas","ISOSTAR High Energy barrita energética sabor pasas y arándanos envase 40 g"],"general_information":["Denominación del alimento: Barra energética con hidratos de carbono.","Nombre del operador: Nutrition & Santé Iberia, S.L.","Dirección del operador: c/ Jesús Serra i Santamans, nº 4 - 1ª planta. 08174 Sant Cugat del Vallés - Barcelona","Cantidad Neta: 40 g","Número de raciones por envase: 1"],"ingredients":[" Jarabe de glucosa, copos de avena, harinas (de arroz y trigo), uvas pasas 10%, azúcar, jarabe de azúcar invertido, grasa vegetal (copra, (coco seco), palmiste, palma, karité) en proporciones variables, estabilizante: glicerina, arroz hinchado, arándanos rojos desecados 1,9%, leche desnatada en polvo, suero de leche en polvo, dextrosa, malta de trigo, aroma, sal, gluten de trigo, emulgentes: lecitinas de colza (couve nabiça) y soja, acidulante: ácido cítrico, vitaminas C, PP, B6, B1, B2, E (lactosa y proteínas de leche), colorante: carmines (gelatina de pescado), sulfato de zinc. Información alérgenos: www.isostar.com."],"conservation":" Conservar en un lugar fresco y seco.","ean":"3175681161566"},{"full_name":"ISOSTAR High Energy barrita energética sabor chocolate envase 35 g","name":"High Energy barrita energética sabor chocolate envase 35 g","brand":"ISOSTAR ","img":"https://sgfm.elcorteingles.es/SGFM/dctm/MEDIA02/CONTENIDOS/201504/15/00120746600061____1__600x600.jpg","price":"1,50 €","price_unit":"(42,86 € / Kilo)","categories":["Supermercado","Dietéticos","Nutrición deportiva","Suplementos en barritas","ISOSTAR High Energy barrita energética sabor chocolate envase 35 g"],"general_information":["Denominación del alimento: Barras energéticas con hidratos de carbono. Sabor chocolate.","Nombre del operador: Nutrition & Santé Iberia, S.L.","Dirección del operador: c/ Jesús Serra i Santamans, nº 4 - 1ª planta. 08174 Sant Cugat del Vallés - Barcelona","Cantidad Neta: 35 g","Número de raciones por envase: 1"],"ingredients":[" Chocolate con leche 25% (azúcar, manteca y pasta de cacao, leche descremada en polvo, lactosuero, materia grasa de leche, emulgente: lecitinas de soja, aroma), jarabe de glucosa, copos de avena, harina de arroz, jarabe de azúcar invertido, harinas de trigo 5,7%, Estabilizante: gliceroles, aceite de colza, arroz inflado, azúcar, malta de trigo, cacao desgrasado en polvo, sal, gluten de trigo, aroma, emulgente: lecitinas de colza, Vitaminas B1, B2, B6, C, Niacina, E (lactosa, proteínas de leche. Información alérgenos: www.isostar.com."],"conservation":" Conservar en lugar fresco y seco.","ean":"3175681141049"},{"full_name":"ISOSTAR High Energy barrita energética sabor banana envase 40 g","name":"High Energy barrita energética sabor banana envase 40 g","brand":"ISOSTAR ","img":"https://sgfm.elcorteingles.es/SGFM/dctm/MEDIA02/CONTENIDOS/201504/15/00200346600075____1__600x600.jpg","price":"1,50 €","price_unit":"(37,50 € / Kilo)","categories":["Supermercado","Dietéticos","Nutrición deportiva","Suplementos en barritas","ISOSTAR High Energy barrita energética sabor banana envase 40 g"],"general_information":["Denominación del alimento: Barra energética con hidratos de carbono. Sabor banana","Nombre del operador: Nutrition & Santé Iberia, S.L.","Dirección del operador: c/ Jesús Serra i Santamans, nº 4 - 1ª planta. 08174 Sant Cugat del Vallés - Barcelona","Cantidad Neta: 40 g","Número de raciones por envase: 1"],"ingredients":[" Copos de avena, jarabe de glucosa, azúcar, jarabe de azúcar invertido, harina de arroz, dextrosa, grasas vegetales (coco, palmiste, palma y karité) en  proporciones variables, cortezas de naranja confitadas 5,3%, banana deshidratada: 4,9%, arroz inflado, jarabe de glucosa-fructosa, harina de trigo, grasa vegetal no hidrogenada de palma, leche descremada en polvo, lactosuero en polvo, estabilizadores: sorbitoles y glicerina malta de trigo, gluten de trigo, aromas, sal, acidulante: ácido cítrico, almidón, emulgentes: lecitinas de nabina y soja, vitaminas C, Niacina, B6, B1, B2, E (lactosa y proteínas de leche). Información alérgenos: www. isostar.com."],"conservation":" Conservar en un lugar fresco y seco.","ean":"7612100008225"},{"full_name":"ISOSTAR High Energy barrita energética sabor multifrutas envase 40 g","name":"High Energy barrita energética sabor multifrutas envase 40 g","brand":"ISOSTAR ","img":"https://sgfm.elcorteingles.es/SGFM/dctm/MEDIA02/CONTENIDOS/201504/15/00120746600087____1__600x600.jpg","price":"1,50 €","price_unit":"(37,50 € / Kilo)","categories":["Supermercado","Dietéticos","Nutrición deportiva","Suplementos en barritas","ISOSTAR High Energy barrita energética sabor multifrutas envase 40 g"],"general_information":["Denominación del alimento: Barra energética con hidratos de carbono. Sabor multifrutas","Nombre del operador: Nutrition & Santé Iberia, S.L.","Dirección del operador: c/ Jesús Serra i Santamans, nº 4 - 1ª planta. 08174 Sant Cugat del Vallés - Barcelona","Cantidad Neta: 40 g","Número de raciones por envase: 1"],"ingredients":[" Copos de avena, jarabe de glucosa, azúcar, jarabe de azúcar invertido, harina de arroz, dextrosa, grasas vegetales (coco, palmiste, palma y karité) en proporciones variables, cortezas de naranja confitadas 5,5%, jarabe de glucosa-fructosa, harina de trigo, arroz inflado, dados de manzana 3,1%, grasa vegetal de palma, leche descremada en polvo, lactosuero en polvo, malta de trigo, gluten de trigo, sal, acidulante: ácido cítrico, almidón, estabilizadores: sorbitoles y glicerina, aromas, piña 0,76%, sal, emulgentes: lecitinas de nabina y soja, vitaminas C, Niacina, B6, B1, B2, E (lactosa y proteínas de leche). Información alérgenos: www.isostar.com."],"conservation":" Conservar en un lugar fresco y seco.","ean":"0000076121340"},{"full_name":"VICTORY Endurance barrita energética baja en grasa sabor frutas tropicales envase 85 g","name":"Endurance barrita energética baja en grasa sabor frutas tropicales envase 85 g","brand":"VICTORY ","img":"https://sgfm.elcorteingles.es/SGFM/02/02/2/0120746802022/0120746802022000g01011.jpg","price":"1,85 €","price_unit":"(21,76 € / Kilo)","categories":["Supermercado","Dietéticos","Nutrición deportiva","Suplementos en barritas","VICTORY Endurance barrita energética baja en grasa sabor frutas tropicales envase 85 g"],"general_information":["Denominación del alimento: Barrita energética de avena y frutas.","Nombre del operador: Weider Nutrition, S.L.","Dirección del operador: C/ Electrónica, 39/41 - 28923 Alcorcón (Madrid)","Cantidad Neta: 85 g"],"ingredients":[" Avena (46 %), sirope de azúcar, azúcar, mantequilla, margarina (grasas y aceites vegetales, agua, regulador de acidez (ácido cítrico)), pasas (3%), piña cristalizada (2%), papaya cristalizada (2%), semillas de girasol (1%), especias.Puede contener trazas de gluten, leche, soja y nueces."],"conservation":" Conservar en lugar fresco, seco y oscuro.","ean":"8414192304983"},{"full_name":"VICTORY Endurance barrita energética baja en grasa sabor banana y chocolate blanco envase 85 g","name":"Endurance barrita energética baja en grasa sabor banana y chocolate blanco envase 85 g","brand":"VICTORY ","img":"https://sgfm.elcorteingles.es/SGFM/dctm/MEDIA02/CONTENIDOS/201504/09/00120746802998____1__600x600.jpg","price":"1,85 €","price_unit":"(21,76 € / Kilo)","categories":["Supermercado","Dietéticos","Nutrición deportiva","Suplementos en barritas","VICTORY Endurance barrita energética baja en grasa sabor banana y chocolate blanco envase 85 g"],"general_information":["Denominación del alimento: Barrita energética de avena","Nombre del operador: Weider Nutrition, S.L.","Dirección del operador: C/ Electrónica, 39/41 - 28923 Alcorcón (Madrid)","Cantidad Neta: 85 g"],"ingredients":[" Avena (34%) (con gluten de avena), sirope de melaza, aceites vegetales no hidrogenados (aceite de palma y de colza), sacarosa, mantequilla, chips de banana (4%), banana (55%), aceite de coco, sacarosa y aroma natural), chocolate blanco (2%) (sacarosa, leche entera en polvo, manteca de cacao, leche en polvo desnatada, emulsionante (lecitina de soja) y aromatizante), aroma natural y sal.Contiene avena, productos lácteos y soja. Puede contener trazas de huevo y gluten de trigo."],"conservation":" Conservar en lugar fresco, seco y oscuro.","ean":"8414192308516"},{"full_name":"VICTORY Endurance Recovery Bar wafer de proteínas sabor chocolate con leche y yogur envase 50 g","name":"Endurance Recovery Bar wafer de proteínas sabor chocolate con leche y yogur envase 50 g","brand":"VICTORY ","img":"https://sgfm.elcorteingles.es/SGFM/02/52/7/0120746802527/0120746802527000g01011.jpg","price":"1,30 €","price_unit":"(26 € / Kilo)","categories":["Supermercado","Dietéticos","Nutrición deportiva","Suplementos en barritas","VICTORY Endurance Recovery Bar wafer de proteínas sabor chocolate con leche y yogur envase 50 g"],"general_information":["Denominación del alimento: Barrita con galleta y 32% de proteína.","Nombre del operador: Weider Nutrition, S.L.","Dirección del operador: C/ Electrónica, 39/41 - 28923 Alcorcón (Madrid)","Cantidad Neta: 50 g"],"ingredients":[" Mezcla de proteínas de leche, cobertura de chocolate con leche (azúcar, manteca de cacao, leche descremada en polvo, pasta de cacao, lactosuero, mantequilla anhidra, emulgente: lecitina de soja, aroma natural de vainilla, aromas) (20%), grasa vegetal no hidrogenada, fructosa, harina de trigo, azúcar, manteca de cacao, leche descremada en polvo, emulgente (lecitina de soja y E-476), espesante (goma guar), gasificantes (bicarbonato amónico y bicarbonato sódico), aromas, complejo vitamínico y edulcorante (sucralosa).Contiene lactosa, gluten, leche y soja. Puede contener trazas de frutos secos y huevo."],"conservation":" Conservar en lugar fresco, seco y oscuro.","ean":"8414192306031"},{"full_name":"VICTORY Endurance Recovery Bar wafer de proteínas sabor chocolate con leche envase 35 g","name":"Endurance Recovery Bar wafer de proteínas sabor chocolate con leche envase 35 g","brand":"VICTORY ","img":"https://sgfm.elcorteingles.es/SGFM/02/48/5/0120746802485/0120746802485000g01011.jpg","price":"1,30 €","price_unit":"(37,14 € / Kilo)","categories":["Supermercado","Dietéticos","Nutrición deportiva","Suplementos en barritas","VICTORY Endurance Recovery Bar wafer de proteínas sabor chocolate con leche envase 35 g"],"general_information":["Denominación del alimento: Barrita con galleta y 32% de proteína","Nombre del operador: Weider Nutrition, S.L.","Dirección del operador: C/ Electrónica, 39/41 - 28923 Alcorcón (Madrid)","Cantidad Neta: 35 g"],"ingredients":[" Mezcla de proteínas de leche, cobertura de chocolate con leche (25,71%) (azúcar, manteca de cacao, leche descremada en polvo, pasta de cacao, lactosuero, mantequilla anhidra, emulgente: lecitina de soja, aroma natural de vainilla, aromas), chocolate negro (11,07%) (pasta de cacao, azúcar, manteca de cacao, emulgente: lecitina de soja, aromas: vainillina y vainilla), harina de trigo, grasa vegetal no hidrogenada, fructosa, emulgente (lecitina de soja y E-476), aromas, espesante (goma guar), gasificantes (bicarbonato amónico y bicarbonato sódico), complejo vitamínico y edulcorante (sucralosa).Contiene lactosa, gluten, leche y soja. Puede contener trazas de frutos secos y huevo."],"conservation":" Conservar en lugar fresco, seco y oscuro.","ean":"8414192306000"},{"full_name":"VICTORY Endurance Recovery Bar wafer de proteínas sabor chocolate con avellana envase 50 g","name":"Endurance Recovery Bar wafer de proteínas sabor chocolate con avellana envase 50 g","brand":"VICTORY ","img":"https://sgfm.elcorteingles.es/SGFM/dctm/MEDIA02/CONTENIDOS/201504/09/00120746803327____1__600x600.jpg","price":"1,50 €","price_unit":"(30 € / Kilo)","categories":["Supermercado","Dietéticos","Nutrición deportiva","Suplementos en barritas","VICTORY Endurance Recovery Bar wafer de proteínas sabor chocolate con avellana envase 50 g"],"general_information":["Denominación del alimento: Barrita con galleta y 32% de proteina","Nombre del operador: Weider Nutrition, S.L.","Dirección del operador: C/ Electrónica, 39/41 - 28923 Alcorcón (Madrid)","Cantidad Neta: 420 g"],"ingredients":[" Mezcla de proteínas de leche, cobertura de chocolate con leche (20%) (azúcar, manteca de cacao, leche descremada en polvo, pasta de cacao, lactosuero, mantequilla anhidra, emulgente: lecitina de soja, aroma natural de vainilla, aromas), fructosa, grasa vegetal no hidrogenada, avellana tostada en polvo (7,10%), harina de trigo, azúcar, manteca de cacao, leche descremada en polvo, emulgente (lecitina de soja y E-476), espesante (goma guar), gasificantes (bicarbonato amónico y bicarbonato sódico), aromas, complejo vitamínico y edulcorante (sucralosa). Contiene lactosa, gluten, leche y soja. Puede contener trazas de frutos secos y huevo."],"conservation":" Conservar en lugar fresco, seco y oscuro.","ean":"8414192308806"},{"full_name":"VICTORY Endurance Recovery Bar wafer de proteínas 32% sabor piña colada envase 50 g","name":"Endurance Recovery Bar wafer de proteínas 32% sabor piña colada envase 50 g","brand":"VICTORY ","img":"https://sgfm.elcorteingles.es/SGFM/dctm/MEDIA02/CONTENIDOS/201504/09/00120746803335____1__600x600.jpg","price":"1,50 €","price_unit":"(30 € / Kilo)","categories":["Supermercado","Dietéticos","Nutrición deportiva","Suplementos en barritas","VICTORY Endurance Recovery Bar wafer de proteínas 32% sabor piña colada envase 50 g"],"general_information":["Denominación del alimento: Barrita con galleta y 32% de proteina","Nombre del operador: Weider Nutrition, S.L.","Dirección del operador: C/ Electrónica, 39/41 - 28923 Alcorcón (Madrid)","Cantidad Neta: 420 g"],"ingredients":[" Mezcla de proteínas de leche, cobertura de chocolate con leche (20%) (azúcar, manteca de cacao, leche descremada en polvo, pasta de cacao, lactosuero, mantequilla anhidra, emulgente: lecitina de soja, aroma natural de vainilla, aromas), grasa vegetal no hidrogenada, harina de trigo, azúcar, coco deshidratado en polvo (4,66%), piña deshidratada en polvo (4,66%), manteca de cacao, fructosa, leche descremada en polvo, emulgente (lecitina de soja y E-476), espesante (goma guar), gasificantes (bicarbonato amónico y bicarbonato sódico), aromas, complejo vitamínico y edulcorante (sucralosa). Contiene lactosa, gluten, leche y soja. Puede contener trazas de frutos secos y huevo."],"conservation":" Conservar en lugar fresco, seco y oscuro.","ean":"8414192308790"},{"full_name":"WEIDER barrita 25% proteínas sabor avellana pack 3 barritas envase 105 g","name":"barrita 25% proteínas sabor avellana pack 3 barritas envase 105 g","brand":"WEIDER ","img":"https://sgfm.elcorteingles.es/SGFM/dctm/MEDIA03/201707/17/00120746600194____1__600x600.jpg","price":"3,90 €","price_unit":"(37,14 € / Kilo)","categories":["Supermercado","Dietéticos","Nutrición deportiva","Suplementos en barritas","WEIDER barrita 25% proteínas sabor avellana pack 3 barritas envase 105 g"],"general_information":[],"ingredients":[],"ean":"8414192310922"},{"full_name":"WEIDER barrita 27% proteínas sabor chocolate blanco pack 3 barritas envase 105 g","name":"barrita 27% proteínas sabor chocolate blanco pack 3 barritas envase 105 g","brand":"WEIDER ","img":"https://sgfm.elcorteingles.es/SGFM/dctm/MEDIA03/201707/17/00120746600202____1__600x600.jpg","price":"3,90 €","price_unit":"(37,14 € / Kilo)","categories":["Supermercado","Dietéticos","Nutrición deportiva","Suplementos en barritas","WEIDER barrita 27% proteínas sabor chocolate blanco pack 3 barritas envase 105 g"],"general_information":[],"ingredients":[],"ean":"8414192310960"},{"full_name":"WEIDER Yippie barrita 36% proteína baja en carbohidratos y azúcar sabor cacahuete caramelo envase 45 g","name":"Yippie barrita 36% proteína baja en carbohidratos y azúcar sabor cacahuete caramelo envase 45 g","brand":"WEIDER ","img":"https://sgfm.elcorteingles.es/SGFM/dctm/MEDIA03/201606/13/00120746600145____1__600x600.jpg","price":"2,30 €","categories":["Supermercado","Dietéticos","Nutrición deportiva","Suplementos en barritas","WEIDER Yippie barrita 36% proteína baja en carbohidratos y azúcar sabor cacahuete caramelo envase 45 g"],"general_information":[],"ingredients":[],"ean":"4044782307274"},{"full_name":"WEIDER Yippie barrita 36% proteína baja en carbohidratos y azúcar sabor brownie-vainilla envase 45 g","name":"Yippie barrita 36% proteína baja en carbohidratos y azúcar sabor brownie-vainilla envase 45 g","brand":"WEIDER ","img":"https://sgfm.elcorteingles.es/SGFM/dctm/MEDIA03/201608/18/00120746600178____1__600x600.jpg","price":"2,30 €","categories":["Supermercado","Dietéticos","Nutrición deportiva","Suplementos en barritas","WEIDER Yippie barrita 36% proteína baja en carbohidratos y azúcar sabor brownie-vainilla envase 45 g"],"general_information":[],"ingredients":[],"ean":"4044782307175"},{"full_name":"WEIDER barrita de proteínas 32% sabor chocolate banana envase 60 g","name":"barrita de proteínas 32% sabor chocolate banana envase 60 g","brand":"WEIDER ","img":"https://sgfm.elcorteingles.es/SGFM/02/55/0/0120746802550/0120746802550000g01011.jpg","price":"2,29 €","price_unit":"(38,17 € / Kilo)","categories":["Supermercado","Dietéticos","Nutrición deportiva","Suplementos en barritas","WEIDER barrita de proteínas 32% sabor chocolate banana envase 60 g"],"general_information":["Denominación del alimento: Barrita con 32% de proteína","Nombre del operador: Weider Nutrition, S.L.","Dirección del operador: C/ Electrónica, 39/41 - 28923 Alcorcón (Madrid)","Cantidad Neta: 60 g"],"ingredients":[" Proteínas de leche, jarabe de glucosa, 20% chocolate con leche (azúcar, manteca de cacao, leche en polvo, masa de cacao, emulgente: lecitina de soja; aroma), jarabe de fructosa, grasa de palma, hidrolizado de proteína de colágeno, dextrosa, 0,3% copos de plátano, aroma, sal, clara de huevo en polvo.Contiente lactosa. Puede contener trazas de gluten, soja y huevo."],"conservation":" Conservar en lugar fresco, seco y oscuro.","ean":"4044782308073"},{"full_name":"WEIDER barrita 40% proteínas sabor chocolate envase 50 g","name":"barrita 40% proteínas sabor chocolate envase 50 g","brand":"WEIDER ","img":"https://sgfm.elcorteingles.es/SGFM/dctm/MEDIA03/201707/17/00120746600228____1__600x600.jpg","price":"2,29 €","price_unit":"(45,80 € / Kilo)","categories":["Supermercado","Dietéticos","Nutrición deportiva","Suplementos en barritas","WEIDER barrita 40% proteínas sabor chocolate envase 50 g"],"general_information":["Denominación del alimento: Barrita con 40% de proteína","Nombre del operador: Weider Nutrition, S.L.","Dirección del operador: C/ Electrónica, 39/41 - 28923 Alcorcón (Madrid)","Cantidad Neta: 50 g","Otras menciones obligatorias en la etiqueta: El consumo excesivo puede tener un efecto laxante."],"ingredients":[" 18% Chocolate con leche (edulcorante: maltitol; manteca de cacao, leche en polvo, masa de cacao, emulgente: lecitina de soja; aroma, proteínas de leche, hidrolizado de proteína de colágeno, humectante: glicerina; agente de carga: polidextrosa; proteínas de soja, fructooligosacárido, aceite de oliva, 1,5% cacao en polvo bajo en grasa, aroma, emulgente: lecitina de soja; edulcorante: sucralosa.Contiene lactosa.Puede contener trazas de huevo, gluten, sésamo, cacahuetes y de otras nueces comestibles."],"conservation":" Conservar en lugar fresco, seco y oscuro.","ean":"4044782321478"},{"full_name":"WEIDER barrita 40% proteínas sabor cacahuete y caramelo envase 50 g","name":"barrita 40% proteínas sabor cacahuete y caramelo envase 50 g","brand":"WEIDER ","img":"https://sgfm.elcorteingles.es/SGFM/dctm/MEDIA03/201707/17/00120746600236____1__600x600.jpg","price":"2,29 €","price_unit":"(4,58 € / Kilo)","categories":["Supermercado","Dietéticos","Nutrición deportiva","Suplementos en barritas","WEIDER barrita 40% proteínas sabor cacahuete y caramelo envase 50 g"],"general_information":[],"ingredients":[],"ean":"4044782321577"},{"full_name":"NUTRISPORT barrita proteica sabor vainilla y cookies unidad 44 g","name":"barrita proteica sabor vainilla y cookies unidad 44 g","brand":"NUTRISPORT ","img":"https://sgfm.elcorteingles.es/SGFM/02/34/5/0120746802345/0120746802345000g01011.jpg","price":"1,39 €","price_unit":"(31,59 € / Kilo)","categories":["Supermercado","Dietéticos","Nutrición deportiva","Suplementos en barritas","NUTRISPORT barrita proteica sabor vainilla y cookies unidad 44 g"],"general_information":[],"ingredients":[],"ean":"8424644001001"},{"full_name":"NUTRISPORT barrita proteica sabor chocolate envase 44 g","name":"barrita proteica sabor chocolate envase 44 g","brand":"NUTRISPORT ","img":"https://sgfm.elcorteingles.es/SGFM/dctm/MEDIA03/201605/04/00120746600137____1__600x600.jpg","price":"1,60 €","categories":["Supermercado","Dietéticos","Nutrición deportiva","Suplementos en barritas","NUTRISPORT barrita proteica sabor chocolate envase 44 g"],"general_information":[],"ingredients":[],"ean":"8424644000998"},{"full_name":"NUTRISPORT barrita proteica sabor plátano unidad 44 g","name":"barrita proteica sabor plátano unidad 44 g","brand":"NUTRISPORT ","img":"https://sgfm.elcorteingles.es/SGFM/02/35/2/0120746802352/0120746802352000g01011.jpg","price":"1,39 €","price_unit":"(31,59 € / Kilo)","categories":["Supermercado","Dietéticos","Nutrición deportiva","Suplementos en barritas","NUTRISPORT barrita proteica sabor plátano unidad 44 g"],"general_information":[],"ingredients":[],"ean":"8424644421458"},{"full_name":"NUTRISPORT barrita proteica sabor coco unidad 44 g","name":"barrita proteica sabor coco unidad 44 g","brand":"NUTRISPORT ","img":"https://sgfm.elcorteingles.es/SGFM/02/36/0/0120746802360/0120746802360000g01011.jpg","price":"1,39 €","price_unit":"(31,59 € / Kilo)","categories":["Supermercado","Dietéticos","Nutrición deportiva","Suplementos en barritas","NUTRISPORT barrita proteica sabor coco unidad 44 g"],"general_information":[],"ingredients":[],"ean":"8424644420956"},{"full_name":"NUTRISPORT barrita proteica sabor yogur y manzana envase 44 g","name":"barrita proteica sabor yogur y manzana envase 44 g","brand":"NUTRISPORT ","img":"https://sgfm.elcorteingles.es/SGFM/02/59/2/0120746802592/0120746802592000g01011.jpg","price":"1,39 €","price_unit":"(31,59 € / Kilo)","categories":["Supermercado","Dietéticos","Nutrición deportiva","Suplementos en barritas","NUTRISPORT barrita proteica sabor yogur y manzana envase 44 g"],"general_information":[],"ingredients":[],"ean":"8424644421755"},{"full_name":"NUTRISPORT Control Day barritas sustitutivas y quemagrasas con L Carnitina sabor chocolate 2 unidades envase 44 g","name":"Control Day barritas sustitutivas y quemagrasas con L Carnitina sabor chocolate 2 unidades envase 44 g","brand":"NUTRISPORT ","img":"https://sgfm.elcorteingles.es/SGFM//00/81/1/0120744400811/0120744400811000g01011.jpg","price":"1,39 €","price_unit":"(31,59 € / Kilo)","categories":["Supermercado","Dietéticos","Nutrición deportiva","Suplementos en barritas","NUTRISPORT Control Day barritas sustitutivas y quemagrasas con L Carnitina sabor chocolate 2 unidades envase 44 g"],"general_information":[],"ingredients":[],"ean":"8424644401054"},{"full_name":"NUTRISPORT Outdoor barrita energética sabor plátano sin cobertura de chocolate envase 40 g","name":"Outdoor barrita energética sabor plátano sin cobertura de chocolate envase 40 g","brand":"NUTRISPORT ","img":"https://sgfm.elcorteingles.es/SGFM/dctm/MEDIA02/CONTENIDOS/201411/20/00120746803186____1__600x600.jpg","price":"0,50 €","price_unit":"(12,50 € / Kilo)","categories":["Supermercado","Dietéticos","Nutrición deportiva","Suplementos en barritas","NUTRISPORT Outdoor barrita energética sabor plátano sin cobertura de chocolate envase 40 g"],"general_information":[],"ingredients":[],"ean":"8424644001759"},{"full_name":"NUTRISPORT barrita energética sabor yogur envase 44 g","name":"barrita energética sabor yogur envase 44 g","brand":"NUTRISPORT ","img":"https://sgfm.elcorteingles.es/SGFM/02/61/8/0120746802618/0120746802618000g01011.jpg","price":"1,39 €","price_unit":"(31,59 € / Kilo)","categories":["Supermercado","Dietéticos","Nutrición deportiva","Suplementos en barritas","NUTRISPORT barrita energética sabor yogur envase 44 g"],"general_information":[],"ingredients":[],"ean":"8424644411558"},{"full_name":"SANTIVERI barritas proteicas al cacao bañadas con chocolate envase 35 g","name":"barritas proteicas al cacao bañadas con chocolate envase 35 g","brand":"SANTIVERI ","img":"https://sgfm.elcorteingles.es/SGFM/dctm/MEDIA02/CONTENIDOS/201408/13/00200346803554____1__600x600.jpg","price":"1,54 €","price_unit":"(44 € / Kilo)","categories":["Supermercado","Dietéticos","Nutrición deportiva","Suplementos en barritas","SANTIVERI barritas proteicas al cacao bañadas con chocolate envase 35 g"],"general_information":[],"ingredients":[],"ean":"8412170030183"},{"full_name":"SANTIVERI barritas proteicas sabor vainilla bañadas con chocolate envase 35 g","name":"barritas proteicas sabor vainilla bañadas con chocolate envase 35 g","brand":"SANTIVERI ","img":"https://sgfm.elcorteingles.es/SGFM/dctm/MEDIA02/CONTENIDOS/201408/13/00200346803562____1__600x600.jpg","price":"1,54 €","price_unit":"(44 € / Kilo)","categories":["Supermercado","Dietéticos","Nutrición deportiva","Suplementos en barritas","SANTIVERI barritas proteicas sabor vainilla bañadas con chocolate envase 35 g"],"general_information":["Denominación del alimento: BARRITAS PROTEICAS SABOR VAINILLA C","Nombre del operador: CASA SANTIVERI S.L.","Dirección del operador: ENCUNY 8, 08038 BARCELONA","Cantidad Neta: 35 g"],"ingredients":[" jarabe de glucosa, CASEINATO CÁLCICO, COBERTURA DE CHOCOLATE CON LECHE (14,3%), azúcar, manteca de cacao, LECHE ENTERA EN POLVO, pasta de cacao, SUERO DE LECHE, LECITINA DE SOJA (EMULGENTE), aroma, azucar de caña integral, fosfato de calcio, óxido de magnesio, cloruro potásico, lactato de zinc, sulfato de hierro, gluconato de cobre, sulfato de manganeso, yoduro potásico, vitamina a (acetato de retinilo), vitamina d (colecalciferol), vitamina e (acetato de d-alfatocoferilo), vitamina c (ácido l-ascórbico), vitamina b1 (clorhidrato de tiamina), vitamina b2 (riboflavina), vitamina b3 (nicotinamida), vitamina b6 (clorhidrato de piridoxina), vitamina b9 (ácido pteroilmonoglutámico), vitamina b12 (cianocobalamina), vitamina h (d-biotina), vitamina b5 (d-pantotenato cálcico), vitamina k (filoquinona)"],"ean":"8412170030169"},{"full_name":"SANTIVERI barritas energéticas bañadas en chocolate envase 50 g","name":"barritas energéticas bañadas en chocolate envase 50 g","brand":"SANTIVERI ","img":"https://sgfm.elcorteingles.es/SGFM/dctm/MEDIA03/201709/27/00120747300273____1__600x600.jpg","price":"1,65 €","price_unit":"(3,30 € / 100 gr.)","categories":["Supermercado","Dietéticos","Nutrición deportiva","Suplementos en barritas","SANTIVERI barritas energéticas bañadas en chocolate envase 50 g"],"general_information":["Denominación del alimento: BARRITAS ENERGETICAS BAÑADAS CON CH","Nombre del operador: CASA SANTIVERI S.L.","Dirección del operador: ENCUNY 8, 08038 BARCELONA","Cantidad Neta: 50 g"],"ingredients":[" dextrosa, jarabe de glucosa, CASEINATO CÁLCICO, COBERTURA DE CHOCOLATE NEGRO (12%), COBERTURA DE CHOCOLATE NEGRO (12%), COBERTURA DE CHOCOLATE NEGRO (12%), pasta de cacao, maltitol (edulcorante), manteca de cacao, LECITINA DE SOJA (EMULGENTE), fructosa, LACTOSUERO, aroma, vitamina c (ácido l-ascórbico), vitamina b3 (nicotinamida), vitamina e (dl-alfatocoferol), vitamina b5 (d-pantotenato cálcico), vitamina b6 (clorhidrato de piridoxina), vitamina b2 (riboflavina), vitamina b1 (clorhidrato de tiamina), vitamina a (retinol), vitamina b9 (ácido pteroilmonoglutámico), vitamina h (d-biotina), vitamina k (filoquinona), vitamina d (colecalciferol), vitamina b12 (cianocobalamina)"],"ean":"8412170012745"},{"full_name":"SPECIAL LINE batido de proteínas sabor chocolate botella 230 ml","name":"batido de proteínas sabor chocolate botella 230 ml","brand":"SPECIAL LINE ","img":"https://sgfm.elcorteingles.es/SGFM/dctm/MEDIA03/201606/03/00120746700051____1__600x600.jpg","price":"1,98 €","price_unit":"(8,61 € / Litro)","categories":["Supermercado","Dietéticos","Nutrición deportiva","Suplementos líquidos","SPECIAL LINE batido de proteínas sabor chocolate botella 230 ml"],"general_information":["Denominación del alimento: Complemento alimenticio rico en proteínas. Con edulcorantes.","Nombre del operador: Elaborado para el\nGrupo El Corte Inglés\nHermosilla, 112. 28009 - Madrid - España\npor NIF: A-08650509"],"ingredients":[" Ingredientes: Agua, proteínas lácteas(*), leche desnatada(*),  fibras (polidextrosa y dextrina de maíz),  cacao desgrasado en polvo, aromas, cloruro de sodio, edulcorantes (ciclamato sódico y acesulfamo de potasio), estabilizante (fosfato potásico), espesante (goma guar y goma xantana), complejo vitamínico (maltodextrina, ácido L-ascórbico, acetato de DL-alfa tocoferilo, nicotinamida, D-pantotenato cálcico, acetato de retinilo,  clorhidrato de piridoxina, riboflavina,  clorhidrato de tiamina, ácido pteroilmonoglutámico, D-biotina y cianocobalamina). \n*Contiene lactosa y derivados de soja."],"conservation":" Conservar en lugar fesco y seco. Una vez abierto, conservar en nevera un máximo de 24 h","ean":"8433329052344"},{"full_name":"SPECIAL LINE gel energético sabor limón envase 65 g","name":"gel energético sabor limón envase 65 g","brand":"SPECIAL LINE ","img":"https://sgfm.elcorteingles.es/SGFM/dctm/MEDIA03/201607/20/00120747000600____2__600x600.jpg","price":"0,75 €","price_unit":"(11,54 € / Kilo)","categories":["Supermercado","Dietéticos","Nutrición deportiva","Suplementos líquidos","SPECIAL LINE gel energético sabor limón envase 65 g"],"general_information":["Denominación del alimento: Complemento alimenticio a base de hidratos de carbono y vitaminas.","Nombre del operador: Elaborado para el\nGrupo El Corte Inglés\nHermosilla, 112. 28009 - Madrid - España\npor NIF: A-08650509","Cantidad Neta: 65 g"],"ingredients":[" Ingredientes: Agua,  jarabe de glucosa deshidratado, dextrosa, fructosa, maltodextrina, zumo concentrado de limón, aromas, complejo mineral (citrato de sodio, cloruro de sodio y cloruro de potasio), L-arginina, complejo vitamínico (ácido L-ascórbico, clorhidrato de piridoxina, riboflavina y clorhidrato de tiamina)  y conservantes (sorbato potásico y benzoato sódico)."],"conservation":" Conservar en lugar fresco y seco","ean":"8433329052290"},{"full_name":"SPECIAL LINE gel energético sabor fresa envase 65 g","name":"gel energético sabor fresa envase 65 g","brand":"SPECIAL LINE ","img":"https://sgfm.elcorteingles.es/SGFM/dctm/MEDIA03/201606/03/00120747000584____1__600x600.jpg","price":"0,75 €","price_unit":"(11,54 € / Kilo)","categories":["Supermercado","Dietéticos","Nutrición deportiva","Suplementos líquidos","SPECIAL LINE gel energético sabor fresa envase 65 g"],"general_information":["Denominación del alimento: Complemento alimenticio a base de hidratos de carbono y vitaminas.","Nombre del operador: Elaborado para el\nGrupo El Corte Inglés\nHermosilla, 112. 28009 - Madrid - España\npor NIF: A-08650509","Cantidad Neta: 65 g"],"ingredients":[" Ingredientes: Agua,  jarabe de glucosa deshidratado, dextrosa, fructosa, maltodextrina, aromas, zumo concentrado de limón, acidulante (ácido málico), complejo mineral (citrato de sodio , cloruro de sodio y cloruro de potasio), L-arginina, complejo vitamínico (ácido L-ascórbico, clorhidrato de piridoxina, riboflavina y clorhidrato de tiamina)  y conservantes (sorbato potásico y benzoato sódico)."],"conservation":" Conservar en lugar fresco y seco","ean":"8433329052283"},{"full_name":"WEIDER Body Shaper batido de proteína bajo en carbohidratos sabor vainilla envase 250 ml","name":"Body Shaper batido de proteína bajo en carbohidratos sabor vainilla envase 250 ml","brand":"WEIDER ","img":"https://sgfm.elcorteingles.es/SGFM/01/42/0/0120746801420/0120746801420000g01011.jpg","price":"2,89 €","price_unit":"(11,56 € / Litro)","categories":["Supermercado","Dietéticos","Nutrición deportiva","Suplementos líquidos","WEIDER Body Shaper batido de proteína bajo en carbohidratos sabor vainilla envase 250 ml"],"general_information":["Denominación del alimento: Bebida proteica baja en calorías con leche desnatada y proteínas añadidas.","Nombre del operador: Weider Nutrition, S.L.","Dirección del operador: C/ Electrónica, 39/41 - 28923 Alcorcón (Madrid)","Cantidad Neta: 250 g","Otras menciones obligatorias en la etiqueta: Con edulcorantes. Tratada térmicamente (esterilizada)."],"ingredients":[" Leche desnatada, proteínas lácticas, aroma, edulcorante: ciclamato sódico, acesulfamo K y sacarina sódica; colorantes: riboflavina y betacaroteno; estabilizador: carragenano.  Contiene lactosa. Puede contener trazas de gluten, soja y huevo."],"conservation":" Conservar en lugar fresco, seco y oscuro.","ean":"4044782389539"},{"full_name":"WEIDER bebida isotónica sabor naranja con bidón bote 420 g","name":"bebida isotónica sabor naranja con bidón bote 420 g","brand":"WEIDER ","img":"https://sgfm.elcorteingles.es/SGFM/dctm/MEDIA03/201707/26/00120747200119____2__600x600.jpg","price":"6,50 €","price_unit":"(15,48 € / Kilo)","categories":["Supermercado","Dietéticos","Nutrición deportiva","Suplementos líquidos","WEIDER bebida isotónica sabor naranja con bidón bote 420 g"],"general_information":[],"ingredients":[],"ean":"8414192310915"},{"full_name":"VICTORY Endurance Energy gel energizante con cafeína sabor cola pack 3 sobres 40 g","name":"Endurance Energy gel energizante con cafeína sabor cola pack 3 sobres 40 g","brand":"VICTORY ","img":"https://sgfm.elcorteingles.es/SGFM/dctm/MEDIA03/201707/17/00120747000766____1__600x600.jpg","price":"3,19 €","price_unit":"(26,58 € / Kilo)","categories":["Supermercado","Dietéticos","Nutrición deportiva","Suplementos líquidos","VICTORY Endurance Energy gel energizante con cafeína sabor cola pack 3 sobres 40 g"],"general_information":[],"ingredients":[],"ean":"8414192310984"},{"full_name":"VICTORY Endurance Energy gel energizante sabor sandía pack 3 sobres 40 g","name":"Endurance Energy gel energizante sabor sandía pack 3 sobres 40 g","brand":"VICTORY ","img":"https://sgfm.elcorteingles.es/SGFM/dctm/MEDIA03/201707/17/00120747000758____1__600x600.jpg","price":"3,19 €","price_unit":"(26,58 € / Kilo)","categories":["Supermercado","Dietéticos","Nutrición deportiva","Suplementos líquidos","VICTORY Endurance Energy gel energizante sabor sandía pack 3 sobres 40 g"],"general_information":[],"ingredients":[],"ean":"8414192310977"},{"full_name":"VICTORY Endurance Energy Up gel sabor naranja envase 40 g","name":"Endurance Energy Up gel sabor naranja envase 40 g","brand":"VICTORY ","img":"https://sgfm.elcorteingles.es/SGFM/dctm/MEDIA02/CONTENIDOS/201409/22/00120747000295____1__600x600.jpg","price":"1,25 €","price_unit":"(31,25 € / Kilo)","categories":["Supermercado","Dietéticos","Nutrición deportiva","Suplementos líquidos","VICTORY Endurance Energy Up gel sabor naranja envase 40 g"],"general_information":["Denominación del alimento: Gel energético con alto contenido en carbohidratos.","Nombre del operador: Weider Nutrition, S.L.","Dirección del operador: C/ Electrónica, 39/41 - 28923 Alcorcón (Madrid)","Cantidad Neta: 40 g"],"ingredients":[" Agua, dextrosa, sacarosa, fructosa, acidulante (ácido cítrico), complejo mineral (citrato sódico, cloruro sódico), aroma, gelificante (goma xantana), conservadores (sorbato potásico, benzoato sódico).Puede contener trazas de gluten, lactosa, soja y huevo."],"conservation":" Conservar en lugar fresco, seco y oscuro.","ean":"8414192308042"},{"full_name":"VICTORY Endurance Energy Up gel sabor limón envase 40 g","name":"Endurance Energy Up gel sabor limón envase 40 g","brand":"VICTORY ","img":"https://sgfm.elcorteingles.es/SGFM/00/30/3/0120747000303/0120747000303000g01011.jpg","price":"1,25 €","price_unit":"(31,25 € / Kilo)","categories":["Supermercado","Dietéticos","Nutrición deportiva","Suplementos líquidos","VICTORY Endurance Energy Up gel sabor limón envase 40 g"],"general_information":["Denominación del alimento: Gel energético con alto contenido en carbohidratos.","Nombre del operador: Weider Nutrition, S.L.","Dirección del operador: C/ Electrónica, 39/41 - 28923 Alcorcón (Madrid)","Cantidad Neta: 40 g"],"ingredients":[" Agua, dextrosa, sacarosa, fructosa, acidulante (ácido cítrico), complejo mineral (citrato sódico, cloruro sódico), aroma, gelificante (goma xantana), conservadores (sorbato potásico, benzoato sódico).Puede contener trazas de gluten, lactosa, soja y huevo."],"conservation":" Conservar en lugar fresco, seco y oscuro.","ean":"8414192308059"},{"full_name":"VICTORY Endurance Energy Boost suplemento deportivo en gel energético sabor naranja envase 42 g","name":"Endurance Energy Boost suplemento deportivo en gel energético sabor naranja envase 42 g","brand":"VICTORY ","img":"https://sgfm.elcorteingles.es/SGFM/00/19/2/0200347000192/0200347000192000g01011.jpg","price":"2,09 €","price_unit":"(49,76 € / Kilo)","categories":["Supermercado","Dietéticos","Nutrición deportiva","Suplementos líquidos","VICTORY Endurance Energy Boost suplemento deportivo en gel energético sabor naranja envase 42 g"],"general_information":["Denominación del alimento: Complemento Alimenticio a base de hidratos de carbono, vitaminas, minerales y aminoácidos.","Nombre del operador: Weider Nutrition, S.L.","Dirección del operador: C/ Electrónica, 39/41 - 28923 Alcorcón (Madrid)","Cantidad Neta: 42 g","Otras menciones obligatorias en la etiqueta: 42g contienen: L-Leucina 150mg; L-Valina 70 mg; L-Isoleucina 70 mg; L-Arginina 70 mg; L-Taurina 50 mg."],"ingredients":[" Carbohidratos (maltodextrina y sirope de glucosa), agua, BCAA´s (L-Leucina, L-Valina, L-Isoleucina), minerales (carbonato de magnesio, cloruro potásico, cloruro de sodio), L-Arginina, taurina, vitaminas (B6 y B1), acidificante (Ácido cítrico), aroma (aroma naranja), colorante (beta caroteno) estabilizante (pectina) y conservadores (sorbato de potasio).Puede contener trazas de lactosa, soja, gluten y huevo."],"conservation":" Conservar en lugar fresco, seco y oscuro.","ean":"8414192304945"},{"full_name":"VICTORY Endurance Magnesium Plus Gel sabor tropical recuperación muscular envase 35 ml","name":"Endurance Magnesium Plus Gel sabor tropical recuperación muscular envase 35 ml","brand":"VICTORY ","img":"https://sgfm.elcorteingles.es/SGFM/dctm/MEDIA02/CONTENIDOS/201510/26/00120747000659____1__600x600.jpg","price":"1,42 €","price_unit":"(40,57 € / Litro)","categories":["Supermercado","Dietéticos","Nutrición deportiva","Suplementos líquidos","VICTORY Endurance Magnesium Plus Gel sabor tropical recuperación muscular envase 35 ml"],"general_information":[],"ingredients":[],"ean":"8414192308912"},{"full_name":"NUTRISPORT Hidrogel energía e hidratación sabor cola envase 65 ml","name":"Hidrogel energía e hidratación sabor cola envase 65 ml","brand":"NUTRISPORT ","img":"https://sgfm.elcorteingles.es/SGFM/dctm/MEDIA02/CONTENIDOS/201411/20/00120747000493____1__600x600.jpg","price":"0,25 €","price_unit":"(3,85 € / Litro)","categories":["Supermercado","Dietéticos","Nutrición deportiva","Suplementos líquidos","NUTRISPORT Hidrogel energía e hidratación sabor cola envase 65 ml"],"general_information":[],"ingredients":[],"ean":"8424644001834"},{"full_name":"NUTRISPORT Hidrogel energía e hidratación sabor limón envase 65 ml","name":"Hidrogel energía e hidratación sabor limón envase 65 ml","brand":"NUTRISPORT ","img":"https://sgfm.elcorteingles.es/SGFM/dctm/MEDIA02/CONTENIDOS/201411/20/00120747000485____1__600x600.jpg","price":"0,25 €","price_unit":"(3,85 € / Litro)","categories":["Supermercado","Dietéticos","Nutrición deportiva","Suplementos líquidos","NUTRISPORT Hidrogel energía e hidratación sabor limón envase 65 ml"],"general_information":[],"ingredients":[],"ean":"8424644001827"},{"full_name":"NUTRISPORT gel con taurina sabor fresa envase 40 g","name":"gel con taurina sabor fresa envase 40 g","brand":"NUTRISPORT ","img":"https://sgfm.elcorteingles.es/SGFM/00/35/8/0200347000358/0200347000358000g01011.jpg","price":"1,39 €","price_unit":"(34,75 € / Kilo)","categories":["Supermercado","Dietéticos","Nutrición deportiva","Suplementos líquidos","NUTRISPORT gel con taurina sabor fresa envase 40 g"],"general_information":[],"ingredients":[],"ean":"8424644770716"},{"full_name":"NUTRISPORT gel con taurina sabor limón envase 40 g","name":"gel con taurina sabor limón envase 40 g","brand":"NUTRISPORT ","img":"https://sgfm.elcorteingles.es/SGFM/00/34/1/0200347000341/0200347000341000g01011.jpg","price":"1,39 €","price_unit":"(34,75 € / Kilo)","categories":["Supermercado","Dietéticos","Nutrición deportiva","Suplementos líquidos","NUTRISPORT gel con taurina sabor limón envase 40 g"],"general_information":[],"ingredients":[],"ean":"8424644770112"},{"full_name":"NUTRISPORT bebida energética Stimulred Ener Shot botella 60 ml","name":"bebida energética Stimulred Ener Shot botella 60 ml","brand":"NUTRISPORT ","img":"https://sgfm.elcorteingles.es/SGFM/00/24/6/0120747000246/0120747000246000g01011.jpg","price":"2,09 €","price_unit":"(34,83 € / Litro)","categories":["Supermercado","Dietéticos","Nutrición deportiva","Suplementos líquidos","NUTRISPORT bebida energética Stimulred Ener Shot botella 60 ml"],"general_information":[],"ingredients":[],"ean":"8424644001018"},{"full_name":"NUTRISPORT bebida energética Thermogenic Thermo Shot botella 60 ml","name":"bebida energética Thermogenic Thermo Shot botella 60 ml","brand":"NUTRISPORT ","img":"https://sgfm.elcorteingles.es/SGFM/00/27/9/0120747000279/0120747000279000g01011.jpg","price":"1,75 €","price_unit":"(29,17 € / Litro)","categories":["Supermercado","Dietéticos","Nutrición deportiva","Suplementos líquidos","NUTRISPORT bebida energética Thermogenic Thermo Shot botella 60 ml"],"general_information":[],"ingredients":[],"ean":"8424644001261"},{"full_name":"NUTRISPORT My Protein bebida con proteína de suero lácteo bajo aporte en hidratos de carbono y grasa botella 330 ml sabor vainilla","name":"My Protein bebida con proteína de suero lácteo bajo aporte en hidratos de carbono y grasa botella 330 ml","brand":"NUTRISPORT ","img":"https://sgfm.elcorteingles.es/SGFM/dctm/MEDIA03/201605/04/00120746803475____1__600x600.jpg","price":"2,75 €","categories":["Supermercado","Dietéticos","Nutrición deportiva","Suplementos líquidos","NUTRISPORT My Protein bebida con proteína de suero lácteo bajo aporte en hidratos de carbono y grasa botella 330 ml sabor vainilla"],"general_information":[],"ingredients":[],"ean":"8424644001063"},{"full_name":"NUTRISPORT bebida energética Fatburners Shot 1100 mg L-Carnitina botella 60 ml","name":"bebida energética Fatburners Shot 1100 mg L-Carnitina botella 60 ml","brand":"NUTRISPORT ","img":"https://sgfm.elcorteingles.es/SGFM/00/26/1/0120747000261/0120747000261000g01011.jpg","price":"1,75 €","price_unit":"(29,17 € / Litro)","categories":["Supermercado","Dietéticos","Nutrición deportiva","Suplementos líquidos","NUTRISPORT bebida energética Fatburners Shot 1100 mg L-Carnitina botella 60 ml"],"general_information":[],"ingredients":[],"ean":"8424644001254"},{"full_name":"NUTRISPORT My Protein bebida con proteína de suero lácteo bajo aporte en hidratos de carbono y grasa botella 330 ml sabor fresa","name":"My Protein bebida con proteína de suero lácteo bajo aporte en hidratos de carbono y grasa botella 330 ml","brand":"NUTRISPORT ","img":"https://sgfm.elcorteingles.es/SGFM/02/77/0/0200346802770/0200346802770000g01011.jpg","price":"2,70 €","price_unit":"(8,18 € / Litro)","categories":["Supermercado","Dietéticos","Nutrición deportiva","Suplementos líquidos","NUTRISPORT My Protein bebida con proteína de suero lácteo bajo aporte en hidratos de carbono y grasa botella 330 ml sabor fresa"],"general_information":[],"ingredients":[],"ean":"8424644001032"},{"full_name":"NUTRISPORT My Protein suplemento líquido sabor chocolate botella 330 ml","name":"My Protein suplemento líquido sabor chocolate botella 330 ml","brand":"NUTRISPORT ","img":"https://sgfm.elcorteingles.es/SGFM/02/79/6/0200346802796/0200346802796000g01011.jpg","price":"2,70 €","price_unit":"(8,18 € / Litro)","categories":["Supermercado","Dietéticos","Nutrición deportiva","Suplementos líquidos","NUTRISPORT My Protein suplemento líquido sabor chocolate botella 330 ml"],"general_information":[" Aporte proteico para después del ejercicio y entre horas.","Consejos: Tomar después del entrenamiento y/o entre horas.","Precauciones: Personas con problemas hepáticos o renales y/o tomando medicación."],"ingredients":["Ingredientes: Agua, Proteinas de suero lácteas (9%), Maltodextrina, Fibra\n(Polidextrosa, Inulina), Aroma, Cloruro sódico, Estabilizante\n(Trifosfato Pentasódico), L-Arginina, Edulcorantes (Acesulfame K, Sucralosa), Espesante (Goma guar, Goma xantana), Piridoxina clorhidrato. Contiene Soja."],"conservation":" Conservar en lugar fresco y seco (por debajo los 21º).","ean":"8424644001087"},{"full_name":"NUTRISPORT Fat Burners con L-Carnitina sabor frutos rojos estimula la combustión de las grasas botella 500 ml","name":"Fat Burners con L-Carnitina sabor frutos rojos estimula la combustión de las grasas botella 500 ml","brand":"NUTRISPORT ","img":"https://sgfm.elcorteingles.es/SGFM/dctm/MEDIA02/CONTENIDOS/201411/20/00120746803103____1__600x600.jpg","price":"2,09 €","price_unit":"(4,18 € / Litro)","categories":["Supermercado","Dietéticos","Nutrición deportiva","Suplementos líquidos","NUTRISPORT Fat Burners con L-Carnitina sabor frutos rojos estimula la combustión de las grasas botella 500 ml"],"general_information":[],"ingredients":[],"ean":"8424644001469"},{"full_name":"ISOSTAR Fruit & Carbs Energy Acti Food Gel suplemento energético sabor manzana envase 90 g","name":"Fruit & Carbs Energy Acti Food Gel suplemento energético sabor manzana envase 90 g","brand":"ISOSTAR ","img":"https://sgfm.elcorteingles.es/SGFM/00/07/1/0120747000071/0120747000071000g01011.jpg","price":"2,81 €","price_unit":"(3,12 € / 100 gr.)","categories":["Supermercado","Dietéticos","Nutrición deportiva","Suplementos líquidos","ISOSTAR Fruit & Carbs Energy Acti Food Gel suplemento energético sabor manzana envase 90 g"],"general_information":["Denominación del alimento: Gel energético rico en hidratos de ccarbono. Rico en vitaminas V, E y fuente de vitamina B1. Sabor manzana.","Nombre del operador: Nutrition & Santé Iberia, S.L.","Dirección del operador: c/ Jesús Serra i Santamans, nº 4 - 1ª planta. 08174 Sant Cugat del Vallés - Barcelona","Cantidad Neta: 100 g","Número de raciones por envase: 1"],"ingredients":[" Jarabe de glucosa, Puré de manzana 27%, Agua, Gelificante: pectina, Almidón modificado, Espesante: goma xantana, Zumo de limón concentrado, Aroma, Vitaminas C, E, B1. Conservador: dióxido de azufre."],"conservation":" Conservar en un lugar fresco y seco","ean":"7612100026953"}]