[{"full_name":"EL CORTE INGLES pan de molde especial tostadas 20 rebanadas bolsa 1000 g","name":"pan de molde especial tostadas 20 rebanadas bolsa 1000 g","brand":"EL CORTE INGLES ","img":"https://sgfm.elcorteingles.es/SGFM/dctm/MEDIA03/201603/11/00120654802303____1__600x600.jpg","price":"1,80 €","price_unit":"(1,80 € / Kilo)","categories":["Supermercado","Desayunos Dulces y pan","Desayunos, dulces y pan","Pan","Pan de molde con corteza","EL CORTE INGLES pan de molde especial tostadas 20 rebanadas bolsa 1000 g"],"general_information":["Denominación del alimento: Pan de molde","Nombre del operador: Distribuido para El Corte Inglés \npor PIMAD, S.A.                                                           Avda. Conde Romanones,1 - 19200 Azuqueca de Henares (Guadalajara)\nEspaña","Cantidad Neta: 1000 g","Número de raciones por envase: 20"],"ingredients":[" Ingredientes: Harina de trigo (58%), agua, levadura, sal,  aceite de girasol (1%),  azúcar, emulgentes (E-472e, E-471, E-481),  conservadores (E-282, E-200), corrector de acidez (E-270) y agente de tratamiento de la harina  (E-300). Puede contener trazas de soja y/o sésamo."],"conservation":" Mantener en lugar fresco y seco.","ean":"8433329067577"},{"full_name":"EL CORTE INGLES pan de molde con corteza original 26 rebanadas bolsa 820 g","name":"pan de molde con corteza original 26 rebanadas bolsa 820 g","brand":"EL CORTE INGLES ","img":"https://sgfm.elcorteingles.es/SGFM/dctm/MEDIA03/201603/11/00120654802287____1__600x600.jpg","price":"1,18 €","price_unit":"(1,44 € / Kilo)","categories":["Supermercado","Desayunos Dulces y pan","Desayunos, dulces y pan","Pan","Pan de molde con corteza","EL CORTE INGLES pan de molde con corteza original 26 rebanadas bolsa 820 g"],"general_information":["Denominación del alimento: Pan de molde","Nombre del operador: Distribuido para El Corte Inglés \npor PIMAD, S.A.                                                           Avda. Conde Romanones,1 - 19200 Azuqueca de Henares (Guadalajara)\nEspaña","Cantidad Neta: 820 g","Número de raciones por envase: 26"],"ingredients":[" Ingredientes: Harina de trigo (58%), agua, levadura, aceite de girasol (1%), sal, azúcar, emulgentes (E-472e, E-471, E-481),  conservadores (E-282, E-200), corrector de acidez (E-270) y agente de tratamiento de la harina  (E-300). Puede contener trazas de soja y/o sésamo."],"conservation":" Mantener en lugar fresco y seco.","ean":"8433329067584"},{"full_name":"EL CORTE INGLES pan de molde original con corteza 16 rebanadas bolsa 460 g","name":"pan de molde original con corteza 16 rebanadas bolsa 460 g","brand":"EL CORTE INGLES ","img":"https://sgfm.elcorteingles.es/SGFM/dctm/MEDIA03/201603/11/00120654802253____1__600x600.jpg","price":"0,62 €","price_unit":"(1,35 € / Kilo)","categories":["Supermercado","Desayunos Dulces y pan","Desayunos, dulces y pan","Pan","Pan de molde con corteza","EL CORTE INGLES pan de molde original con corteza 16 rebanadas bolsa 460 g"],"general_information":["Denominación del alimento: Pan de molde","Nombre del operador: Elaborado para El Corte Inglés \npor PIMAD, S.A.                                                           Avda. Conde Romanones,1 - 19200 Azuqueca de Henares (Guadalajara)\nEspaña","Cantidad Neta: 460 g","Número de raciones por envase: 16"],"ingredients":[" Ingredientes: Harina de trigo (58%), agua, levadura, aceite de girasol (1%), sal, azúcar, emulgentes (E-472e, E-471, E-481),  conservadores (E-282, E-200), corrector de acidez (E-270) y agente de tratamiento de la harina  (E-300). Puede contener trazas de soja y/o sésamo."],"conservation":" Mantener en lugar fresco y seco.","ean":"8433329067591"},{"full_name":"EL CORTE INGLES pan de molde blanco sin azúcares añadidos 16 rebanadas bolsa 460 g","name":"pan de molde blanco sin azúcares añadidos 16 rebanadas bolsa 460 g","brand":"EL CORTE INGLES ","img":"https://sgfm.elcorteingles.es/SGFM/dctm/MEDIA03/201603/11/00120654802261____1__600x600.jpg","price":"1,14 €","price_unit":"(2,48 € / Kilo)","categories":["Supermercado","Desayunos Dulces y pan","Desayunos, dulces y pan","Pan","Pan de molde con corteza","EL CORTE INGLES pan de molde blanco sin azúcares añadidos 16 rebanadas bolsa 460 g"],"general_information":["Denominación del alimento: Pan de molde sin azúcares añadidos. Contiene azúcares naturalmente presentes.","Nombre del operador: Distribuido para El Corte Inglés \npor PIMAD, S.A.                                                           Avda. Conde Romanones,1 - 19200 Azuqueca de Henares (Guadalajara)\nEspaña","Cantidad Neta: 460 g","Número de raciones por envase: 16"],"ingredients":[" Ingredientes: Harina de trigo (58%), agua, levadura, aceite de girasol (1%),  sal,  emulgentes (E-472e, E-471, E-481),  conservadores (E-282, E-200),  corrector de acidez (E-270) y  agente de tratamiento de la harina  (E-300). Puede contener trazas de soja y/o sésamo."],"conservation":" Mantener en lugar fresco y seco.","ean":"8433329067645"},{"full_name":"BIMBO pan de molde familiar bolsa 750 g","name":"pan de molde familiar bolsa 750 g","brand":"BIMBO ","img":"https://sgfm.elcorteingles.es/SGFM/dctm/MEDIA03/201612/20/00120654800349____9__600x600.jpg","price":"1,59 €","price_unit":"(2,12 € / Kilo)","categories":["Supermercado","Desayunos Dulces y pan","Desayunos, dulces y pan","Pan","Pan de molde con corteza","BIMBO pan de molde familiar bolsa 750 g"],"general_information":["Denominación del alimento: PAN DE MOLDE","Nombre del operador: Bimbo, S.A.U.","Dirección del operador: Avda Prat de la Riba s/n 08401 Granollers (Barcelona)","Cantidad Neta: 770 g"],"ingredients":[" Harina de trigo, agua, azúcar, levadura, sal, aceite vegetal (girasol), gluten de trigo, conservadores (E-282, E-200), emulgentes (E-471, E-481), vinagre, harina de haba, corrector de acidez (E-341). Puede contener trazas de semillas de sésamo y/o soja."],"conservation":" Mantener en lugar fresco y seco.","ean":"8412600022887"},{"full_name":"BIMBO pan de molde estilo artesano bolsa 550 g","name":"pan de molde estilo artesano bolsa 550 g","brand":"BIMBO ","img":"https://sgfm.elcorteingles.es/SGFM/dctm/MEDIA03/201602/18/00120654802246____1__600x600.jpg","price":"2,04 €            ","price_unit":"(2,98 € / Kilo)","categories":["Supermercado","Desayunos Dulces y pan","Desayunos, dulces y pan","Pan","Pan de molde con corteza","BIMBO pan de molde estilo artesano bolsa 550 g"],"general_information":[],"ingredients":[],"ean":"8412600028568"},{"full_name":"BIMBO pan de molde con corteza tierna blanca bolsa 460 g","name":"pan de molde con corteza tierna blanca bolsa 460 g","brand":"BIMBO ","img":"https://sgfm.elcorteingles.es/SGFM/dctm/CONTENIDOS/201511/24/00120654800737____1__600x600.jpg","price":"1,68 €","price_unit":"(3,65 € / Kilo)","categories":["Supermercado","Desayunos Dulces y pan","Desayunos, dulces y pan","Pan","Pan de molde con corteza","BIMBO pan de molde con corteza tierna blanca bolsa 460 g"],"general_information":["Denominación del alimento: PAN DE MOLDE","Nombre del operador: Bimbo, S.A.U.","Dirección del operador: Avda Prat de la Riba s/n 08401 Granollers (Barcelona-Espanha)","Cantidad Neta: 460 g"],"ingredients":[" Harina de trigo, agua, levadura, aceite vegetal (girasol), azúcar, sal, gluten de trigo, almidón de maíz, emulgentes (E-471, E-472e, E-481), conservadores (E-282, E-200, E-202), harina de haba, corrector de acidez (E-341), agente de tratamiento de la harina (E-300). Puede contener trazas de semillas de sésamo y/o soja."],"conservation":" Mantener en lugar fresco y seco.","ean":"8412600029879"},{"full_name":"BIMBO pan de molde natural 100% sin leche ni lactosa bolsa 460 g","name":"pan de molde natural 100% sin leche ni lactosa bolsa 460 g","brand":"BIMBO ","img":"https://sgfm.elcorteingles.es/SGFM/dctm/MEDIA03/201703/09/00120654801420____3__600x600.jpg","price":"1,53 €","price_unit":"(3,33 € / Kilo)","categories":["Supermercado","Desayunos Dulces y pan","Desayunos, dulces y pan","Pan","Pan de molde con corteza","BIMBO pan de molde natural 100% sin leche ni lactosa bolsa 460 g"],"general_information":["Denominación del alimento: PAN DE MOLDE. ACEITE DE OLIVA REFINADO (1.1%)","Nombre del operador: Bimbo, S.A.U.","Dirección del operador: Avda Prat de la Riba s/n 08401 Granollers (Barcelona-Espanha)","Cantidad Neta: 460 g"],"ingredients":[" Harina de trigo, agua, levadura, aceite de oliva refinado (1.1%), sal, masa madre 1% (harina de maíz, harina de centeno, microorganismos naturales (L.brevis, P.shermanii), harina de soja, gluten de trigo. Puede contener semillas de sésamo."],"conservation":" Mantener en lugar fresco y seco.","ean":"8412600009345"},{"full_name":"BIMBO Pan de molde con corteza grande bolsa 420 g","name":"Pan de molde con corteza grande bolsa 420 g","brand":"BIMBO ","img":"https://sgfm.elcorteingles.es/SGFM/dctm/MEDIA02/CONTENIDOS/201510/05/00120654802154____4__600x600.jpg","price":"1,00 €","price_unit":"(2,38 € / Kilo)","categories":["Supermercado","Desayunos Dulces y pan","Desayunos, dulces y pan","Pan","Pan de molde con corteza","BIMBO Pan de molde con corteza grande bolsa 420 g"],"general_information":["Denominación del alimento: PAN DE MOLDE","Nombre del operador: Bimbo, S.A.U.","Dirección del operador: Avda Prat de la Riba s/n 08401 Granollers (Barcelona-Espanha)","Cantidad Neta: 420 g"],"ingredients":[" Harina de trigo, agua, levadura, aceite vegetal (girasol), sal, conservadores (E-282, E-200), emulgentes (E-471, E-481), vinagre de vino, harina de haba, almidón de maíz, agente de tratamiento de la harina (E-300, E-341). Puede contener semillas de sésamo y/o soja."],"conservation":" Mantener en lugar fresco y seco","ean":"8412600027240"},{"full_name":"BIMBO pan de molde mediano para sándwich bolsa 410 g","name":"pan de molde mediano para sándwich bolsa 410 g","brand":"BIMBO ","img":"https://sgfm.elcorteingles.es/SGFM/dctm/MEDIA03/201605/12/00120654800380____1__600x600.jpg","price":"1,39 €","price_unit":"(3,39 € / Kilo)","categories":["Supermercado","Desayunos Dulces y pan","Desayunos, dulces y pan","Pan","Pan de molde con corteza","BIMBO pan de molde mediano para sándwich bolsa 410 g"],"general_information":["Denominación del alimento: PAN DE MOLDE","Nombre del operador: Bimbo, S.A.U.","Dirección del operador: Avda Prat de la Riba s/n 08401 Granollers (Barcelona)","Cantidad Neta: 410 g"],"ingredients":[" Harina de trigo, agua, azúcar, levadura, sal, aceite vegetal (girasol), gluten de trigo, conservadores (E-282, E-200, E-202), emulgentes (E-471, E-481), vinagre de vino, harina de haba, corrector de acidez (E-341). Puede contener trazas de semillas de sésamo y/o soja."],"conservation":" Mantener en lugar fresco y seco","ean":"8412600022986"},{"full_name":"BIMBO pan de molde 0% azúcares añadidos y bajo en grasa bolsa 450 g","name":"pan de molde 0% azúcares añadidos y bajo en grasa bolsa 450 g","brand":"BIMBO ","img":"https://sgfm.elcorteingles.es/SGFM/dctm/MEDIA03/201709/14/00120654802469____1__600x600.jpg","price":"1,85 €","price_unit":"(4,11 € / Kilo)","categories":["Supermercado","Desayunos Dulces y pan","Desayunos, dulces y pan","Pan","Pan de molde con corteza","BIMBO pan de molde 0% azúcares añadidos y bajo en grasa bolsa 450 g"],"general_information":["Denominación del alimento: PAN DE MOLDE","Nombre del operador: Bimbo, S.A.U.","Dirección del operador: Avda Prat de la Riba s/n 08401 Granollers (Barcelona-Espanha)","Cantidad Neta: 450 g"],"ingredients":[" Harina de trigo, agua, levadura, gluten de trigo, aceite vegetal (girasol), sal, conservadores (E-282, E-200, E-202), vinagre de vino, emulgentes (E-472e, E-481), agente de tratamiento de la harina (E-300, E-341). Puede contener soja y/o semillas de sésamo. Contiene azúcares naturalmente presentes."],"conservation":" Mantener en lugar fresco y seco.","ean":"8412600029732"},{"full_name":"BIMBO pan de molde con lino y omega 3 bolsa 450 g","name":"pan de molde con lino y omega 3 bolsa 450 g","brand":"BIMBO ","img":"https://sgfm.elcorteingles.es/SGFM/dctm/MEDIA03/201709/14/00120654802451____1__600x600.jpg","price":"1,85 €","price_unit":"(4,11 € / Kilo)","categories":["Supermercado","Desayunos Dulces y pan","Desayunos, dulces y pan","Pan","Pan de molde con corteza","BIMBO pan de molde con lino y omega 3 bolsa 450 g"],"general_information":["Denominación del alimento: PAN DE MOLDE INTEGRAL","Nombre del operador: Bimbo, S.A.U.","Dirección del operador: Avda Prat de la Riba s/n 08401 Granollers (Barcelona-Espanha)","Cantidad Neta: 450 g"],"ingredients":[" Harina integral de trigo, agua, harina de trigo, semillas de lino marrón (5%), levadura, gluten de trigo, aceite vegetal (girasol), azúcar, semillas de girasol, harina de centeno, copos de avena, sal, semillas de chía, conservadores (E-282, E-200, E-202), emulgentes (E-472e, E-481), vinagre de vino, agente de tratamiento de la harina (E-300, E-341). Puede contener soja y/o semillas de sésamo."],"conservation":" Mantener en lugar fresco y seco.","ean":"8412600029725"},{"full_name":"PANRICO pan de molde con corteza bolsa 750 g","name":"pan de molde con corteza bolsa 750 g","brand":"PANRICO ","img":"https://sgfm.elcorteingles.es/SGFM/dctm/MEDIA03/201602/29/00120654800216____1__600x600.jpg","price":"1,59 €","price_unit":"(2,12 € / Kilo)","categories":["Supermercado","Desayunos Dulces y pan","Desayunos, dulces y pan","Pan","Pan de molde con corteza","PANRICO pan de molde con corteza bolsa 750 g"],"general_information":["Denominación del alimento: Pan de molde con corteza","País de origen: España","Nombre del operador: Trigorico, SLU","Dirección del operador: Avda. de Castilla  60  39200 -Reinosa","Cantidad Neta: 750 g"],"ingredients":[" Harina de trigo (68%), agua, levadura, azúcar, aceite vegetal (girasol) (1,6%), harina de haba, sal, emulgentes (mono y diglicéridos de los ácidos grasos (trigo), estearoil-2-lactilato de sodio (trigo)), conservadores (ácido sórbico (trigo), propionato cálcico (trigo)), vinagre, estabilizante (goma guar (trigo)), agente de tratamiento de la harina (ácido ascórbico)(trigo)."],"conservation":" Conservar bien cerrado en lugar fresco y seco.","ean":"8410022011366"},{"full_name":"PANRICO pan de molde blanco con corteza paquete 475 g","name":"pan de molde blanco con corteza paquete 475 g","brand":"PANRICO ","img":"https://sgfm.elcorteingles.es/SGFM/dctm/MEDIA03/201707/04/00120654800034____3__600x600.jpg","price":"1,00 €","price_unit":"(2,11 € / Kilo)","categories":["Supermercado","Desayunos Dulces y pan","Desayunos, dulces y pan","Pan","Pan de molde con corteza","PANRICO pan de molde blanco con corteza paquete 475 g"],"general_information":["Denominación del alimento: Pan de molde con corteza","País de origen: España","Nombre del operador: Trigorico, SLU","Dirección del operador: Avda. de Castilla  60  39200 -Reinosa","Cantidad Neta: 475 g"],"ingredients":[" Harina de trigo (69%), agua, levadura, azúcar, aceite vegetal (girasol) (1,6%), harina de haba, sal, emulgentes (mono y diglicéridos de los ácidos grasos (trigo), estearoil-2-lactilato de sodio (trigo)), conservadores (ácido sórbico (trigo), propionato cálcico (trigo)), vinagre, estabilizante (goma guar (trigo)), agente de tratamiento de la harina (ácido ascórbico (trigo)). Puede contener sésamo, leche."],"conservation":" Conservar bien cerrado en lugar fresco y seco.","ean":"8410022005815"},{"full_name":"EL CORTE INGLES pan de molde Original sin corteza bolsa 450 g","name":"pan de molde Original sin corteza bolsa 450 g","brand":"EL CORTE INGLES ","img":"https://sgfm.elcorteingles.es/SGFM/dctm/MEDIA03/201604/01/00120654802311____2__600x600.jpg","price":"1,14 €","price_unit":"(2,53 € / Kilo)","categories":["Supermercado","Desayunos Dulces y pan","Desayunos, dulces y pan","Pan","Pan de molde sin corteza","EL CORTE INGLES pan de molde Original sin corteza bolsa 450 g"],"general_information":["Denominación del alimento: Pan de molde sin corteza","Nombre del operador: Distribuido para El Corte Inglés \npor PIMAD, S.A.                                                           Avda. Conde Romanones,1 - 19200 Azuqueca de Henares (Guadalajara)\nEspaña","Cantidad Neta: 450 g","Número de raciones por envase: 16"],"ingredients":[" Ingredientes: Harina de trigo (60%), agua, levadura , sal, aceite de girasol (1%), azúcar,  vinagre,  harina de leguminosas,  emulgente (E-472e), conservadores (E-282 , E-200) y agente de tratamiento de la harina  (E-300). Puede contener trazas de lácteos, soja y sésamo"],"conservation":" Mantener en lugar fresco y seco.","ean":"8433329067607"},{"full_name":"BIMBO pan de molde sin corteza bolsa 450 g","name":"pan de molde sin corteza bolsa 450 g","brand":"BIMBO ","img":"https://sgfm.elcorteingles.es/SGFM/dctm/MEDIA03/201611/17/00120654800463____6__600x600.jpg","price":"2,13 €            ","price_unit":"(4,20 € / Kilo)","categories":["Supermercado","Desayunos Dulces y pan","Desayunos, dulces y pan","Pan","Pan de molde sin corteza","BIMBO pan de molde sin corteza bolsa 450 g"],"general_information":["Denominación del alimento: PAN DE MOLDE SIN CORTEZA","Nombre del operador: Bimbo, S.A.U.","Dirección del operador: Avda Prat de la Riba s/n 08401 Granollers (Barcelona-España)","Cantidad Neta: 450 g"],"ingredients":[" Harina de trigo, agua, levadura, aceite vegetal (girasol), azúcar, sal, gluten de trigo, almidón de maíz, emulgentes (E-471, E-481, E-472e), conservadores (E-282, E-200), vinagre de vino, harina de haba, agente de tratamiento de la harina (E-300, E-341). Puede contener semillas de sésamo y/o soja."],"conservation":" Mantener en lugar fresco y seco.","ean":"8412600100325"},{"full_name":"BIMBO Enrollados pan de molde sin corteza para enrollar y hacer canapés bolsa 350 g","name":"Enrollados pan de molde sin corteza para enrollar y hacer canapés bolsa 350 g","brand":"BIMBO ","img":"https://sgfm.elcorteingles.es/SGFM//01/69/3/0120654801693/0120654801693000g01011.jpg","price":"2,02 €","price_unit":"(5,77 € / Kilo)","categories":["Supermercado","Desayunos Dulces y pan","Desayunos, dulces y pan","Pan","Pan de molde sin corteza","BIMBO Enrollados pan de molde sin corteza para enrollar y hacer canapés bolsa 350 g"],"general_information":["Denominación del alimento: PAN DE MOLDE","Nombre del operador: Bimbo, S.A.U.","Dirección del operador: Avda Prat de la Riba s/n 08401 Granollers (Barcelona)","Cantidad Neta: 350 g","Otras menciones obligatorias en la etiqueta: Envasado en atmósfera protectora."],"ingredients":[" Harina de trigo, agua, leche desnatada en polvo, grasa vegetal (palma), dextrosa, sal, levadura, harina de soja, emulgente (E-471), conservador (E-200)."],"conservation":" Mantener en lugar fresco y seco. Una vez abierto guardar en nevera y consumir en un máximo de 3 días.","ean":"8412600023075"},{"full_name":"PANRICO pan de molde sin corteza blanco bolsa 450 g","name":"pan de molde sin corteza blanco bolsa 450 g","brand":"PANRICO ","img":"https://sgfm.elcorteingles.es/SGFM//00/14/1/0120654800141/0120654800141000g01011.jpg","price":"1,88 €","price_unit":"(4,18 € / Kilo)","categories":["Supermercado","Desayunos Dulces y pan","Desayunos, dulces y pan","Pan","Pan de molde sin corteza","PANRICO pan de molde sin corteza blanco bolsa 450 g"],"general_information":["Denominación del alimento: Pan de molde sin corteza","País de origen: España","Nombre del operador: Trigorico, SLU","Dirección del operador: Avda. de Castilla  60  39200 -Reinosa","Cantidad Neta: 450 g"],"ingredients":[" Harina de trigo, agua, azúcar, levadura, sal, aceite vegetal (girasol) (3%), conservadores (ácido sórbico (trigo), propionato cálcico (trigo)), vinagre, emulgentes (mono y diglicéridos de los ácidos grasos (trigo), estearoil-2-lactilato de sodio (trigo)), harina de haba, estabilizante (goma guar (trigo)), agente de tratamiento de la harina (ácido ascórbico (trigo)). Puede contener leche."],"conservation":" Conservar bien cerrado en lugar fresco y seco.","ean":"8410022013292"},{"full_name":"PANRICO pan de molde blanco fibras sin corteza bolsa 450 g","name":"pan de molde blanco fibras sin corteza bolsa 450 g","brand":"PANRICO ","img":"https://sgfm.elcorteingles.es/SGFM/dctm/MEDIA03/201707/04/00120654800570____1__600x600.jpg","price":"1,88 €","price_unit":"(4,18 € / Kilo)","categories":["Supermercado","Desayunos Dulces y pan","Desayunos, dulces y pan","Pan","Pan de molde sin corteza","PANRICO pan de molde blanco fibras sin corteza bolsa 450 g"],"general_information":["Denominación del alimento: Pan de molde sin cortezaPão de forma sem côdea","País de origen: España","Nombre del operador: Trigorico, SLU","Dirección del operador: Avda. de Castilla  60  39200 -Reinosa","Cantidad Neta: 450 g"],"ingredients":[" Harina de cereales (trigo (60%), centeno (0,6%), avena (0,4%), cebada (0,4%), arroz (0,3%), espelta (0,2%), trigo khorasan (Kamut)(0,1%), maíz (0,1%)), agua, levadura, fibras vegetales (avena, oligofructosa, trigo), aceite vegetal (girasol) (2%), salvado de trigo, azúcar, sal, gluten de trigo, vinagre, conservadores (propionato cálcico, ácido sórbico), emulgentes (mono y diglicéridos de los ácidos grasos (trigo), estearoil-2-lactilato de sodio (trigo)), estabilizante (goma guar (trigo)), agente de tratamiento de la harina (ácido ascórbico)."],"conservation":" Conservar bien cerrado en lugar fresco y seco.Conservar bem fechado em local fresco e seco.","ean":"8410022104648"},{"full_name":"EL CORTE INGLES pan de molde integral con corteza 26 rebanadas bolsa 820 g","name":"pan de molde integral con corteza 26 rebanadas bolsa 820 g","brand":"EL CORTE INGLES ","img":"https://sgfm.elcorteingles.es/SGFM/dctm/MEDIA03/201603/11/00120654802295____1__600x600.jpg","price":"1,00 €","price_unit":"(1,22 € / Kilo)","categories":["Supermercado","Desayunos Dulces y pan","Desayunos, dulces y pan","Pan","Pan de molde integral con corteza","EL CORTE INGLES pan de molde integral con corteza 26 rebanadas bolsa 820 g"],"general_information":["Denominación del alimento: Pan de molde integral","Nombre del operador: Distribuido para El Corte Inglés \npor PIMAD, S.A.                                                           Avda. Conde Romanones,1 - 19200 Azuqueca de Henares (Guadalajara)\nEspaña","Cantidad Neta: 820 g","Número de raciones por envase: 26"],"ingredients":[" Ingredientes: : Harina integral de trigo (55%), agua, levadura, aceite de girasol (1%),  sal,  emulgentes (E-472e, E-471, E-481), azúcar,  conservadores (E-282 , E-200), corrector de acidez (E-270) y  agente de tratamiento de la harina  (E-300). Puede contener trazas de soja y/o sésamo."],"conservation":" Mantener en lugar fresco y seco.","ean":"8433329067614"},{"full_name":"EL CORTE INGLES pan de molde integral con corteza 16 rebanadas bolsa 460 g","name":"pan de molde integral con corteza 16 rebanadas bolsa 460 g","brand":"EL CORTE INGLES ","img":"https://sgfm.elcorteingles.es/SGFM/dctm/MEDIA03/201605/05/00120654802345____1__600x600.jpg","price":"0,72 €","price_unit":"(1,57 € / Kilo)","categories":["Supermercado","Desayunos Dulces y pan","Desayunos, dulces y pan","Pan","Pan de molde integral con corteza","EL CORTE INGLES pan de molde integral con corteza 16 rebanadas bolsa 460 g"],"general_information":["Denominación del alimento: Pan de molde integral","Nombre del operador: Distribuido para El Corte Inglés \npor PIMAD, S.A.                                                           Avda. Conde Romanones,1 - 19200 Azuqueca de Henares (Guadalajara)\nEspaña","Cantidad Neta: 460 g","Número de raciones por envase: 16"],"ingredients":[" Ingredientes: : Harina integral de trigo (56%), agua, levadura, aceite de girasol (1%),  sal,  azúcar,    emulgentes (E-472e, E-471, E-481),  conservadores (E-282 , E-200), corrector de acidez (E-270) y  agente de tratamiento de la harina  (E-300). Puede contener trazas de soja y/o sésamo."],"conservation":" Mantener en lugar fresco y seco.","ean":"8433329067621"},{"full_name":"EL CORTE INGLES pan de molde integral multicereales con corteza 16 rebanadas bolsa 460 g","name":"pan de molde integral multicereales con corteza 16 rebanadas bolsa 460 g","brand":"EL CORTE INGLES ","img":"https://sgfm.elcorteingles.es/SGFM/dctm/MEDIA03/201603/11/00120654802279____1__600x600.jpg","price":"1,33 €","price_unit":"(2,89 € / Kilo)","categories":["Supermercado","Desayunos Dulces y pan","Desayunos, dulces y pan","Pan","Pan de molde integral con corteza","EL CORTE INGLES pan de molde integral multicereales con corteza 16 rebanadas bolsa 460 g"],"general_information":["Denominación del alimento: Pan de molde integral con cereales y semillas","Nombre del operador: Elaborado para El Corte Inglés \npor PIMAD, S.A.                                                           Avda. Conde Romanones,1 - 19200 Azuqueca de Henares (Guadalajara)\nEspaña","Cantidad Neta: 460 g","Número de raciones por envase: 16"],"ingredients":[" Ingredientes: Harina integral de trigo (48%), agua, semillas (linaza, girasol, sésamo) (3, 1%), levadura, copos de avena (2, 1%), harina de malta de cebada (2%), aceite de girasol (1, 5%), azúcar, harina de avena (1, 1%), sal, copos de centeno (0, 7%), gluten de trigo, emulgentes (E-472e , E-471, E-481),  extracto de masa madre de trigo en polvo, harina de arroz (0, 4%), conservadores (E-282 , E-200), corrector de acidez (E-270), agente de tratamiento de la harina (E-300). Puede contener trazas de soja."],"conservation":" Mantener en lugar fresco y seco.","ean":"8433329067652"},{"full_name":"EL CORTE INGLES pan de molde con 14 cereales y semillas bolsa 560 g","name":"pan de molde con 14 cereales y semillas bolsa 560 g","brand":"EL CORTE INGLES ","img":"https://sgfm.elcorteingles.es/SGFM/dctm/MEDIA03/201604/22/00200254802051____2__600x600.jpg","price":"1,30 €","price_unit":"(2,32 € / Kilo)","categories":["Supermercado","Desayunos Dulces y pan","Desayunos, dulces y pan","Pan","Pan de molde integral con corteza","EL CORTE INGLES pan de molde con 14 cereales y semillas bolsa 560 g"],"general_information":["Denominación del alimento: Pan de molde con cereales y semillas","Nombre del operador: Elaborado para El Corte Inglés por                 Bakery Donuts Iberia, SAU \nCrta.Sabadell a Mollet Km. 4.3 \n08130 Santa Perpetua de Mogoda - Barcelona - España","Cantidad Neta: 560 g","Número de raciones por envase: 18 rebanadas"],"ingredients":[" Ingredientes: Harina de trigo, agua, levadura, azúcar, salvado de trigo, copos de avena (1,9%), semillas de girasol (1,9%), aceite vegetal de girasol, semillas de linaza marrón (1,2%), trigo triturado (1,1%), harina de centeno (1,0%), semillas de mijo (0,9%), sal, sémola de maíz (0,5%), trigo sarraceno (0,5%), conservadores (E 200 y E 282), gluten de trigo, harina de arroz (0,3%), harina de cebada (0,3%), harina de espelta (0,3%), harina de trigo Khorasan (Kamut®) (0,3%), semillas de teff (0,3%), harina de sorgo (0,3%), vinagre, emulgentes ((E 471) (trigo), (E 481) (trigo)), estabilizante (E 412) (trigo) y  agente de tratamiento de la harina (E 300) (trigo)."],"conservation":" Manténgase bien cerrado en lugar fresco y seco.","ean":"8433329066075"},{"full_name":"BIMBO Silueta pan de molde integral 8 cereales grano completo bolsa 600 g","name":"Silueta pan de molde integral 8 cereales grano completo bolsa 600 g","brand":"BIMBO ","img":"https://sgfm.elcorteingles.es/SGFM/dctm/MEDIA02/CONTENIDOS/201511/24/00200254800337____2__600x600.jpg","price":"1,92 €","price_unit":"(3,20 € / Kilo)","categories":["Supermercado","Desayunos Dulces y pan","Desayunos, dulces y pan","Pan","Pan de molde integral con corteza","BIMBO Silueta pan de molde integral 8 cereales grano completo bolsa 600 g"],"general_information":["Denominación del alimento: PAN DE MOLDE INTEGRAL CON 8 CEREALES Y SEMILLAS","Nombre del operador: Bimbo, S.A.U.","Dirección del operador: Avda Prat de la Riba, s/n. 08401 Granollers (Barcelona-Espanha)","Cantidad Neta: 650 g"],"ingredients":[" Harina integral de trigo, agua, levadura, harina de trigo, gluten de trigo, azúcar, aceite vegetal (girasol), harina de centeno (1.2%), copos de avena (1%), semillas de linaza, harina de cebada malteada (1%), sal, harina integral de triticale (0.5%), centeno troceado (0.4%), semillas de girasol, semillas de sésamo, mijo (0.05%), sémola de arroz (0.05%), sémola de alforfón (0.05%), emulgentes (E-481, E-472e), conservadores (E-282, E-200, E-202), vinagre de vino, corrector de acidez (E-341), agente de tratamiento de la harina (E-300). Puede contener trazas de soja."],"conservation":" Manténgase en lugar fresco y seco","ean":"8412600300121"},{"full_name":"BIMBO Silueta Integral pan de molde grano completo bolsa 450 g","name":"Silueta Integral pan de molde grano completo bolsa 450 g","brand":"BIMBO ","img":"https://sgfm.elcorteingles.es/SGFM/dctm/MEDIA03/201709/06/00120654801602____3__600x600.jpg","price":"1,60 €","price_unit":"(3,56 € / Kilo)","categories":["Supermercado","Desayunos Dulces y pan","Desayunos, dulces y pan","Pan","Pan de molde integral con corteza","BIMBO Silueta Integral pan de molde grano completo bolsa 450 g"],"general_information":["Denominación del alimento: PAN DE MOLDE CON HARINA INTEGRAL, ACEITE DE OLIVA REFINADO (1.1%)","Nombre del operador: Bimbo, S.A.U.","Dirección del operador: Avda Prat de la Riba s/n 08401 Granollers (Barcelona)","Cantidad Neta: 450 g"],"ingredients":[" Harina integral de trigo, agua, harina de trigo, levadura y otros microorganismos naturales (L.brevis, P.shermanii), gluten de trigo, azúcar, aceite de oliva refinado (1.1%), sal, harina de centeno, harina de soja. Puede contener semillas de sésamo."],"conservation":" Manténgase en lugar fresco y seco. Una vez abierto, consumir preferentemente antes de 7 días.","ean":"8412600022825"},{"full_name":"BIMBO pan de molde integral natural 100% sin leche ni lactosa bolsa 450 g","name":"pan de molde integral natural 100% sin leche ni lactosa bolsa 450 g","brand":"BIMBO ","img":"https://sgfm.elcorteingles.es/SGFM/dctm/MEDIA03/201702/08/00120654802444____1__600x600.jpg","price":"1,75 €","price_unit":"(3,89 € / Kilo)","categories":["Supermercado","Desayunos Dulces y pan","Desayunos, dulces y pan","Pan","Pan de molde integral con corteza","BIMBO pan de molde integral natural 100% sin leche ni lactosa bolsa 450 g"],"general_information":["Denominación del alimento: PAN DE MOLDE CON HARINA INTEGRAL, ACEITE DE OLIVA REFINADO (1,1%)","Nombre del operador: Bimbo, S.A.U.","Dirección del operador: Avda Prat de la Riba s/n 08401 Granollers (Barcelona-Espanha)","Cantidad Neta: 450 g"],"ingredients":[" Harina integral de trigo, agua, harina de trigo, levadura, y otros microorganismos naturales (L.brevis, P.shermanii), gluten de trigo, azúcar, aceite de oliva refinado (1,1%), sal, harina de centeno, harina de soja. Puede contener semillas de sésamo."],"conservation":" Mantener en lugar fresco y seco. Una vez abierto el paquete consumir antes de 7 días.","ean":"8412600029343"},{"full_name":"OROWEAT pan de molde 12 cereales y semillas grano completo bolsa 680 g","name":"pan de molde 12 cereales y semillas grano completo bolsa 680 g","brand":"OROWEAT ","img":"https://sgfm.elcorteingles.es/SGFM/dctm/MEDIA02/CONTENIDOS/201511/24/00200267100840____1__600x600.jpg","price":"2,39 €","price_unit":"(3,51 € / Kilo)","categories":["Supermercado","Desayunos Dulces y pan","Desayunos, dulces y pan","Pan","Pan de molde integral con corteza","OROWEAT pan de molde 12 cereales y semillas grano completo bolsa 680 g"],"general_information":["Denominación del alimento: PAN DE MOLDE INTEGRAL CON 12 CEREALES Y SEMILLAS","Nombre del operador: Bimbo, S.A.U.","Dirección del operador: Calle Cigoitia 1, Polígono Industrial Las Mercedes 28022 Madrid (Espanha)","Cantidad Neta: 680 g"],"ingredients":[" Harina integral de trigo, agua, harina de trigo, azúcar, levadura, semillas de girasol (3,6%), gluten de trigo, aceite vegetal (girasol), trigo troceado (2,7%), centeno troceado (2,5%), sal, sémola de maíz (1,3%), copos de avena (0,8%), conservadores (E-282, E-200, E-202), emulgentes (E-481, E-472e), vinagre de vino, avena troceada (0,4%), arroz integral troceado (0,4%), copos de cebada (0,2%), semillas de lino marrón (0,2%), mijo (0,2%), triticale troceado (0,1%), harina de trigo espelta (0,1%), harina de alforfón (0,1%), agente de tratamiento de la harina (E-300, E-341). Puede contener soja y/o semillas de sésamo."],"conservation":" Manténgase en lugar fresco y seco.","ean":"8412600024485"},{"full_name":"OROWEAT pan de molde semillas de sésamo y lino grano completo bolsa 680 g","name":"pan de molde semillas de sésamo y lino grano completo bolsa 680 g","brand":"OROWEAT ","img":"https://sgfm.elcorteingles.es/SGFM/dctm/MEDIA02/CONTENIDOS/201511/24/00200267100832____1__600x600.jpg","price":"2,39 €","price_unit":"(3,51 € / Kilo)","categories":["Supermercado","Desayunos Dulces y pan","Desayunos, dulces y pan","Pan","Pan de molde integral con corteza","OROWEAT pan de molde semillas de sésamo y lino grano completo bolsa 680 g"],"general_information":["Denominación del alimento: PAN DE MOLDE INTEGRAL","Nombre del operador: Bimbo, S.A.U.","Dirección del operador: Avda Prat de la Riba s/n 08401 Granollers (Barcelona-Espanha)","Cantidad Neta: 680 g"],"ingredients":[" Harina integral de trigo, agua, harina de trigo, azúcar, gluten de trigo, levadura, aceite vegetal (girasol), semillas de sésamo (2,1%), sal, semilla de lino marrón (1,4%), conservadores (E-282, E-200, E-202), emulgentes (E-481, E-472e), vinagre de vino, salvado de soja (0,24%), agente de tratamiento de la harina (E-300, E-341)."],"conservation":" Manténgase en lugar fresco y seco.","ean":"8412600024478"},{"full_name":"OROWEAT pan de molde de avena y maiz horneado grano completo bolsa 680 g","name":"pan de molde de avena y maiz horneado grano completo bolsa 680 g","brand":"OROWEAT ","img":"https://sgfm.elcorteingles.es/SGFM/dctm/MEDIA02/CONTENIDOS/201502/16/00200254801863____1__600x600.jpg","price":"2,33 €","price_unit":"(3,43 € / Kilo)","categories":["Supermercado","Desayunos Dulces y pan","Desayunos, dulces y pan","Pan","Pan de molde integral con corteza","OROWEAT pan de molde de avena y maiz horneado grano completo bolsa 680 g"],"general_information":["Denominación del alimento: PAN DE MOLDE INTEGRAL CON AVENA","Nombre del operador: Bimbo, S.A.U.","Dirección del operador: Avda Prat de la Riba s/n 08401 Granollers (Barcelona-Espanha)","Cantidad Neta: 680 g"],"ingredients":[" Harina integral de trigo, agua, harina de trigo, copos de avena (6,4%), avena troceada (6,1%), azúcar, levadura, gluten de trigo, aceite vegetal (girasol), sal, maíz troceado (1,4%), conservadores (E-282, E-200, E-202), emulgentes (E-481, E-472e), vinagre de vino, agente de tratamiento de la harina (E-300, E-341). Puede contener semillas de sésamo y/o soja."],"conservation":" Manténgase en lugar fresco y seco","ean":"8412600024669"},{"full_name":"OROWEAT Pipas pan de molde con pipas de girasol, calabaza y semillas de amapola grano completo bolsa 680 g","name":"Pipas pan de molde con pipas de girasol, calabaza y semillas de amapola grano completo bolsa 680 g","brand":"OROWEAT ","img":"https://sgfm.elcorteingles.es/SGFM/dctm/MEDIA03/201606/30/00120667101099____2__600x600.jpg","price":"2,39 €","price_unit":"(3,51 € / Kilo)","categories":["Supermercado","Desayunos Dulces y pan","Desayunos, dulces y pan","Pan","Pan de molde integral con corteza","OROWEAT Pipas pan de molde con pipas de girasol, calabaza y semillas de amapola grano completo bolsa 680 g"],"general_information":["Denominación del alimento: PAN DE MOLDE INTEGRAL","Nombre del operador: Bimbo, S.A.U.","Dirección del operador: Avda Prat de la Riba s/n 08401 Granollers (Barcelona-Espanha)","Cantidad Neta: 680 g"],"ingredients":[" Harina integral de trigo, agua, levadura, harina de trigo, semillas de girasol (3.5%), azúcar, gluten de trigo, avena troceada, semillas de sésamo, semillas de calabaza (2,0%), semillas de amapola (1,7%), aceite vegetal (girasol), sal, conservadores (E-282, E-200, E-202), vinagre de vino, emulgentes (E-481, E-472e), agente de tratamiento de la harina (E-300, E-341). Puede contener soja."],"conservation":" Manténgase en lugar fresco y seco.","ean":"8412600028513"},{"full_name":"PANRICO Sveltia pan de molde integral fibra 100% natural paquete 520 g","name":"Sveltia pan de molde integral fibra 100% natural paquete 520 g","brand":"PANRICO ","img":"https://sgfm.elcorteingles.es/SGFM/dctm/MEDIA03/201707/04/00120654800117____2__600x600.jpg","price":"1,61 €","price_unit":"(3,10 € / Kilo)","categories":["Supermercado","Desayunos Dulces y pan","Desayunos, dulces y pan","Pan","Pan de molde integral con corteza","PANRICO Sveltia pan de molde integral fibra 100% natural paquete 520 g"],"general_information":["Denominación del alimento: Pan de molde integralPão de forma especial integral","País de origen: España","Nombre del operador: Trigorico, SLU","Dirección del operador: Avda. de Castilla  60  39200 -Reinosa","Cantidad Neta: 520 g"],"ingredients":[" Harina integral de trigo (66%), agua, levadura, aceite vegetal (girasol), azúcar, harina de cebada malteada, sal, inulina (fibra alimentaria), emulgentes (E 471 (trigo), E 481 (trigo), E 472e (trigo)), conservadores (E 200 (trigo), E 282 (trigo)), conservadores (ácido sórbico (trigo), propionato cálcico (trigo)), gluten de trigo, aroma, estabilizante (goma guar (trigo)), agente de tratamiento de la harina (ácido ascórbico (trigo)). Puede contener sésamo, leche."],"conservation":" Conservar bien cerrado en lugar fresco y seco.Conservar bem fechado em local fresco e seco.","ean":"8410022008472"},{"full_name":"PANRICO Cerealia pan con 14 cereales y semillas bolsa 560 g","name":"Cerealia pan con 14 cereales y semillas bolsa 560 g","brand":"PANRICO ","img":"https://sgfm.elcorteingles.es/SGFM/dctm/MEDIA02/CONTENIDOS/201501/14/00200267100998____1__600x600.jpg","price":"1,85 €","price_unit":"(3,30 € / Kilo)","categories":["Supermercado","Desayunos Dulces y pan","Desayunos, dulces y pan","Pan","Pan de molde integral con corteza","PANRICO Cerealia pan con 14 cereales y semillas bolsa 560 g"],"general_information":["Denominación del alimento: Pan de molde con cereales y semillasPão de forma com cereais e sementes","País de origen: España","Nombre del operador: Trigorico, SLU","Dirección del operador: Avda. de Castilla  60  39200 -Reinosa","Cantidad Neta: 560 g"],"ingredients":[" Harina de trigo, agua, levadura, azúcar, salvado de trigo, copos de avena (1,9%), semillas de girasol (1,9%), aceite vegetal (girasol), semillas de linaza marrón (1,2%), trigo triturado (1,1%), harina de centeno (1,0%), semillas de mijo (0,9%), sal, sémola de maíz (0,5%), trigo sarraceno (0,5%), conservadores (ácido sórbico, propionato cálcico), gluten de trigo, harina de arroz (0,3%), harina de cebada (0,3%), harina de espelta (0,3%), harina de trigo Khorasan (Kamut) (0,3%), semillas de teff (0,3%), harinade sorgo (0,3%), vinagre, emulgentes (mono y diglicéridos de los ácidos grasos (trigo), estearoil-2-lactilato de sodio (trigo)), estabilizante (goma guar (trigo)), agente de tratamiento de la harina (ácido ascórbico)."],"conservation":" Conservar bien cerrado en lugar fresco y seco.Conservar bem fechado em local fresco e seco.","ean":"8410022111059"},{"full_name":"PANRICO Cerealia pan de molde 5 semillas: lino, amapola, girasol, calabaza y mijo bolsa 560 g","name":"Cerealia pan de molde 5 semillas: lino, amapola, girasol, calabaza y mijo bolsa 560 g","brand":"PANRICO ","img":"https://sgfm.elcorteingles.es/SGFM/dctm/MEDIA02/CONTENIDOS/201601/08/00120667101057____1__600x600.jpg","price":"1,89 €","price_unit":"(3,38 € / Kilo)","categories":["Supermercado","Desayunos Dulces y pan","Desayunos, dulces y pan","Pan","Pan de molde integral con corteza","PANRICO Cerealia pan de molde 5 semillas: lino, amapola, girasol, calabaza y mijo bolsa 560 g"],"general_information":["Denominación del alimento: Pan de molde con semillasPão de forma com sementes","País de origen: España","Nombre del operador: Trigorico, SLU","Dirección del operador: Avda. de Castilla  60  39200 -Reinosa","Cantidad Neta: 560 g"],"ingredients":[" Harina de trigo, agua, azúcar, levadura, semillas de girasol (2,8%), lino marrón (2,8%), salvado de trigo, semillas de mijo (1,1%), sal, lino dorado (0,5%), trigo sarraceno (0,4%), conservadores (propionato cálcico, ácido sórbico), emulgentes (mono y diglicéridos de los ácidos grasos (trigo), estearoil-2-lactilato de sodio (trigo)), semillas de calabaza (0,3%), semillas de amapola (0,3%), vinagre, estabilizante (goma guar (trigo)), aceite vegetal (girasol), agente de tratamiento de la harina (ácido ascórbico)."],"conservation":" Conservar bien cerrado en lugar fresco y seco.Conservar bem fechado em local fresco e seco.","ean":"8410022109414"},{"full_name":"EL CORTE INGLES pan de molde integral sin corteza 16 rebanadas bolsa 450 g","name":"pan de molde integral sin corteza 16 rebanadas bolsa 450 g","brand":"EL CORTE INGLES ","img":"https://sgfm.elcorteingles.es/SGFM/dctm/MEDIA03/201604/22/00120654802329____2__600x600.jpg","price":"1,92 €","price_unit":"(4,27 € / Kilo)","categories":["Supermercado","Desayunos Dulces y pan","Desayunos, dulces y pan","Pan","Pan de molde integral sin corteza","EL CORTE INGLES pan de molde integral sin corteza 16 rebanadas bolsa 450 g"],"general_information":["Denominación del alimento: Pan de molde integral sin corteza","Nombre del operador: Distribuido para El Corte Inglés \npor PIMAD, S.A.                                                           Avda. Conde Romanones,1 - 19200 Azuqueca de Henares (Guadalajara)\nEspaña","Cantidad Neta: 450 g","Número de raciones por envase: 16"],"ingredients":[" Ingredientes: Harina integral de trigo (58%), agua, levadura, sal, azúcar, aceite de girasol (1%), emulgentes (E-472e, E-471, E-481), vinagre, harina de leguminosas, harina de cebada malteada, conservadores (E-282, E-200), agente de tratamiento de la harina (E-300). Puede contener trazas de lácteos, soja y sésamo"],"conservation":" Mantener en lugar fresco y seco.","ean":"8433329067638"},{"full_name":"BIMBO Silueta pan de molde integral sin corteza 8 cereales bolsa 450 g","name":"Silueta pan de molde integral sin corteza 8 cereales bolsa 450 g","brand":"BIMBO ","img":"https://sgfm.elcorteingles.es/SGFM/dctm/CONTENIDOS/201511/24/00120654800414____3__600x600.jpg","price":"2,05 €            ","price_unit":"(4,20 € / Kilo)","categories":["Supermercado","Desayunos Dulces y pan","Desayunos, dulces y pan","Pan","Pan de molde integral sin corteza","BIMBO Silueta pan de molde integral sin corteza 8 cereales bolsa 450 g"],"general_information":["Denominación del alimento: PAN DE MOLDE INTEGRAL","Nombre del operador: Bimbo, S.A.U.","Dirección del operador: Avda Prat de la Riba s/n 08401 Granollers (Barcelona)","Cantidad Neta: 450 g"],"ingredients":[" Harina integral de trigo, agua, levadura, harina de trigo, emulgentes (E-471, E-472e, E-481), gluten de trigo, azúcar, sal, harina de centeno, copos de avena (1.5%), aceite vegetal (girasol), semillas de linaza (0.9%), harina de cebada malteada (0.9%), conservadores (E-282, E-200), vinagre de vino, harina integral de triticale (0.6%), centeno troceado (0.6%), semillas de girasol (0.3%), semillas de sésamo (0.2%), mijo (0.2%), sémola de arroz (0.2%), sémola de alforfón (0.2%), corrector de acidez (E-341), almidón de maíz, agente de tratamiento de la harina (E-300). Puede contener trazas de soja."],"conservation":" Manténgase en lugar fresco y seco","ean":"8412600307618"},{"full_name":"BIMBO Silueta pan de molde integral sin corteza grano completo bolsa 450 g","name":"Silueta pan de molde integral sin corteza grano completo bolsa 450 g","brand":"BIMBO ","img":"https://sgfm.elcorteingles.es/SGFM/dctm/CONTENIDOS/201511/24/00120654800315____3__600x600.jpg","price":"2,07 €            ","price_unit":"(4,20 € / Kilo)","categories":["Supermercado","Desayunos Dulces y pan","Desayunos, dulces y pan","Pan","Pan de molde integral sin corteza","BIMBO Silueta pan de molde integral sin corteza grano completo bolsa 450 g"],"general_information":["Denominación del alimento: PAN DE MOLDE INTEGRAL","Nombre del operador: Bimbo, S.A.U.","Dirección del operador: Avda Prat de la Riba s/n 08401 Granollers (Barcelona)","Cantidad Neta: 450 g"],"ingredients":[" Harina integral de trigo, agua, levadura, harina de trigo, azúcar, aceite vegetal (girasol), gluten de trigo, sal, emulgentes (E-471, E-472e, E-481), vinagre de vino, conservadores (E-282, E-200), harina de cebada malteada, corrector de acidez (E-341), almidón de maíz, agente de tratamiento de la harina (E-300). Puede contener trazas de semillas de sésamo y/o soja."],"conservation":" Manténgase en lugar fresco y seco","ean":"8412600352540"},{"full_name":"EL CORTE INGLES pan de hamburguesas classic con sésamo 4 unidades bolsa 220 g","name":"pan de hamburguesas classic con sésamo 4 unidades bolsa 220 g","brand":"EL CORTE INGLES ","img":"https://sgfm.elcorteingles.es/SGFM/dctm/MEDIA03/201604/22/00120653400554____2__600x600.jpg","price":"0,89 €","price_unit":"(4,05 € / Kilo)","categories":["Supermercado","Desayunos Dulces y pan","Desayunos, dulces y pan","Pan","Pan hamburguesas / perritos","EL CORTE INGLES pan de hamburguesas classic con sésamo 4 unidades bolsa 220 g"],"general_information":["Denominación del alimento: Producto de bollería.\nPanecillos para hamburguesas con sésamo","Nombre del operador: Distribuido para El Corte Inglés\npor PIMAD, S.A.                                                           Avda. Conde Romanones,1 - 19200 Azuqueca de Henares (Guadalajara) - España","Cantidad Neta: 220 g","Número de raciones por envase: 4"],"ingredients":[" Ingredientes: Harina de trigo, agua, levadura, azúcar, aceite de girasol (1, 5%), semilla de sésamo (1, 5%), sal, emulgentes (E-472e, E-471,\nE-481, E-466), vinagre, conservadores (E-282, E-200) y agente de tratamiento de la harina (E-300). Puede contener trazas de lácteos, huevo y/o soja."],"conservation":" Mantener en lugar fresco y seco.","ean":"8433329067676"},{"full_name":"EL CORTE INGLES pan de hamburguesas maxi con sésamo 4 unidades bolsa 300 g","name":"pan de hamburguesas maxi con sésamo 4 unidades bolsa 300 g","brand":"EL CORTE INGLES ","img":"https://sgfm.elcorteingles.es/SGFM/dctm/MEDIA03/201603/11/00120653400539____1__600x600.jpg","price":"0,83 €","price_unit":"(2,77 € / Kilo)","categories":["Supermercado","Desayunos Dulces y pan","Desayunos, dulces y pan","Pan","Pan hamburguesas / perritos","EL CORTE INGLES pan de hamburguesas maxi con sésamo 4 unidades bolsa 300 g"],"general_information":["Denominación del alimento: Producto de bollería.\nPanecillos para hamburguesas con sésamo","Nombre del operador: Distribuido para El Corte Inglés \npor PIMAD, S.A.                                                           Avda. Conde Romanones,1 - 19200 Azuqueca de Henares (Guadalajara)\nEspaña","Cantidad Neta: 300 g","Número de raciones por envase: 4"],"ingredients":[" Ingredientes: Harina de trigo, agua, levadura, azúcar, aceite de girasol (1, 5%), semilla de sésamo (1, 5%), sal, emulgentes (E-472e, E-471,\nE-481, E-466), vinagre, conservadores (E-282, E-200), agente de tratamiento de la harina (E-300). Puede contener trazas de lácteos, huevo y/o soja."],"conservation":" Mantener en lugar fresco y seco.","ean":"8433329067669"},{"full_name":"EL CORTE INGLES panecillos para perritos 6 unidades bolsa 330 g","name":"panecillos para perritos 6 unidades bolsa 330 g","brand":"EL CORTE INGLES ","img":"https://sgfm.elcorteingles.es/SGFM/dctm/MEDIA03/201603/02/00120653400521____2__600x600.jpg","price":"0,79 €","price_unit":"(2,39 € / Kilo)","categories":["Supermercado","Desayunos Dulces y pan","Desayunos, dulces y pan","Pan","Pan hamburguesas / perritos","EL CORTE INGLES panecillos para perritos 6 unidades bolsa 330 g"],"general_information":["Denominación del alimento: Producto de bollería.\nPanecillos para perritos calientes","Nombre del operador: Distribuido para El Corte Inglés\npor PIMAD, S.A.                                                           Avda. Conde Romanones,1 - 19200 Azuqueca de Henares (Guadalajara) - España","Cantidad Neta: 330 g","Número de raciones por envase: 6"],"ingredients":[" Ingredientes: Harina de trigo, agua, levadura, azúcar, aceite de girasol (1,5%), sal, emulgentes (E-472e, E-471, E-481, E-466), vinagre, conservadores (E-282, E-200), agente de tratamiento de la harina (E-300). Puede contener trazas de lácteos, huevo, soja y/o sésamo."],"conservation":" Mantener en lugar fresco y seco.","ean":"8433329067690"},{"full_name":"EL CORTE INGLES panecillos para perritos con sésamo 6 unidades bolsa 330 g","name":"panecillos para perritos con sésamo 6 unidades bolsa 330 g","brand":"EL CORTE INGLES ","img":"https://sgfm.elcorteingles.es/SGFM/dctm/MEDIA03/201605/27/00120653400562____1__600x600.jpg","price":"1,32 €","price_unit":"(4 € / Kilo)","categories":["Supermercado","Desayunos Dulces y pan","Desayunos, dulces y pan","Pan","Pan hamburguesas / perritos","EL CORTE INGLES panecillos para perritos con sésamo 6 unidades bolsa 330 g"],"general_information":["Denominación del alimento: Producto de bollería.\nPanecillos para perritos calientes","Nombre del operador: Distribuido para El Corte Inglés\npor PIMAD, S.A.                                                           Avda. Conde Romanones,1 - 19200 Azuqueca de Henares (Guadalajara) - España","Cantidad Neta: 330 g","Número de raciones por envase: 6"],"ingredients":[" Ingredientes: Harina de trigo, agua, levadura, azúcar, aceite de girasol (1, 5%), semilla de sésamo (1, 5%), sal, emulgentes (E-472e, E-471,\nE-481, E-466), vinagre, conservadores (E-282, E-200), agente de tratamiento de la harina (E-300). Puede contener trazas de lácteos, huevo y/o soja."],"conservation":" Mantener en lugar fresco y seco.","ean":"8433329067706"},{"full_name":"EL CORTE INGLES Miniburguer pan para mini hamburguesas con sésamo 12 unidades bolsa 260 g","name":"Miniburguer pan para mini hamburguesas con sésamo 12 unidades bolsa 260 g","brand":"EL CORTE INGLES ","img":"https://sgfm.elcorteingles.es/SGFM/dctm/MEDIA03/201605/27/00120653400570____1__600x600.jpg","price":"1,32 €","price_unit":"(5,08 € / Kilo)","categories":["Supermercado","Desayunos Dulces y pan","Desayunos, dulces y pan","Pan","Pan hamburguesas / perritos","EL CORTE INGLES Miniburguer pan para mini hamburguesas con sésamo 12 unidades bolsa 260 g"],"general_information":["Denominación del alimento: Producto de bollería.\nPanecillos para hamburguesas con sésamo","Nombre del operador: Distribuido para El Corte Inglés\npor PIMAD, S.A.                                                           Avda. Conde Romanones,1 - 19200 Azuqueca de Henares (Guadalajara) - España","Cantidad Neta: 260 g","Número de raciones por envase: 12"],"ingredients":[" Ingredientes: Harina de trigo, agua, azúcar, aceite de girasol (1,5%), levadura , semilla de sésamo (1%), sal,  emulgentes (E-466, E-481, E-471, E-472e), conservadores (E-282 , E-200), vinagre, agente de tratamiento de la harina (E-300). Puede contener trazas de lácteos, huevo y/o soja."],"conservation":" Mantener en lugar fresco y seco.","ean":"8433329067683"},{"full_name":"BIMBO pan de hamburguesas maxi 4 unidades bolsa 300 g","name":"pan de hamburguesas maxi 4 unidades bolsa 300 g","brand":"BIMBO ","img":"https://sgfm.elcorteingles.es/SGFM/dctm/CONTENIDOS/201511/24/00120653400133____1__600x600.jpg","price":"1,55 €","price_unit":"(5,17 € / Kilo)","categories":["Supermercado","Desayunos Dulces y pan","Desayunos, dulces y pan","Pan","Pan hamburguesas / perritos","BIMBO pan de hamburguesas maxi 4 unidades bolsa 300 g"],"general_information":["Denominación del alimento: PANECILLO DE MOLDE, HAMBURGUESA","Nombre del operador: Bimbo, S.A.U.","Dirección del operador: Avda Prat de la Riba s/n 08401 Granollers (Barcelona)","Cantidad Neta: 300 g"],"ingredients":[" Harina de trigo, agua, levadura, azúcar, aceite vegetal (girasol), sal, semillas de sésamo (2%), gluten de trigo, conservadores (E-282, E-200, E-202), harina de haba, vinagre de vino, emulgentes (E-471, E-472e, E-481), corrector de acidez (E-341), estabilizante (E-466), agente de tratamiento de la harina (E-300). Puede contener huevo y/o leche y/o  soja."],"conservation":" Mantener en lugar fresco y seco","ean":"8412600450208"},{"full_name":"BIMBO pan para hamburguesas mini 12 unidades bolsa 260 g","name":"pan para hamburguesas mini 12 unidades bolsa 260 g","brand":"BIMBO ","img":"https://sgfm.elcorteingles.es/SGFM/dctm/MEDIA03/201604/27/00120653400398____1__600x600.jpg","price":"1,59 €","price_unit":"(6,12 € / Kilo)","categories":["Supermercado","Desayunos Dulces y pan","Desayunos, dulces y pan","Pan","Pan hamburguesas / perritos","BIMBO pan para hamburguesas mini 12 unidades bolsa 260 g"],"general_information":["Denominación del alimento: BOLLERÍA INDUSTRIAL","Nombre del operador: Bimbo, S.A.U.","Dirección del operador: Avda Prat de la Riba s/n 08401 Granollers (Barcelona-España)","Cantidad Neta: 260 g"],"ingredients":[" Harina de trigo, agua, azúcar, aceite vegetal (girasol), levadura, sal, semillas de sésamo (1%), conservadores (E-282, E-200), emulgentes (E-481, E-472e, E-471), espesante (E-466), vinagre de alcohol, agente de tratamiento de la harina (E-300). Puede contener trazas de leche y/o soja y/o frutos de cáscara."],"conservation":" Mantener en lugar fresco y seco.","ean":"8412600023723"},{"full_name":"BIMBO pan de hamburguesas 4 unidades bolsa 220 g","name":"pan de hamburguesas 4 unidades bolsa 220 g","brand":"BIMBO ","img":"https://sgfm.elcorteingles.es/SGFM/dctm/CONTENIDOS/201511/24/00120653400141____1__600x600.jpg","price":"1,00 €","price_unit":"(4,55 € / Kilo)","categories":["Supermercado","Desayunos Dulces y pan","Desayunos, dulces y pan","Pan","Pan hamburguesas / perritos","BIMBO pan de hamburguesas 4 unidades bolsa 220 g"],"general_information":["Denominación del alimento: PANECILLO DE MOLDE, HAMBURGUESA. BOCATAS CON SÉSAMO.","Nombre del operador: Bimbo, S.A.U.","Dirección del operador: Avda Prat de la Riba s/n 08401 Granollers (Barcelona-Espanha)","Cantidad Neta: 220 g"],"ingredients":[" Harina de trigo, agua, levadura, azúcar, aceite vegetal (girasol), sal, semillas de sésamo (2%), conservadores (E-282, E-200, E-202), emulgentes (E-481, E-472e, E-471), vinagre de vino, gluten de trigo, harina de haba, estabilizante (E-466), corrector de acidez (E-341), agente de tratamiento de la harina (E-300). Puede contener huevo y/o leche y/o soja."],"conservation":" Mantener en lugar fresco y seco","ean":"8412600450079"},{"full_name":"BIMBO panecillos para perritos bolsa 6 unidades bolsa 330 g","name":"panecillos para perritos bolsa 6 unidades bolsa 330 g","brand":"BIMBO ","img":"https://sgfm.elcorteingles.es/SGFM/dctm/MEDIA02/CONTENIDOS/201412/12/00120653400109____1__600x600.jpg","price":"1,17 €","price_unit":"(3,55 € / Kilo)","categories":["Supermercado","Desayunos Dulces y pan","Desayunos, dulces y pan","Pan","Pan hamburguesas / perritos","BIMBO panecillos para perritos bolsa 6 unidades bolsa 330 g"],"general_information":["Denominación del alimento: PRODUCTO DE BOLLERÍA.","Nombre del operador: Bimbo, S.A.U.","Dirección del operador: Avda Prat de la Riba s/n 08401 Granollers (Barcelona)","Cantidad Neta: 330 g"],"ingredients":[" Harina de trigo, agua, levadura, azúcar, aceite vegetal (girasol), sal, gluten de trigo, conservadores (E-282, E-200, E-202), emulgentes (E-471, E-472e, E-481), vinagre de vino, harina de haba, corrector de acidez (E-341), estabilizante (E-466), agente de tratamiento de la harina (E-300). Puede contener huevo y/o semillas de sésamo y/o leche y/o soja."],"conservation":" Mantener en lugar fresco y seco","ean":"8412600450024"},{"full_name":"PANRICO pan de hamburguesas XL siempre tierno 2 unidades cortadas bolsa 150 g","name":"pan de hamburguesas XL siempre tierno 2 unidades cortadas bolsa 150 g","brand":"PANRICO ","img":"https://sgfm.elcorteingles.es/SGFM/dctm/MEDIA03/201709/21/00120653400612____1__600x600.jpg","price":"1,00 €","price_unit":"(6,67 € / Kilo)","categories":["Supermercado","Desayunos Dulces y pan","Desayunos, dulces y pan","Pan","Pan hamburguesas / perritos","PANRICO pan de hamburguesas XL siempre tierno 2 unidades cortadas bolsa 150 g"],"general_information":["Denominación del alimento: Pan especial","País de origen: España","Nombre del operador: Trigorico, SLU","Dirección del operador: Avda. de Castilla  60  39200 -Reinosa","Cantidad Neta: 150 g"],"ingredients":[" Harina de trigo, agua, azúcar, levadura, suero de leche en polvo, aceite vegetal (girasol), sal, semillas de sésamo, gluten de trigo, emulgentes (E 471, E 481, E 435), conservadores (E 282, E 200, E 202), estabilizante (goma guar), aromas, corrector de acidez (E 262), agente de tratamiento de la harina (ácido ascórbico). Puede contener frutos de cáscara, soja, huevos, huevo."],"conservation":" Conservar bien cerrado en lugar fresco, seco y no expuesto a la luz.","ean":"8434532494990"},{"full_name":"HAMBURGUESA NOSTRA pan de hamburguesas artesano con sésamo Raza Nostra 2 unidades bolsa 140 g","name":"pan de hamburguesas artesano con sésamo Raza Nostra 2 unidades bolsa 140 g","brand":"HAMBURGUESA NOSTRA ","img":"https://sgfm.elcorteingles.es/SGFM/dctm/MEDIA03/201704/06/00118480002650____1__600x600.jpg","price":"2,90 €","price_unit":"(20,71 € / Kilo)","categories":["Supermercado","Frescos","Carnicería","Picadas y hamburguesas","Hamburguesa Nostra","HAMBURGUESA NOSTRA pan de hamburguesas artesano con sésamo Raza Nostra 2 unidades bolsa 140 g"],"general_information":["Denominación del alimento: Bolsa pan sésamo","Nombre del operador: El Obrador de Hamburguesa Nostra, S.L.","Dirección del operador: Calle Alsasua, 14-16 Planta Baja. 28023. Madrid","Cantidad Neta: 140 g"],"ingredients":[" Harina de trigo (gluten), sal, agua, huevo, levadura, mantequilla (leche), leche, azúcar y sésamo. Puede contener trazas de frutos secos y soja."],"ean":"8436543243338"},{"full_name":"EL CORTE INGLES pan rústico con corteza bolsa 550 g","name":"pan rústico con corteza bolsa 550 g","brand":"EL CORTE INGLES ","img":"https://sgfm.elcorteingles.es/SGFM/dctm/MEDIA03/201605/27/00120667100760____1__600x600.jpg","price":"1,40 €","price_unit":"(2,55 € / Kilo)","categories":["Supermercado","Desayunos Dulces y pan","Desayunos, dulces y pan","Pan","Pan de molde rústico","EL CORTE INGLES pan rústico con corteza bolsa 550 g"],"general_information":["Denominación del alimento: Pan de molde","Nombre del operador: Panadería Milagros Díaz, S.L.","Dirección del operador: C/ Higares 3 45280 Olías del Rey Toledo España","Cantidad Neta: 550 g"],"ingredients":[" Harina de trigo, agua, levadura, aceite de girasol, azúcar, sal, vinagre, emulgentes  (E472e, E471, E481), dextrosa, harina de soja, conservadores (E282, E200), regulador de PH (E341i), antioxidante (E300), enzimas y agente de tratamiento de harina (E920). Puede contener trazas de sésamo"],"conservation":" Mantener en lugar fresco y seco","ean":"8433329039260"},{"full_name":"EL CORTE INGLES pan rústico integral con corteza bolsa 550 g","name":"pan rústico integral con corteza bolsa 550 g","brand":"EL CORTE INGLES ","img":"https://sgfm.elcorteingles.es/SGFM/dctm/MEDIA03/201605/27/00120667100778____1__600x600.jpg","price":"1,26 €","price_unit":"(2,29 € / Kilo)","categories":["Supermercado","Desayunos Dulces y pan","Desayunos, dulces y pan","Pan","Pan de molde rústico","EL CORTE INGLES pan rústico integral con corteza bolsa 550 g"],"general_information":["Denominación del alimento: Pan de molde","Nombre del operador: Elaborado para El Corte Inglés \npor Pandería Milagros Díaz, S.L. \nC/ Higares, 3 - 45280. Olías del Rey \nToledo \nEspaña","Cantidad Neta: 550 g","Número de raciones por envase: 17"],"ingredients":[" Ingredientes: Harina de trigo, agua, salvado de trigo (4,5%), levadura, aceite de girasol, azúcar, sal, vinagre de vino, harina de malta tostada (harina de cebada), emulgentes (E-472e, E-471, E-481), dextrosa, harina de soja, conservadores (E-282, E-200), corrector de acidez (E-341i), antioxidante (E-300), enzimas y agente de tratamiento de la harina (E-920). Puede contener trazas de sésamo"],"conservation":" Mantener en lugar fresco y seco.","ean":"8433329039277"},{"full_name":"EL CORTE INGLES pan rústico con cereales bolsa 550 g","name":"pan rústico con cereales bolsa 550 g","brand":"EL CORTE INGLES ","img":"https://sgfm.elcorteingles.es/SGFM/dctm/MEDIA03/201605/27/00120667100786____3__600x600.jpg","price":"1,62 €","price_unit":"(2,95 € / Kilo)","categories":["Supermercado","Desayunos Dulces y pan","Desayunos, dulces y pan","Pan","Pan de molde rústico","EL CORTE INGLES pan rústico con cereales bolsa 550 g"],"general_information":["Denominación del alimento: Pan de molde","Nombre del operador: Panadería Milagros Díaz, S.L.","Dirección del operador: C/ Higares 3 45280 Olías del Rey Toledo España","Cantidad Neta: 550 g"],"ingredients":[" Harina de trigo, agua, levadura, harina de malta tostada (harina de cebada), copos de avena, sémola de maíz, aceite de girasol, azúcar, sal, semillas de lino, harina de centeno, semillas de girasol, vinagre, semillas de sésamo, copos de trigo, emulgentes  (E472e, E471, E481), dextrosa, harina de soja, conservadores (E282, E200), salvado de soja, regulador de PH (E341i), antioxidante (E300), enzimas y agente de tratamiento de harina (E920). Puede contener trazas de sésamo"],"conservation":" Mantener en lugar fresco y seco","ean":"8433329039284"},{"full_name":"THE RUSTIK BAKERY pan 100% natural de masa madre envase 450 g","name":"pan 100% natural de masa madre envase 450 g","brand":"THE RUSTIK BAKERY ","img":"https://sgfm.elcorteingles.es/SGFM/dctm/MEDIA02/CONTENIDOS/201512/07/00120652900455____1__600x600.jpg","price":"1,99 €","price_unit":"(4,42 € / Kilo)","categories":["Supermercado","Desayunos Dulces y pan","Desayunos, dulces y pan","Pan","Pan de molde rústico","THE RUSTIK BAKERY pan 100% natural de masa madre envase 450 g"],"general_information":["Denominación del alimento: PAN ESPECIAL CON ACEITE DE OLIVA REFINADO (0,5%)","Nombre del operador: Bimbo, S.A.U.","Dirección del operador: Avda. Prat de la Riba s/n 08401 Granollers (Barcelona)","Cantidad Neta: 450 g"],"ingredients":[" Harina de trigo, agua, masa madre de trigo (10%), harina de centeno, levadura y otros microorganismos naturales (L.brevis y P.shermanii), semolina de trigo, sal, harina de maíz, aceite de oliva refinado (0,5%), vinagre de vino, aroma natural. Puede contener semillas de sésamo."],"conservation":" Mantener en lugar fresco y seco","ean":"8412600028124"},{"full_name":"THE RUSTIK BAKERY pan 100% natural de masa madre y cereales envase 450 g","name":"pan 100% natural de masa madre y cereales envase 450 g","brand":"THE RUSTIK BAKERY ","img":"https://sgfm.elcorteingles.es/SGFM/dctm/MEDIA02/CONTENIDOS/201512/07/00120652900463____1__600x600.jpg","price":"1,99 €","price_unit":"(4,42 € / Kilo)","categories":["Supermercado","Desayunos Dulces y pan","Desayunos, dulces y pan","Pan","Pan de molde rústico","THE RUSTIK BAKERY pan 100% natural de masa madre y cereales envase 450 g"],"general_information":["Denominación del alimento: PAN ESPECIAL MULTICEREALES Y SEMILLAS","Nombre del operador: Bimbo, S.A.U.","Dirección del operador: Avda. Prat de la Riba s/n 08401 Granollers (Barcelona)","Cantidad Neta: 450 g"],"ingredients":[" Harina de trigo, agua, masa madre de trigo (9%), harina de centeno (3,3%), semillas de linaza (3,2%), levadura y otros microorganismos naturales (L.brevis y P.shermanii), sal, semillas de lino amarillo (1,4%), semolina de trigo (1,2%), copos de centeno (1,1%), aceite de oliva refinado (1%), harina de maíz (0,9%), semillas de calabaza troceadas, fibra de trigo, copos de patatas, espelta troceada (0,7%), copos de avena (0,7%), gluten de trigo, harina de semillas de calabaza, germén de trigo, semillas de girasol (0,1%), alforfón troceado (0,1%), semillas de sésamo (0,1%)."],"conservation":" Mantener en lugar fresco y seco","ean":"8412600028131"},{"full_name":"THE RUSTIK BAKERY pan 100% natural con masa madre, quinoa, chía y espelta envase 450 g","name":"pan 100% natural con masa madre, quinoa, chía y espelta envase 450 g","brand":"THE RUSTIK BAKERY ","img":"https://sgfm.elcorteingles.es/SGFM/dctm/MEDIA03/201610/20/00200252900451____2__600x600.jpg","price":"1,99 €","price_unit":"(4,42 € / Kilo)","categories":["Supermercado","Desayunos Dulces y pan","Desayunos, dulces y pan","Pan","Pan de molde rústico","THE RUSTIK BAKERY pan 100% natural con masa madre, quinoa, chía y espelta envase 450 g"],"general_information":["Denominación del alimento: PAN DE MOLDE CON SEMILLAS DE QUINOA (2,1%), CHÍA (1,8%), ACEITE DE OLIVA REFINADO (1%) Y HARINA DE ESPELTA (0,7%)","Nombre del operador: Bimbo, S.A.U.","Dirección del operador: Avda. Prat de la Riba s/n 08401 Granollers (Barcelona-Espanha)","Cantidad Neta: 450 g"],"ingredients":[" Harina integral de trigo, agua, masa madre de trigo (10%), harina de trigo, levadura y otros microorganismos naturales (L.brevis y P.shermanii), harina de centeno, semillas de quinoa (2,1%), semillas de chía (1,8%), aceite de oliva refinado (1%), sal, harina de maíz, harina de espelta (0,7%), gluten de trigo, harina de cebada malteada. Puede contener trazas de semillas de sésamo."],"conservation":" Mantener en lugar fresco y seco","ean":"8412600029183"},{"full_name":"THE RUSTIK BAKERY barra de pan 100% natural de masa madre y cereales bolsa 400 g","name":"barra de pan 100% natural de masa madre y cereales bolsa 400 g","brand":"THE RUSTIK BAKERY ","img":"https://sgfm.elcorteingles.es/SGFM/dctm/MEDIA03/201611/24/00120652900521____1__600x600.jpg","price":"1,99 €","price_unit":"(4,98 € / Kilo)","categories":["Supermercado","Desayunos Dulces y pan","Desayunos, dulces y pan","Pan","Pan de molde rústico","THE RUSTIK BAKERY barra de pan 100% natural de masa madre y cereales bolsa 400 g"],"general_information":["Denominación del alimento: PAN ESPECIAL MULTICEREALES","Nombre del operador: Bimbo, S.A.U.","Dirección del operador: Avda. Prat de la Riba s/n 08401 Granollers (Barcelona-Espanha)","Cantidad Neta: 400 g"],"ingredients":[" Harina de trigo, agua, masa madre de trigo (9%), semillas de linaza (4%), semolina de trigo(3,7%), harina de centeno (3,5%), levadura y otros microorganismos naturales (L.brevis y P.shermanii), semillas de lino amarillo (2%), copos de centeno (1,2%), aceite de oliva refinado (1%), harina de maíz (1%), sal, fibra de trigo, semillas de calabaza troceadas, copos de patata, espelta troceada (0,7%), copos de avena (0,7%), semillas de girasol (0,4%), gluten de trigo, harina de semillas de calabaza, germen de trigo, alforfón troceado (0,3%), semillas de sésamo (0,3%)."],"conservation":" Mantener en lugar fresco y seco","ean":"8412600029190"},{"full_name":"PANRICO Cerealia pan de molde estilo rústico hecho con masa madre bolsa 500 g","name":"Cerealia pan de molde estilo rústico hecho con masa madre bolsa 500 g","brand":"PANRICO ","img":"https://sgfm.elcorteingles.es/SGFM/dctm/MEDIA03/201707/04/00120654801537____6__600x600.jpg","price":"1,74 €","price_unit":"(3,48 € / Kilo)","categories":["Supermercado","Desayunos Dulces y pan","Desayunos, dulces y pan","Pan","Pan de molde rústico","PANRICO Cerealia pan de molde estilo rústico hecho con masa madre bolsa 500 g"],"general_information":["Denominación del alimento: Pan especial","País de origen: España","Nombre del operador: Trigorico, SLU","Dirección del operador: Avda. de Castilla  60  39200 -Reinosa","Cantidad Neta: 500 g"],"ingredients":[" Harina de trigo (60%), agua, harina de centeno, levadura, masa madre (4%)(trigo), aceite vegetal de girasol, sal, azúcar, conservadores (ácido sórbico, propionato cálcico), vinagre, agente de tratamiento de la harina (ácido ascórbico)(trigo)."],"conservation":" Conservar bien cerrado en lugar fresco y seco.","ean":"8410022109124"},{"full_name":"EL CORTE INGLES barra de pan tierna cortada bolsa 500 g","name":"barra de pan tierna cortada bolsa 500 g","brand":"EL CORTE INGLES ","img":"https://sgfm.elcorteingles.es/SGFM/dctm/MEDIA03/201606/30/00120652900372____1__600x600.jpg","price":"1,45 €","price_unit":"(2,90 € / Kilo)","categories":["Supermercado","Desayunos Dulces y pan","Desayunos, dulces y pan","Pan","Panes diversos","EL CORTE INGLES barra de pan tierna cortada bolsa 500 g"],"general_information":["Denominación del alimento: Pan de molde","Nombre del operador: Panadería Milagros Díaz, S.L.","Dirección del operador: C/ Higares 3 45280 Olías del Rey Toledo España","Cantidad Neta: 500 g","Número de raciones por envase: 21"],"ingredients":[" Harina de trigo, agua, aceite de girasol, (2.37%), levadura, azúcar, sal, harina de malta (harina de cebada), masa madre (harina de trigo, agua, levadura), harina de soja, conservadores (E282, E200) y aroma. Puede contener trazas de sésamo"],"conservation":" Mantener en lugar fresco y seco","ean":"8433329039345"},{"full_name":"PAN ALEMAN hausbrot redondo centeno envase 500 g","name":"hausbrot redondo centeno envase 500 g","brand":"PAN ALEMAN ","img":"https://sgfm.elcorteingles.es/SGFM/dctm/MEDIA03/201604/20/00118574800050____1__600x600.jpg","price":"2,50 €","price_unit":"(5 € / Kilo)","categories":["Supermercado","Desayunos Dulces y pan","Desayunos, dulces y pan","Pan","Panes diversos","PAN ALEMAN hausbrot redondo centeno envase 500 g"],"general_information":[],"ingredients":[],"ean":"8427207011134"},{"full_name":"PAN ALEMAN seis cereales Sechs Saat envase 250 g","name":"seis cereales Sechs Saat envase 250 g","brand":"PAN ALEMAN ","img":"https://sgfm.elcorteingles.es/SGFM/dctm/MEDIA03/201604/20/00202874800044____1__600x600.jpg","price":"1,50 €","price_unit":"(6 € / Kilo)","categories":["Supermercado","Desayunos Dulces y pan","Desayunos, dulces y pan","Pan","Panes diversos","PAN ALEMAN seis cereales Sechs Saat envase 250 g"],"general_information":[],"ingredients":[],"ean":"8427207011028"},{"full_name":"PAN ALEMAN vierkornbrot cuatro granos envase 500 g","name":"vierkornbrot cuatro granos envase 500 g","brand":"PAN ALEMAN ","img":"https://sgfm.elcorteingles.es/SGFM/dctm/MEDIA03/201703/31/00118574800068____1__600x600.jpg","price":"2,50 €","price_unit":"(5 € / Kilo)","categories":["Supermercado","Desayunos Dulces y pan","Desayunos, dulces y pan","Pan","Panes diversos","PAN ALEMAN vierkornbrot cuatro granos envase 500 g"],"general_information":[],"ingredients":[],"ean":"8427207010038"},{"full_name":"PAN ALEMAN Vollkornbrot grano entero envase 500 g","name":"Vollkornbrot grano entero envase 500 g","brand":"PAN ALEMAN ","img":"https://sgfm.elcorteingles.es/SGFM/dctm/MEDIA03/201704/04/00118574800035____1__600x600.jpg","price":"2,50 €","price_unit":"(5 € / Kilo)","categories":["Supermercado","Desayunos Dulces y pan","Desayunos, dulces y pan","Pan","Panes diversos","PAN ALEMAN Vollkornbrot grano entero envase 500 g"],"general_information":[],"ingredients":[],"ean":"8427207011011"},{"full_name":"SILUETA Sandwich Thins pan 100% integral bajo en grasa rico en fibras grano completo 8 unidades bolsa 310 g","name":"Sandwich Thins pan 100% integral bajo en grasa rico en fibras grano completo 8 unidades bolsa 310 g","brand":"SILUETA ","img":"https://sgfm.elcorteingles.es/SGFM/dctm/CONTENIDOS/201511/24/00120667100711____2__600x600.jpg","price":"1,59 €","price_unit":"(5,13 € / Kilo)","categories":["Supermercado","Desayunos Dulces y pan","Desayunos, dulces y pan","Pan","Panes diversos","SILUETA Sandwich Thins pan 100% integral bajo en grasa rico en fibras grano completo 8 unidades bolsa 310 g"],"general_information":["Denominación del alimento: PAN ESPECIAL INTEGRAL","Nombre del operador: Bimbo, S.A.U.","Dirección del operador: Avda Prat de la Riba s/n 08401 Granollers (Barcelona)","Cantidad Neta: 310 g"],"ingredients":[" Harina integral de trigo, agua, levadura, gluten de trigo, azúcar, espesantes (E-460, E-1200, E-415, E-466), salvado de trigo (5,7%), sal, conservadores (E-282, E-200), emulgentes (E-471, E-472e), aceite vegetal (girasol), acidulante (E-330), antioxidante (E-300), almidón de trigo. Puede contener semillas de sésamo."],"conservation":" Mantener en lugar fresco y seco.","ean":"8412600024324"},{"full_name":"SILUETA Sandwich Thins pan con 8 cereales bajo en grasa rico en fibras grano completo 8 unidades bolsa 310 g","name":"Sandwich Thins pan con 8 cereales bajo en grasa rico en fibras grano completo 8 unidades bolsa 310 g","brand":"SILUETA ","img":"https://sgfm.elcorteingles.es/SGFM/dctm/CONTENIDOS/201511/24/00120667100703____2__600x600.jpg","price":"1,59 €","price_unit":"(5,13 € / Kilo)","categories":["Supermercado","Desayunos Dulces y pan","Desayunos, dulces y pan","Pan","Panes diversos","SILUETA Sandwich Thins pan con 8 cereales bajo en grasa rico en fibras grano completo 8 unidades bolsa 310 g"],"general_information":["Denominación del alimento: PAN ESPECIAL INTEGRAL","Nombre del operador: Bimbo, S.A.U.","Dirección del operador: Avda Prat de la Riba s/n 08401 Granollers (Barcelona)","Cantidad Neta: 310 g"],"ingredients":[" Harina integral de trigo, agua, espesantes (E-460, E-1200, E-415, E-466), levadura, gluten de trigo, azúcar, sal, aceite vegetal (girasol), emulgente (E-471, E-472e), conservadores (E-282, E-200), trigo troceado (0,3%), sémola de maiz (0,3%), copos de avena (0,3%), centeno troceado (0,3%), copos de trigo (0,25%), copos de centeno (0,2%) acidulante (E-330), antioxidante (E-300), almidón de trigo, semillas de mijo (0,05%), copos de cebada (0,05%), triticale troceado (0,05%), arroz integral troceado (0,05%), semillas de lino marrón. Puede contener semillas de sésamo."],"conservation":" Mantener en lugar fresco y seco.","ean":"8412600024317"},{"full_name":"SILUETA Sandwich Thins pan con quinoa 8 unidades bolsa 310 g","name":"Sandwich Thins pan con quinoa 8 unidades bolsa 310 g","brand":"SILUETA ","img":"https://sgfm.elcorteingles.es/SGFM/dctm/MEDIA03/201605/10/00120667101123____1__600x600.jpg","price":"1,59 €","price_unit":"(5,13 € / Kilo)","categories":["Supermercado","Desayunos Dulces y pan","Desayunos, dulces y pan","Pan","Panes diversos","SILUETA Sandwich Thins pan con quinoa 8 unidades bolsa 310 g"],"general_information":["Denominación del alimento: PAN ESPECIAL INTEGRAL","Nombre del operador: Bimbo, S.A.U.","Dirección del operador: Avda Prat de la Riba s/n 08401 Granollers (Barcelona)","Cantidad Neta: 310 g"],"ingredients":[" Harina integral de trigo, agua, harina de trigo, levadura, espesantes (E-460, E-1200, E-415, E-466), gluten de trigo, salvado de trigo (5%), azúcar, semillas de quinoa (1,9%), harina de quinoa (1,5%), sal, aceite vegetal (girasol), conservadores (E-282, E-200), emulgentes (E-471, E-472e), acidulante (E-330), agente de tratamiento de la harina (E-300). Puede contener semillas de sésamo."],"conservation":" Mantener en lugar fresco y seco.","ean":"8412600028742"},{"full_name":"BIMBO Rapiditas tortitas 8 unidades envase 168 g","name":"Rapiditas tortitas 8 unidades envase 168 g","brand":"BIMBO ","img":"https://sgfm.elcorteingles.es/SGFM/dctm/MEDIA02/CONTENIDOS/201411/04/00120667100885____1__600x600.jpg","price":"1,10 €","price_unit":"(6,55 € / Kilo)","categories":["Supermercado","Desayunos Dulces y pan","Desayunos, dulces y pan","Pan","Panes diversos","BIMBO Rapiditas tortitas 8 unidades envase 168 g"],"general_information":["Denominación del alimento: PAN ESPECIAL","Nombre del operador: Bimbo, S.A.U.","Dirección del operador: Avda Prat de la Riba s/n 08401 Granollers (Barcelona)","Cantidad Neta: 168 g"],"ingredients":[" Harina de trigo, agua, grasa vegetal (palma), estabilizantes (E-422, E-466, E-412), sal, gasificantes (E-500ii, E-450i), emulgente (E-471), dextrosa, conservadores (E-281, E-202), corrector de acidez (E-296)."],"conservation":" Mantener en lugar fresco y seco. Una vez abierto el envase, refrigerar y consumir antes de 3 días.","ean":"8412600027097"},{"full_name":"PANRICO Cerealia 9 cereales y semillas con avena sandwich fino paquete 180 g","name":"Cerealia 9 cereales y semillas con avena sandwich fino paquete 180 g","brand":"PANRICO ","img":"https://sgfm.elcorteingles.es/SGFM/dctm/MEDIA03/201707/04/00120667101024____3__600x600.jpg","price":"1,06 €","price_unit":"(5,89 € / Kilo)","categories":["Supermercado","Desayunos Dulces y pan","Desayunos, dulces y pan","Pan","Panes diversos","PANRICO Cerealia 9 cereales y semillas con avena sandwich fino paquete 180 g"],"general_information":["Denominación del alimento: Pan especialPão especial","País de origen: España","Nombre del operador: Trigorico, SLU","Dirección del operador: Avda. de Castilla  60  39200 -Reinosa","Cantidad Neta: 180 g"],"ingredients":[" Harina de trigo, agua, salvado de trigo (6,7%), azúcar, copos de avena (4%), grasa vegetal (palma), copos de trigo (2,5%), gluten de trigo, levadura, fibra vegetal, estabilizantes (polidextrosa, carboximetilcelulosa, goma xantana), harina de arroz, sal, dextrosa, semillas de girasol (1%), copos de cebada (0,9%), lino negro (0,8%), lino marrón (0,8%), mijo (0,8%), harina de malta (cebada y centeno) (0,8%), emulgentes (mono y diglicéridos de los ácidos grasos, estearoil-2-lactilato de sodio), conservadores (propionato cálcico, ácido sórbico), soja (0,4%), masa madre de sémola de trigo duro, sémola de maíz (0,2%), agente de tratamiento de la harina (ácido ascórbico)(trigo). Puede contener leche, avellanas, huevo."],"conservation":" Conservar bien cerrado en lugar fresco y seco. Conservar bem fechado em local fresco e seco.","ean":"8410022111530"},{"full_name":"CEDAR´S BREAD pan libanés 6 unidades bolsa 300 g","name":"pan libanés 6 unidades bolsa 300 g","brand":"CEDAR´S BREAD ","img":"https://sgfm.elcorteingles.es/SGFM/dctm/MEDIA03/201605/06/00118574700128____1__600x600.jpg","price":"1,50 €","price_unit":"(5 € / Kilo)","categories":["Supermercado","Desayunos Dulces y pan","Desayunos, dulces y pan","Pan","Panes diversos","CEDAR´S BREAD pan libanés 6 unidades bolsa 300 g"],"general_information":[],"ingredients":[],"ean":"8414606403998"},{"full_name":"EL PASTORCICO migas paquete 250 g","name":"migas paquete 250 g","brand":"EL PASTORCICO ","img":"https://sgfm.elcorteingles.es/SGFM/00/06/7/0120655300067/0120655300067000g01011.jpg","price":"2,79 €","price_unit":"(11,16 € / Kilo)","categories":["Supermercado","Desayunos Dulces y pan","Desayunos, dulces y pan","Pan","Panes diversos","EL PASTORCICO migas paquete 250 g"],"general_information":["Denominación del alimento: Migas de pan","Nombre del operador: El Pastorcico, S.L","Dirección del operador: C/ctra. Gallur, nº 14. Ejea de los Caballeros - 50600 Zaragoza","Cantidad Neta: 250,0 g"],"ingredients":[" Harina de trigo, agua, sal, levadura, E-300 y enzimas."],"conservation":" Consérvese en sitio seco.","ean":"8420529000015"},{"full_name":"PAN ORIENTAL pan de pita bolsa 300 g","name":"pan de pita bolsa 300 g","brand":"PAN ORIENTAL ","img":"https://sgfm.elcorteingles.es/SGFM/00/13/9/0200267100139/0200267100139000g01011.jpg","price":"0,96 €","price_unit":"(3,20 € / Kilo)","categories":["Supermercado","Desayunos Dulces y pan","Desayunos, dulces y pan","Pan","Panes diversos","PAN ORIENTAL pan de pita bolsa 300 g"],"general_information":["Denominación del alimento: Pan redondo de dos capas fino","Nombre del operador: Pita Sol S.L.","Dirección del operador: Av. De las Palmeras, 18 Nave A18. Pol. Ind. La Sendilla 28350 Ciempozuelos (Madrid) España.","Cantidad Neta: 390 g","Número de raciones por envase: 6"],"ingredients":[],"conservation":" Mantengase en lugar fresco (3 semanas a temperatura ambiente y 6 meses en el congelador).","ean":"8437001297016"},{"full_name":"VONDELMOLEN pan de centeno con nueces e higos ideal para comer con foie gras estuche 150 g","name":"pan de centeno con nueces e higos ideal para comer con foie gras estuche 150 g","brand":"VONDELMOLEN ","img":"https://sgfm.elcorteingles.es/SGFM/dctm/MEDIA03/201611/22/00120679400398____2__600x600.jpg","price":"1,99 €","categories":["Supermercado","Desayunos Dulces y pan","Desayunos, dulces y pan","Pan","Panes diversos","VONDELMOLEN pan de centeno con nueces e higos ideal para comer con foie gras estuche 150 g"],"general_information":[],"ingredients":[],"ean":"5410383015020"},{"full_name":"BENFUMAT mini blinis 20 unidades envase 135 g","name":"mini blinis 20 unidades envase 135 g","brand":"BENFUMAT ","img":"https://sgfm.elcorteingles.es/SGFM/dctm/MEDIA02/CONTENIDOS/201504/29/00118855100519____1__600x600.jpg","price":"3,75 €","price_unit":"(27,78 € / Kilo)","categories":["Supermercado","Desayunos Dulces y pan","Desayunos, dulces y pan","Pan","Panes diversos","BENFUMAT mini blinis 20 unidades envase 135 g"],"general_information":["Denominación del alimento: Blinis","Nombre del operador: Benfumat, S.A.","Dirección del operador: Pol. El Pla, C/ Pla, 122 -08980 Sant Feliu de Llobregat (Barcelona)","Cantidad Neta: 135 g","Número de raciones por envase: 30","Otras menciones obligatorias en la etiqueta: Envasado en atmósfera protectora"],"ingredients":[" Harina de trigo, aceite de girasol, leche desnatada en polvo, lactosa, proteínas de leche, lactosuero en polvo, huevos enteros y clara de huevo deshidratado, acidulante (ácido cítrico), polvo de levadura, sal antioxidante (ácido ascorbico). Contiene gluten, huevo y leche y productos a base de leche (incluida la lactosa). Puede contener semillas de sésamo."],"conservation":" Consérvese en el frigorífico entre 0°C y 5°C.","ean":"8411795110300"},{"full_name":"IGGY'S pan de pita 6 unidades estuche 300 g","name":"pan de pita 6 unidades estuche 300 g","brand":"IGGY'S ","img":"https://sgfm.elcorteingles.es/SGFM/00/02/6/0120667100026/0120667100026000g01011.jpg","price":"2,10 €","price_unit":"(7 € / Kilo)","categories":["Supermercado","Desayunos Dulces y pan","Desayunos, dulces y pan","Pan","Panes diversos","IGGY'S pan de pita 6 unidades estuche 300 g"],"general_information":[],"ingredients":[],"ean":"8414771851884"},{"full_name":"MISSION wraps original 6 unidades envase 370 g","name":"wraps original 6 unidades envase 370 g","brand":"MISSION ","img":"https://sgfm.elcorteingles.es/SGFM/dctm/MEDIA02/CONTENIDOS/201505/08/00120667100984____1__600x600.jpg","price":"1,95 €","price_unit":"(8,12 € / Kilo)","categories":["Supermercado","Desayunos Dulces y pan","Desayunos, dulces y pan","Pan","Panes diversos","MISSION wraps original 6 unidades envase 370 g"],"general_information":["Denominación del alimento: Tortillas de trigo","Nombre del operador: Mexifoods S.L.","Dirección del operador: C/ Paloma 2, P.I. Los Gallegos 28946, Fuenlabrada, Madrid.","Cantidad Neta: 370 g"],"ingredients":[" Harina de trigo (56%), agua, aceites vegetales (palma, girasol), estabilizantes: (glicerol, goma guar y E466), dextrosa, sal, emulgentes: E471 y E472e, acidulantes: ácido cítrico y ácido málico, gasificantes: E450 y E500, conservadores: E281 y E202, aroma natural."],"conservation":" Consérvese en lugar fresco y seco.","ean":"8422424100227"},{"full_name":"MISSION wraps multigrain con semillas de lino 6 unidades envase 370 g","name":"wraps multigrain con semillas de lino 6 unidades envase 370 g","brand":"MISSION ","img":"https://sgfm.elcorteingles.es/SGFM/dctm/MEDIA02/CONTENIDOS/201505/26/00200267101046____1__600x600.jpg","price":"1,95 €","price_unit":"(8,12 € / Kilo)","categories":["Supermercado","Desayunos Dulces y pan","Desayunos, dulces y pan","Pan","Panes diversos","MISSION wraps multigrain con semillas de lino 6 unidades envase 370 g"],"general_information":["Denominación del alimento: Tortillas de trigo","Nombre del operador: Mexifoods S.L.","Dirección del operador: C/ Paloma 2, P.I. Los Gallegos 28946, Fuenlabrada, Madrid.","Cantidad Neta: 370 g"],"ingredients":[" Harina de trigo (55%), agua, aceites vegetales (palma, girasol), estabilizantes: glicerol, goma guar y  E466, mezcla de semillas 2.2% (linaza marrón y linaza dorada), dextrosa, sal, emulgentes: E471 y E472e, acidulantes: ácido cítrico y ácido málico, gasificantes: E500 y E450, conservadores: E281 y E202, aroma natural."],"conservation":" Consérvese en lugar fresco y seco.","ean":"8422424100234"},{"full_name":"MISSION wraps con espelta y avena 6 unidades envase 370 g","name":"wraps con espelta y avena 6 unidades envase 370 g","brand":"MISSION ","img":"https://sgfm.elcorteingles.es/SGFM/dctm/MEDIA02/CONTENIDOS/201505/26/00200267101038____1__600x600.jpg","price":"1,95 €","price_unit":"(8,12 € / Kilo)","categories":["Supermercado","Desayunos Dulces y pan","Desayunos, dulces y pan","Pan","Panes diversos","MISSION wraps con espelta y avena 6 unidades envase 370 g"],"general_information":["Denominación del alimento: Wraps de trigo con espelta y avena","Nombre del operador: Mexifoods S.L.","Dirección del operador: C/ Paloma 2, P.I. Los Gallegos 28946, Fuenlabrada, Madrid.","Cantidad Neta: 370 g"],"ingredients":[" Harina de trigo (45%), agua, harina integral de espelta (6%), aceites vegetales (palma, girasol), copos de avena (3%), salvado de trigo (3%), estabilizantes: glicerol, goma guar y E466,  dextrosa, sal, gasificantes: E450 y E500, emulgentes: E471 y E472e, acidulantes: ácido cítrico y ácido málico, conservadores: E281 y E202, aroma natural."],"conservation":" Consérvese en lugar fresco y seco.","ean":"8422424100241"},{"full_name":"MISSION Dürüm tortillas 6 unidaes paquete 378 g","name":"Dürüm tortillas 6 unidaes paquete 378 g","brand":"MISSION ","img":"https://sgfm.elcorteingles.es/SGFM/dctm/MEDIA03/201710/19/00120667101255____1__600x600.jpg","price":"1,65 €","price_unit":"(4,37 € / Kilo)","categories":["Supermercado","Desayunos Dulces y pan","Desayunos, dulces y pan","Pan","Panes diversos","MISSION Dürüm tortillas 6 unidaes paquete 378 g"],"general_information":[],"ingredients":[],"ean":"8422424100302"},{"full_name":"MESTEMACHER pan de linaza ecológico paquete 500 g","name":"pan de linaza ecológico paquete 500 g","brand":"MESTEMACHER ","img":"https://sgfm.elcorteingles.es/SGFM/00/03/2/0120653000032/0120653000032000g01011.jpg","price":"3,41 €","price_unit":"(6,82 € / Kilo)","categories":["Supermercado","Desayunos Dulces y pan","Desayunos, dulces y pan","Pan","Panes diversos","MESTEMACHER pan de linaza ecológico paquete 500 g"],"general_information":["Denominación del alimento: PAN BIOLÓGICO INTEGRAL DE CENTENO CON SEMILLAS DE LINAZA","País de origen: Alemania","Nombre del operador: Casa Westfalia, S.A.","Dirección del operador: C/ Dels Roures 4, Polígono Industrial V2 - 17111 Vulpellac (Girona)","Cantidad Neta: 500 g"],"ingredients":[" Salvado integral de centeno*, agua, linaza* (5%), sal marina, levadura. *Ingredientes procedentes de agricultura orgánica. Puede contener trazas de frutos de cáscara, leche, soja y sésamo. Una vez abierto, guardar en frigorífico."],"conservation":" Mantener en lugar fresco y seco","ean":"4000446001650"},{"full_name":"MESTEMACHER pan ecológico integral con 3 cereales paquete 500 g","name":"pan ecológico integral con 3 cereales paquete 500 g","brand":"MESTEMACHER ","img":"https://sgfm.elcorteingles.es/SGFM/00/05/7/0120653000057/0120653000057000g01011.jpg","price":"3,56 €","price_unit":"(7,12 € / Kilo)","categories":["Supermercado","Desayunos Dulces y pan","Desayunos, dulces y pan","Pan","Panes diversos","MESTEMACHER pan ecológico integral con 3 cereales paquete 500 g"],"general_information":["Denominación del alimento: PAN BIOLÓGICO INTEGRAL CON 3 CEREALES","País de origen: Alemania","Nombre del operador: Casa Westfalia, S.A.","Dirección del operador: C/ Dels Roures 4, Polígono Industrial V2 - 17111 Vulpellac (Girona)","Cantidad Neta: 500 g"],"ingredients":[" Cereales* (granos enteros de centeno* (35%), harina integral de centeno* (14%), copos de avena* (3%)), agua, linaza*, sal marina, sésamo*, levadura. *Procedentes de cultivo orgánico. Puede contener trazas de frutos de cáscara, leche y soja. Una vez abierto, guardar en frigorífico."],"conservation":" Mantener en lugar fresco y seco","ean":"4000446001636"},{"full_name":"MESTEMACHER pan ecológico integral de centeno paquete 500 g","name":"pan ecológico integral de centeno paquete 500 g","brand":"MESTEMACHER ","img":"https://sgfm.elcorteingles.es/SGFM/00/06/5/0120653000065/0120653000065000g01011.jpg","price":"3,39 €","price_unit":"(6,78 € / Kilo)","categories":["Supermercado","Desayunos Dulces y pan","Desayunos, dulces y pan","Pan","Panes diversos","MESTEMACHER pan ecológico integral de centeno paquete 500 g"],"general_information":["Denominación del alimento: Pan biológico integral de centeno","País de origen: Alemania","Nombre del operador: Casa Westfalia, S.A.","Dirección del operador: C/ Dels Roures 4, Polígono Industrial V2 - 17111 Vulpellac (Girona)","Cantidad Neta: 500 g"],"ingredients":[" Cereales* (granos enteros de centeno*, harina integral de centeno*), agua, sal marina, levadura. *Procedentes de cultivo orgánico. Puede contener trazas de frutos de cáscara,  leche, soja, sésamo y  Una vez abierto, guardar en frigorífico."],"conservation":" Mantener en lugar fresco y seco","ean":"4000446001629"},{"full_name":"MESTEMACHER pan de payés paquete 400 g","name":"pan de payés paquete 400 g","brand":"MESTEMACHER ","img":"https://sgfm.elcorteingles.es/SGFM/dctm/MEDIA02/CONTENIDOS/201410/02/00120667100299____1__600x600.jpg","price":"3,36 €","price_unit":"(8,40 € / Kilo)","categories":["Supermercado","Desayunos Dulces y pan","Desayunos, dulces y pan","Pan","Panes diversos","MESTEMACHER pan de payés paquete 400 g"],"general_information":["Denominación del alimento: PAN DE PAYÉS","País de origen: Alemania","Nombre del operador: Casa Westfalia, S.A.","Dirección del operador: C/ Dels Roures 4, Polígono Industrial V2 - 17111 Vulpellac (Girona)","Cantidad Neta: 400 g"],"ingredients":[" Cereales (harina de centeno, harina de trigo, salvado de centeno), agua, fibra de avena, sal, levadura. Una vez abierto, guardar en frigorífico."],"conservation":" Mantener en lugar fresco y seco","ean":"4000446001179"},{"full_name":"MESTEMACHER pan negro de Westfalia Pumpernickel paquete 500 g","name":"pan negro de Westfalia Pumpernickel paquete 500 g","brand":"MESTEMACHER ","img":"https://sgfm.elcorteingles.es/SGFM/dctm/MEDIA02/CONTENIDOS/201410/02/00120667100307____1__600x600.jpg","price":"3,29 €","price_unit":"(6,58 € / Kilo)","categories":["Supermercado","Desayunos Dulces y pan","Desayunos, dulces y pan","Pan","Panes diversos","MESTEMACHER pan negro de Westfalia Pumpernickel paquete 500 g"],"general_information":["Denominación del alimento: PAN NEGRO WESTFALIA","País de origen: Alemania","Nombre del operador: Casa Westfalia, S.A.","Dirección del operador: C/ Dels Roures 4, Polígono Industrial V2 - 17111 Vulpellac (Girona)","Cantidad Neta: 500 g","Porcentaje de alcohol: 0%"],"ingredients":[" Granos enteros de centeno, agua, jarabe de remolacha azucarera, sal, extracto de malta (cebada), levadura. Puede contener trazas de frutos de cáscara, leche, soja y sésamo. Una vez abierto, guardar en frigorífico."],"conservation":" Mantener en lugar fresco y seco","ean":"4000446001018"},{"full_name":"MESTEMACHER pan integral de centeno con semillas de calabaza paquete 500 g","name":"pan integral de centeno con semillas de calabaza paquete 500 g","brand":"MESTEMACHER ","img":"https://sgfm.elcorteingles.es/SGFM/dctm/MEDIA02/CONTENIDOS/201410/02/00120667100315____1__600x600.jpg","price":"3,29 €","price_unit":"(6,58 € / Kilo)","categories":["Supermercado","Desayunos Dulces y pan","Desayunos, dulces y pan","Pan","Panes diversos","MESTEMACHER pan integral de centeno con semillas de calabaza paquete 500 g"],"general_information":["Denominación del alimento: PAN INTEGRAL DE CENTENO CON SEMILLAS DE CALABAZA","País de origen: Alemania","Nombre del operador: Casa Westfalia, S.A.","Dirección del operador: C/ Dels Roures 4, Polígono Industrial V2 - 17111 Vulpellac (Girona)","Cantidad Neta: 500 g","Porcentaje de alcohol: 0%"],"ingredients":[" Cereales (salvado integral de centeno triturados (37%), harina integral de centeno), agua, semillas de calabaza (5%), sal yodada, fibra de avena, levadura. Una vez abierto, guardar en frigorífico."],"conservation":" Mantener en lugar fresco y seco","ean":"4000446001797"},{"full_name":"MESTEMACHER pan ecológico integral con semillas de girasol paquete 500 g","name":"pan ecológico integral con semillas de girasol paquete 500 g","brand":"MESTEMACHER ","img":"https://sgfm.elcorteingles.es/SGFM/dctm/MEDIA02/CONTENIDOS/201410/02/00120653000040____1__600x600.jpg","price":"3,41 €","price_unit":"(6,82 € / Kilo)","categories":["Supermercado","Desayunos Dulces y pan","Desayunos, dulces y pan","Pan","Panes diversos","MESTEMACHER pan ecológico integral con semillas de girasol paquete 500 g"],"general_information":["Denominación del alimento: Pan biológico integral de centeno con semillas de girasol","País de origen: Alemania","Nombre del operador: Casa Westfalia, S.A.","Dirección del operador: C/ Dels Roures 4, Polígono Industrial V2 - 17111 Vulpellac (Girona)","Cantidad Neta: 500 g"],"ingredients":[" Cereales* (granos enteros de centeno* triturados, harina integral de centeno*), agua, semillas de girasol* (5%), sal marina, levadura. *Procedentes de cultivo orgánico. Puede contener trazas de frutos de cáscara, leche, soja y sésamo. Una vez abierto, guardar en frigorífico."],"conservation":" Mantener en lugar fresco y seco","ean":"4000446001643"},{"full_name":"ISOLA SARDA Panne Guttiau pan artesano de Cerdeña paquete 250 g","name":"Panne Guttiau pan artesano de Cerdeña paquete 250 g","brand":"ISOLA SARDA ","img":"https://sgfm.elcorteingles.es/SGFM/dctm/MEDIA03/201703/15/00120667101214____1__600x600.jpg","price":"5,35 €","price_unit":"(21,40 € / Kilo)","categories":["Supermercado","Desayunos Dulces y pan","Desayunos, dulces y pan","Pan","Panes diversos","ISOLA SARDA Panne Guttiau pan artesano de Cerdeña paquete 250 g"],"general_information":["Denominación del alimento: Pane Guttiau","País de origen: Italia","Nombre del operador: Inasa Import S.L","Dirección del operador: Calle Zurbarán 7. entreplanta 4-28010 Madrid","Lugar de procedencia del alimento: Italia","Cantidad Neta: 250 g"],"ingredients":[" Sémola de trigo duro, levadura de cerveza, agua, sal, aceite de oliva, Contiene gluten"],"conservation":" Almacenar en un lugar fresco y seco.","ean":"8055681100145"},{"full_name":"PITA pan de pita normal estuche 375 g","name":"pan de pita normal estuche 375 g","brand":"PITA ","img":"https://sgfm.elcorteingles.es/SGFM/00/12/5/0120667100125/0120667100125000g01011.jpg","price":"2,20 €","price_unit":"(5,87 € / Kilo)","categories":["Supermercado","Desayunos Dulces y pan","Desayunos, dulces y pan","Pan","Panes diversos","PITA pan de pita normal estuche 375 g"],"general_information":[],"ingredients":[],"ean":"8711505083062"},{"full_name":"VAN DER MEULEN pan negro paquete 500 g","name":"pan negro paquete 500 g","brand":"VAN DER MEULEN ","img":"https://sgfm.elcorteingles.es/SGFM/dctm/MEDIA02/CONTENIDOS/201411/19/00120667100208____1__600x600.jpg","price":"2,05 €","price_unit":"(4,10 € / Kilo)","categories":["Supermercado","Desayunos Dulces y pan","Desayunos, dulces y pan","Pan","Panes diversos","VAN DER MEULEN pan negro paquete 500 g"],"general_information":["Denominación del alimento: Pan de centeno","País de origen: Países Bajos","Nombre del operador: Alimentación Varma, S.L.","Dirección del operador: C/ La granja, 15 - Pol. Industrial Alcobendas. 28108 Alcobendas (Madrid) - España","Cantidad Neta: 500 g"],"ingredients":[" Centeno, Agua, trigo, sal ionizada, fibra (trigo), Acidulantes (E270 Acido láctico, E262 diacetato de sodio), conservantes (E200 ácido ascórbico, E282 Calcio propiónico)."],"conservation":" Conservar en lugar fresco y seco.","ean":"8710649000751"},{"full_name":"DOMINGUEZ blinis 6 unidades bolsa 160 g","name":"blinis 6 unidades bolsa 160 g","brand":"DOMINGUEZ ","img":"https://sgfm.elcorteingles.es/SGFM/dctm/MEDIA03/201712/26/00118855100972____1__600x600.jpg","price":"3,90 €","categories":["Supermercado","Desayunos Dulces y pan","Desayunos, dulces y pan","Pan","Panes diversos","DOMINGUEZ blinis 6 unidades bolsa 160 g"],"general_information":[],"ingredients":[],"ean":"8410662006203"},{"full_name":"DOMINGUEZ mini blinis especial cocktail pack 30 unidades bolsa 135 g","name":"mini blinis especial cocktail pack 30 unidades bolsa 135 g","brand":"DOMINGUEZ ","img":"https://sgfm.elcorteingles.es/SGFM/dctm/MEDIA03/201712/26/00118855100709____6__600x600.jpg","price":"4,08 €            ","price_unit":"(28,81 € / Kilo)","categories":["Supermercado","Desayunos Dulces y pan","Desayunos, dulces y pan","Pan","Panes diversos","DOMINGUEZ mini blinis especial cocktail pack 30 unidades bolsa 135 g"],"general_information":["Denominación del alimento: Mini blinis","Nombre del operador: Ahumados Dominguez, S.A.","Dirección del operador: C/ Laguna 12 , P.I. Urtinsa - 28923 Alcorcón - Madrid - España","Cantidad Neta: 135 g"],"ingredients":[" Agua, Harina de Trigo, Aceite de girasol, Lactosa, Proteína de leche, leche en polvo desnatada, suero de  leche en polvo, huevo, clara de huevo en polvo, levadura (carbonato ácido de sodio E-500ii, difostato disódico E-450), Sal, antioxidante E-300. Puede contener trazas de semilla de sésamo."],"conservation":" Conservar en refrigeración (entre 0°C y 5°C).","ean":"8410662006005"},{"full_name":"LABEYRIE mini blinis 20 unidades envase 168 g","name":"mini blinis 20 unidades envase 168 g","brand":"LABEYRIE ","img":"https://sgfm.elcorteingles.es/SGFM/dctm/MEDIA02/CONTENIDOS/201511/03/00120679400349____1__600x600.jpg","price":"2,49 €","price_unit":"(14,82 € / Kilo)","categories":["Supermercado","Desayunos Dulces y pan","Desayunos, dulces y pan","Pan","Panes diversos","LABEYRIE mini blinis 20 unidades envase 168 g"],"general_information":["Denominación del alimento: Mini Blinis.","Nombre del operador: Labeyrie Fine Foods International","Dirección del operador: rte. Bayonne (40230 SAINT GEOURS DE MAREMNE).","Cantidad Neta: 168 g"],"ingredients":[" Agua, harina de trigo, aceite de colza, mezcla lacteada (leche desnatada en polvo, lactosa y proteinas de leche), huevos enteros en polvo, levadura, sal, estabilizante : jarabe de sorbitol, emulsificante: lecitina de soja, polvos a levantar: fosfato monocalcico y carbonato acido de sodio, antioxidante : acido ascorbico, acidificante : acido citrico, azucar, conservador : sorbato de potassio."],"conservation":" Conserver en un lugar fresco y seco y  al abrigo del calor. No congelar de nuevo.","ean":"3292070100804"},{"full_name":"EL CORTE INGLES pan tostado original 60 rebanadas paquete 540 g formato familiar","name":"pan tostado original 60 rebanadas paquete 540 g","brand":"EL CORTE INGLES ","img":"https://sgfm.elcorteingles.es/SGFM/dctm/MEDIA03/201611/22/00120656702535____1__600x600.jpg","price":"1,63 €","price_unit":"(3,02 € / Kilo)","categories":["Supermercado","Desayunos Dulces y pan","Desayunos, dulces y pan","Pan","Biscotes","EL CORTE INGLES pan tostado original 60 rebanadas paquete 540 g formato familiar"],"general_information":["Denominación del alimento: PAN TOSTADO ORIGINAL","Nombre del operador: Elaborado para El Corte Inglés por \nJ.L. Docampo, S.L. - Parque Empresarial David Raposeiras PARC.4.18 -                                    36550 FORCAREI (PONTEVEDRA) - España","Cantidad Neta: 540 g","Número de raciones por envase: 60"],"ingredients":[" Ingredientes: Harina de trigo, agua, aceite de girasol alto oleico (3,1%), azúcar, sal, levadura, gluten de trigo, emulgentes (E-481 y E-472e) y antioxidante (E-300). Puede contener trazas de soja, sésamo y otros cereales."],"conservation":" Conservar en lugar fresco y seco","ean":"8433329069311"},{"full_name":"EL CORTE INGLES pan tostado multicereal 60 rebanadas paquete 540 g formato familiar","name":"pan tostado multicereal 60 rebanadas paquete 540 g","brand":"EL CORTE INGLES ","img":"https://sgfm.elcorteingles.es/SGFM/dctm/MEDIA03/201611/22/00120656702550____1__600x600.jpg","price":"2,39 €","price_unit":"(4,43 € / Kilo)","categories":["Supermercado","Desayunos Dulces y pan","Desayunos, dulces y pan","Pan","Biscotes","EL CORTE INGLES pan tostado multicereal 60 rebanadas paquete 540 g formato familiar"],"general_information":["Denominación del alimento: PAN TOSTADO MULTICEREAL","Nombre del operador: Elaborado para El Corte Inglés por \nJ.L. Docampo, S.L. - Parque Empresarial David Raposeiras PARC.4.18 -                                    36550 FORCAREI (PONTEVEDRA) - España","Cantidad Neta: 540 g","Número de raciones por envase: 60"],"ingredients":[" Ingredientes: Harina de trigo (53%), agua, semillas de linaza, sésamo, girasol y  copos de avena (2,6%),  aceite de girasol alto oleico (2.6%), azúcar, sal, levadura,  gluten de trigo, harina de malta (0,1%), emulgentes ( E-481 y E-472e ) y antioxidante ( E- 300 ). Puede contener trazas de soja y otros cereales."],"conservation":" Conservar en lugar fresco y seco","ean":"8433329069335"},{"full_name":"EL CORTE INGLES pan tostado sin sal ni azúcar 60 rebanadas paquete 540 g formato familiar","name":"pan tostado sin sal ni azúcar 60 rebanadas paquete 540 g","brand":"EL CORTE INGLES ","img":"https://sgfm.elcorteingles.es/SGFM/dctm/MEDIA03/201611/24/00120656702576____1__600x600.jpg","price":"1,89 €","price_unit":"(3,50 € / Kilo)","categories":["Supermercado","Desayunos Dulces y pan","Desayunos, dulces y pan","Pan","Biscotes","EL CORTE INGLES pan tostado sin sal ni azúcar 60 rebanadas paquete 540 g formato familiar"],"general_information":["Denominación del alimento: Pan tostado sin sal y sin azúcares añadidos. Contiene azúcares naturalmente presentes.","Nombre del operador: Elaborado para El Corte Inglés por \nJ.L. Docampo, S.L. - Parque Empresarial David Raposeiras PARC.4.18 -                                    36550 FORCAREI (PONTEVEDRA) - España","Cantidad Neta: 540 g","Número de raciones por envase: 60"],"ingredients":[" Ingredientes: Harina de trigo, agua, aceite de girasol alto oleico (3.2%), gluten de trigo, levadura, emulgentes (E-481 y E-472e) y antioxidante (E-300). Puede contener trazas de soja, sésamo y otros cereales."],"conservation":" Conservar en lugar fresco y seco","ean":"8433329069342"},{"full_name":"EL CORTE INGLES pan tostado original 30 rebanadas paquete 270 g","name":"pan tostado original 30 rebanadas paquete 270 g","brand":"EL CORTE INGLES ","img":"https://sgfm.elcorteingles.es/SGFM/dctm/MEDIA03/201611/22/00120656702527____1__600x600.jpg","price":"0,99 €","price_unit":"(3,67 € / Kilo)","categories":["Supermercado","Desayunos Dulces y pan","Desayunos, dulces y pan","Pan","Biscotes","EL CORTE INGLES pan tostado original 30 rebanadas paquete 270 g"],"general_information":["Denominación del alimento: PAN TOSTADO ORIGINAL","Nombre del operador: Elaborado para El Corte Inglés por \nJ.L. Docampo, S.L. - Parque Empresarial David Raposeiras PARC.4.18 -                                    36550 FORCAREI (PONTEVEDRA) - España","Cantidad Neta: 270 g","Número de raciones por envase: 30"],"ingredients":[" Ingredientes: Harina de trigo, agua, aceite de girasol alto oleico (3,1%), azúcar, sal, levadura, gluten de trigo, emulgentes (E-481 y E-472e) y antioxidante (E-300). Puede contener trazas de soja, sésamo y otros cereales."],"conservation":" Conservar en lugar fresco y seco","ean":"8433329069359"},{"full_name":"EL CORTE INGLES pan tostado multicereal 30 rebanadas paquete 270 g","name":"pan tostado multicereal 30 rebanadas paquete 270 g","brand":"EL CORTE INGLES ","img":"https://sgfm.elcorteingles.es/SGFM/dctm/MEDIA03/201611/22/00120656702543____1__600x600.jpg","price":"1,24 €","price_unit":"(4,59 € / Kilo)","categories":["Supermercado","Desayunos Dulces y pan","Desayunos, dulces y pan","Pan","Biscotes","EL CORTE INGLES pan tostado multicereal 30 rebanadas paquete 270 g"],"general_information":["Denominación del alimento: PAN TOSTADO MULTICEREAL","Nombre del operador: Elaborado para El Corte Inglés por \nJ.L. Docampo, S.L. - Parque Empresarial David Raposeiras PARC.4.18 -                                    36550 FORCAREI (PONTEVEDRA) - España","Cantidad Neta: 270 g","Número de raciones por envase: 30"],"ingredients":[" Ingredientes: Harina de trigo (53%), agua, semillas de linaza, sésamo, girasol y  copos de avena (2,6%),  aceite de girasol alto oleico (2.6%), azúcar, sal, levadura,  gluten de trigo, harina de malta (0,1%), emulgentes ( E-481 y E-472e ) y antioxidante ( E- 300 ). Puede contener trazas de soja y otros cereales."],"conservation":" Conservar en lugar fresco y seco","ean":"8433329069373"},{"full_name":"EL CORTE INGLES pan tostado sin sal ni azúcar 30 rebanadas paquete 270 g","name":"pan tostado sin sal ni azúcar 30 rebanadas paquete 270 g","brand":"EL CORTE INGLES ","img":"https://sgfm.elcorteingles.es/SGFM/dctm/MEDIA03/201611/22/00120656702568____1__600x600.jpg","price":"1,11 €","price_unit":"(4,11 € / Kilo)","categories":["Supermercado","Desayunos Dulces y pan","Desayunos, dulces y pan","Pan","Biscotes","EL CORTE INGLES pan tostado sin sal ni azúcar 30 rebanadas paquete 270 g"],"general_information":["Denominación del alimento: Pan tostado sin sal y sin azúcares añadidos. Contiene azúcares naturalmente presentes.","Nombre del operador: Elaborado para El Corte Inglés por \nJ.L. Docampo, S.L. - Parque Empresarial David Raposeiras PARC.4.18 -                                    36550 FORCAREI (PONTEVEDRA) - España","Cantidad Neta: 270 g","Número de raciones por envase: 30"],"ingredients":[" Ingredientes: Harina de trigo, agua, aceite de girasol alto oleico (3.2%), gluten de trigo, levadura, emulgentes (E-481 y E-472e) y antioxidante (E-300). Puede contener trazas de soja, sésamo y otros cereales."],"conservation":" Conservar en lugar fresco y seco","ean":"8433329069380"},{"full_name":"EL CORTE INGLES biscotes fuente de fibra envase 225 g","name":"biscotes fuente de fibra envase 225 g","brand":"EL CORTE INGLES ","img":"https://sgfm.elcorteingles.es/SGFM/dctm/MEDIA03/201610/05/00120656702428____1__600x600.jpg","price":"1,16 €","price_unit":"(5,16 € / Kilo)","categories":["Supermercado","Desayunos Dulces y pan","Desayunos, dulces y pan","Pan","Biscotes","EL CORTE INGLES biscotes fuente de fibra envase 225 g"],"general_information":["Denominación del alimento: Biscotes de harina de trigo","Cantidad Neta: 225 g","Número de raciones por envase: 15"],"ingredients":[" Ingredientes: Harina de trigo (83%), grasa de palma, suero de leche, aceite de girasol, dextrosa, extracto de malta (cebada), gluten de trigo, levadura, sal, emulgentes: E 472e y E 322 (soja), harina de soja, antioxidante: E 300. Puede contener trazas de semillas de sésamo"],"conservation":" Conservar en lugar fresco y seco y protegido de la luz.\nUna vez abierto, mantener la bolsa perfectamente cerrada.","ean":"8433329072090"},{"full_name":"EL CORTE INGLES mini biscotes con pasas bolsa 150 g","name":"mini biscotes con pasas bolsa 150 g","brand":"EL CORTE INGLES ","img":"https://sgfm.elcorteingles.es/SGFM/dctm/MEDIA03/201702/01/00120656702642____1__600x600.jpg","price":"1,49 €","price_unit":"(9,93 € / Kilo)","categories":["Supermercado","Desayunos Dulces y pan","Desayunos, dulces y pan","Pan","Biscotes","EL CORTE INGLES mini biscotes con pasas bolsa 150 g"],"general_information":["Denominación del alimento: Mini biscotes de harina de trigo con pasas","Cantidad Neta: 150 g","Número de raciones por envase: 10"],"ingredients":[" Ingredientes: Harina de trigo (72%), pasas de uva (25%), grasa de palma, sal, aceite de girasol, levadura, suero de leche, extracto de malta (cebada), gluten de trigo, harina de soja, emulgentes: E 472e y E 322 (soja), antioxidante: E 300. Puede contener trazas de semillas de sésamo"],"conservation":" Conservar en lugar fresco y seco y protegido de la luz.\nUna vez abierto, mantener la bolsa perfectamente cerrada.","ean":"8433329072083"},{"full_name":"EL CORTE INGLES mini biscotes envase 120 g","name":"mini biscotes envase 120 g","brand":"EL CORTE INGLES ","img":"https://sgfm.elcorteingles.es/SGFM/dctm/MEDIA03/201610/05/00120656702436____1__600x600.jpg","price":"0,58 €","price_unit":"(4,83 € / Kilo)","categories":["Supermercado","Desayunos Dulces y pan","Desayunos, dulces y pan","Pan","Biscotes","EL CORTE INGLES mini biscotes envase 120 g"],"general_information":["Denominación del alimento: Mini biscotes de harina de trigo","Cantidad Neta: 120 g","Número de raciones por envase: ~7"],"ingredients":[" Ingredientes: Harina de trigo (78%), grasa de palma, suero de leche, aceite de girasol, dextrosa, extracto de malta (cebada), gluten de trigo, sal, levadura, emulgentes: E 472e y E 322 (soja), harina de soja, antioxidante: E 300. Puede contener trazas de semillas de sésamo"],"conservation":" Conservar en lugar fresco y seco y protegido de la luz.\nUna vez abierto, mantener la bolsa perfectamente cerrada.","ean":"8433329072113"},{"full_name":"RECONDO pan tostado 10 cereales alto contenido en envase ahorro 80 rebanadas paquete 640 g","name":"pan tostado 10 cereales alto contenido en envase ahorro 80 rebanadas paquete 640 g","brand":"RECONDO ","img":"https://sgfm.elcorteingles.es/SGFM/dctm/MEDIA03/201610/18/00120656701073____1__600x600.jpg","price":"1,00 €","price_unit":"(1,56 € / Kilo)","categories":["Supermercado","Desayunos Dulces y pan","Desayunos, dulces y pan","Pan","Biscotes","RECONDO pan tostado 10 cereales alto contenido en envase ahorro 80 rebanadas paquete 640 g"],"general_information":["Denominación del alimento: Pan Tostado Multicereal","Nombre del operador: Brioche Pasquier Recondo S.L.","Dirección del operador: C/Juan Thalamás Labandibar, 31 - 20305 Irún (Guipúzcoa)","Cantidad Neta: 640 g"],"ingredients":[" Harina de trigo 65%, cereales 18,1 % (harina de triticale 5,4%, harina de avena 3,6%, harina de cebada malteada 1,8%, harina de centeno 1,8%, harina de espelta 1,4%, harina de arroz 1,4%, harina de alforfón 0,9%, granos de mijo 0,9%, germen de trigo 0,5%, harina de panizo 0,2%, harina de trigo malteado 0,1%), levadura, jarabe de glucosa y fructosa, aceite vegetal (girasol), gluten de trigo, sal y agente de tratamiento de la harina:ácido ascórbico. Puede contener trazas de frutos de cáscara, huevos, leche y granos de sésamo."],"conservation":" Consérvese en un lugar fresco y seco.","ean":"8410706004592"},{"full_name":"RECONDO mini biscotes 200 unidades bolsa 400 g","name":"mini biscotes 200 unidades bolsa 400 g","brand":"RECONDO ","img":"https://sgfm.elcorteingles.es/SGFM/dctm/MEDIA03/201712/11/00120656702329____2__600x600.jpg","price":"2,79 €","price_unit":"(6,98 € / Kilo)","categories":["Supermercado","Desayunos Dulces y pan","Desayunos, dulces y pan","Pan","Biscotes","RECONDO mini biscotes 200 unidades bolsa 400 g"],"general_information":["Denominación del alimento: Mini biscotes","Nombre del operador: Brioche Pasquier Recondo S.L.","Dirección del operador: C/Juan Thalamás Labandibar, 31 - 20305 Irún (Guipúzcoa)","Cantidad Neta: 400 g"],"ingredients":[" Harina de trigo (78%) , grasa vegetal (palma), lactosuero, aceite vegetal (girasol), dextrosa, extracto de malta (cebada),levadura, gluten de trigo, sal, harina de soja, emulgente: (E472f y E322), agente de tratamiento de la harina: ácido ascórbico. Este producto contiene trigo, lactosuero, cebada, soja y gluten. Puede contener trazas de semillas de sésamo."],"conservation":" Consérvese en un lugar fresco y seco.","ean":"8410706003809"},{"full_name":"RECONDO pan tostado tradicional con aceite de oliva 30 rebanadas paquete 270 g","name":"pan tostado tradicional con aceite de oliva 30 rebanadas paquete 270 g","brand":"RECONDO ","img":"https://sgfm.elcorteingles.es/SGFM/dctm/MEDIA03/201605/06/00120656700083____1__600x600.jpg","price":"1,75 €","price_unit":"(6,48 € / Kilo)","categories":["Supermercado","Desayunos Dulces y pan","Desayunos, dulces y pan","Pan","Biscotes","RECONDO pan tostado tradicional con aceite de oliva 30 rebanadas paquete 270 g"],"general_information":["Denominación del alimento: Pan Tostado","Nombre del operador: Brioche Pasquier Recondo S.L.","Dirección del operador: C/Juan Thalamás Labandibar, 31 - 20305 Irún (Guipúzcoa)","Cantidad Neta: 270 g"],"ingredients":[" Harina de trigo (88%), levadura, azúcar, aceite vegetal (girasol), sal, aceite de oliva 1%, lactosuero, harina de cebada malteada, gluten de trigo y agente de tratamiento de la harina: ácido ascórbico. Este producto contiene trigo, gluten, leche y cebada. Puede contener trazas de frutos de cáscara, huevos y granos de sésamo."],"conservation":" Consérvese en un lugar fresco y seco.","ean":"8410706000167"},{"full_name":"RECONDO Equilibrio Tradicional pan tostado sin sal y sin azúcar 30 rebanadas paquete 270 g","name":"Equilibrio Tradicional pan tostado sin sal y sin azúcar 30 rebanadas paquete 270 g","brand":"RECONDO ","img":"https://sgfm.elcorteingles.es/SGFM/dctm/MEDIA03/201612/28/00120656700091____1__600x600.jpg","price":"1,75 €","price_unit":"(6,48 € / Kilo)","categories":["Supermercado","Desayunos Dulces y pan","Desayunos, dulces y pan","Pan","Biscotes","RECONDO Equilibrio Tradicional pan tostado sin sal y sin azúcar 30 rebanadas paquete 270 g"],"general_information":["Denominación del alimento: Pan Tostado Equilibrio- Tradicional muy Bajo en sal y Sin Azúcares añadidos","Nombre del operador: Brioche Pasquier Recondo S.L.","Dirección del operador: C/Juan Thalamás Labandibar, 31 - 20305 Irún (Guipúzcoa)","Cantidad Neta: 270 g"],"ingredients":[" Harina de trigo 90%, levadura, grasa vegetal (palma), gluten de trigo y agente de tratamiento de la harina: ácido ascórbico. Este producto contiene gluten y trigo. Puede contener trazas de frutos de cáscara, huevos, leche y semillas de sésamo."],"conservation":" Consérvese en un lugar fresco y seco.","ean":"8410706000310"},{"full_name":"RECONDO Multi Vitalidad pan tostado 10 cereales con amapola y sésamo estuche 270 g","name":"Multi Vitalidad pan tostado 10 cereales con amapola y sésamo estuche 270 g","brand":"RECONDO ","img":"https://sgfm.elcorteingles.es/SGFM/dctm/MEDIA03/201605/06/00120656700992____1__600x600.jpg","price":"1,79 €","price_unit":"(6,63 € / Kilo)","categories":["Supermercado","Desayunos Dulces y pan","Desayunos, dulces y pan","Pan","Biscotes","RECONDO Multi Vitalidad pan tostado 10 cereales con amapola y sésamo estuche 270 g"],"general_information":["Denominación del alimento: Pan Tostado Cereales","Nombre del operador: Brioche Pasquier Recondo S.L.","Dirección del operador: C/Juan Thalamás Labandibar, 31 - 20305 Irún (Guipúzcoa)","Cantidad Neta: 270 g"],"ingredients":[" Harina de trigo 65%, cereales 14,9% (harina de triticale 4,4%, harina de avena 2,9%, harina de cebada malteada 1,7%, harina de centeno 1,5%, harina de espelta 1,2%, harina de arroz 1,2%, harina de alforfón 0,7%, granos de mijo 0,7%, germen de trigo 0,4%, harina de panizo 0,1%, harina de trigo malteada 0,1%), levadura, jarabe de glucosa y fructosa, aceite vegetal (girasol), gluten de trigo, semillas de sésamo (1,6%), semillas de amapola (1,6%), sal y agente de tratamiento de la harina: ácido ascórbico. Este producto contiene trigo, triticale, avena, cebada, centeno, espelta, gluten y granos de sésamo.  Puede contener trazas de frutos de cáscara, leche y huevos."],"conservation":" Consérvese en un lugar fresco y seco.","ean":"8410706003632"},{"full_name":"RECONDO Fitness pan tostado solo 0,2 g de grasa paquete 270 g","name":"Fitness pan tostado solo 0,2 g de grasa paquete 270 g","brand":"RECONDO ","img":"https://sgfm.elcorteingles.es/SGFM/dctm/MEDIA03/201612/28/00120656700794____1__600x600.jpg","price":"1,79 €","price_unit":"(6,63 € / Kilo)","categories":["Supermercado","Desayunos Dulces y pan","Desayunos, dulces y pan","Pan","Biscotes","RECONDO Fitness pan tostado solo 0,2 g de grasa paquete 270 g"],"general_information":["Denominación del alimento: Pan Tostado Fitness - Bajo en Grasa","Nombre del operador: Brioche Pasquier Recondo S.L.","Dirección del operador: C/Juan Thalamás Labandibar, 31 - 20305 Irún (Guipúzcoa)","Cantidad Neta: 270 g"],"ingredients":[" Harina de trigo (89%), levadura, jarabe de glucosa y fructosa, lactosuero, sal, fibra vegetal, emulgente: E471, vitamina E, vitamina B6, tiamina (B1), agente de tratamiento de la harina: ácido ascórbico. Este producto contiene trigo y lactosuero. Puede contener trazas de frutos de cáscara, huevos y semillas de sésamo."],"conservation":" Consérvese en un lugar fresco y seco.","ean":"8410706003359"},{"full_name":"RECONDO tostadas para canapé cuadradas formato ahorro estuche 200 g","name":"tostadas para canapé cuadradas formato ahorro estuche 200 g","brand":"RECONDO ","img":"https://sgfm.elcorteingles.es/SGFM/dctm/MEDIA03/201609/30/00120656700935____2__600x600.jpg","price":"2,99 €            ","price_unit":"(13,45 € / Kilo)","categories":["Supermercado","Desayunos Dulces y pan","Desayunos, dulces y pan","Pan","Biscotes","RECONDO tostadas para canapé cuadradas formato ahorro estuche 200 g"],"general_information":["Denominación del alimento: Tostadas canapés","Nombre del operador: Brioche Pasquier Recondo S.L.","Dirección del operador: C/Juan Thalamás Labandibar, 31 - 20305 Irún (Guipúzcoa)","Cantidad Neta: 200 g"],"ingredients":[" Harina de trigo (94%), levadura, sal, harina de cebada malteada, emulgentes: E 481 y lecitina de soja. Este producto contiene trigo, gluten, cebada y soja. Puede contener trazas de leche y sésamo."],"conservation":" Consérvese en un lugar fresco y seco.","ean":"8410706004325"},{"full_name":"RECONDO mini biscotes paquete 120 g 60 unidades","name":"mini biscotes paquete 120 g","brand":"RECONDO ","img":"https://sgfm.elcorteingles.es/SGFM/dctm/MEDIA03/201609/30/00120656700075____1__600x600.jpg","price":"1,05 €","price_unit":"(8,75 € / Kilo)","categories":["Supermercado","Desayunos Dulces y pan","Desayunos, dulces y pan","Pan","Biscotes","RECONDO mini biscotes paquete 120 g 60 unidades"],"general_information":["Denominación del alimento: Mini biscotes","Nombre del operador: Brioche Pasquier Recondo S.L.","Dirección del operador: C/Juan Thalamás Labandibar, 31 - 20305 Irún (Guipúzcoa)","Cantidad Neta: 120 g"],"ingredients":[" Harina de trigo (78%) , grasa vegetal (palma), lactosuero, aceite vegetal (girasol), dextrosa, extracto de malta (cebada),levadura, gluten de trigo, sal, harina de soja, emulgente: (E472f y E322), agente de tratamiento de la harina: ácido ascórbico. Este producto contiene trigo, lactosuero, cebada y soja. Puede contener trazas de sésamo."],"conservation":" Consérvese en un lugar fresco y seco.","ean":"8410706000372"},{"full_name":"RECONDO tostadas para canapé redondas estuche 110 g","name":"tostadas para canapé redondas estuche 110 g","brand":"RECONDO ","img":"https://sgfm.elcorteingles.es/SGFM/dctm/MEDIA03/201609/30/00120656701172____1__600x600.jpg","price":"1,36 €","price_unit":"(12,36 € / Kilo)","categories":["Supermercado","Desayunos Dulces y pan","Desayunos, dulces y pan","Pan","Biscotes","RECONDO tostadas para canapé redondas estuche 110 g"],"general_information":["Denominación del alimento: Tostadas canapés redondas","Nombre del operador: Brioche Pasquier Recondo S.L.","Dirección del operador: C/Juan Thalamás Labandibar, 31 - 20305 Irún (Guipúzcoa)","Cantidad Neta: 110 g"],"ingredients":[" Harina de trigo (94%), levadura, sal, harina de cebada malteada, emulgentes: E 481 y lecitina de soja. Este producto contiene trigo, gluten, cebada y soja. Puede contener trazas de leche y sésamo."],"conservation":" Consérvese en un lugar fresco y seco.","ean":"8410706004400"},{"full_name":"RECONDO tostadas para canapé cuadradas 5 packs estuche 100 g","name":"tostadas para canapé cuadradas 5 packs estuche 100 g","brand":"RECONDO ","img":"https://sgfm.elcorteingles.es/SGFM/dctm/MEDIA03/201609/30/00120656702162____2__600x600.jpg","price":"1,36 €","price_unit":"(13,60 € / Kilo)","categories":["Supermercado","Desayunos Dulces y pan","Desayunos, dulces y pan","Pan","Biscotes","RECONDO tostadas para canapé cuadradas 5 packs estuche 100 g"],"general_information":["Denominación del alimento: Tostadas canapés","Nombre del operador: Brioche Pasquier Recondo S.L.","Dirección del operador: C/Juan Thalamás Labandibar, 31 - 20305 Irún (Guipúzcoa)","Cantidad Neta: 100 g"],"ingredients":[" Harina de trigo (94%), levadura, sal, harina de cebada malteada, emulgentes: E 481 y lecitina de soja. Este producto contiene trigo, cebada, gluten y soja. Puede contener trazas de leche y sésamo."],"conservation":" Consérvese en un lugar fresco y seco.","ean":"8410706003298"},{"full_name":"RECONDO Tapas del Chef pan tostado tradicional bolsa 100 g","name":"Tapas del Chef pan tostado tradicional bolsa 100 g","brand":"RECONDO ","img":"https://sgfm.elcorteingles.es/SGFM/dctm/MEDIA03/201710/31/00120656703160____1__600x600.jpg","price":"1,89 €","price_unit":"(18,90 € / Kilo)","categories":["Supermercado","Desayunos Dulces y pan","Desayunos, dulces y pan","Pan","Biscotes","RECONDO Tapas del Chef pan tostado tradicional bolsa 100 g"],"general_information":["Denominación del alimento: Pan tostado","Nombre del operador: Brioche Pasquier Recondo S.L.","Dirección del operador: C/Juan Thalamás Labandibar, 31 - 20305 Irún (Guipúzcoa)","Cantidad Neta: 100 g"],"ingredients":[" Harina de trigo 85%, harina de centeno, materia grasa vegetal (girasol), azúcar, sal, harina de cebada malteada, fibra de trigo, gluten de trigo, levadura y agente de tratamiento de la harina: ácido ascórbico. Este producto contiene trigo, centeno, cebada y gluten. Puede contener trazas de frutos de cáscara, leche, huevos, y granos de sésamo."],"conservation":" Consérvese en un lugar fresco y seco.","ean":"8410700000781"},{"full_name":"RECONDO Tapas del Chef pan tostado tradicional bolsa 85 g","name":"Tapas del Chef pan tostado tradicional bolsa 85 g","brand":"RECONDO ","img":"https://sgfm.elcorteingles.es/SGFM/dctm/MEDIA03/201610/20/00120656702469____1__600x600.jpg","price":"1,55 €","price_unit":"(18,24 € / Kilo)","categories":["Supermercado","Desayunos Dulces y pan","Desayunos, dulces y pan","Pan","Biscotes","RECONDO Tapas del Chef pan tostado tradicional bolsa 85 g"],"general_information":["Denominación del alimento: Pan tostado","Nombre del operador: Brioche Pasquier Recondo S.L.","Dirección del operador: C/Juan Thalamás Labandibar, 31 - 20305 Irún (Guipúzcoa)","Cantidad Neta: 85 g"],"ingredients":[" Harina de trigo 88%, levadura, aceite vegetal (girasol), azúcar,  harina de centeno malteado tostado, fibra de trigo, sal, proteínas de trigo hidrolizadas y agente de tratamiento de la harina: ácido ascórbico. Este producto contiene gluten, centeno  y trigo. Puede contener trazas de frutos de cáscara, huevos, leche, apio y granos de sésamo."],"conservation":" Consérvese en un lugar fresco y seco.","ean":"8410700000552"},{"full_name":"RECONDO Tapas del Chef pan tostado con nueces bolsa 100 g","name":"Tapas del Chef pan tostado con nueces bolsa 100 g","brand":"RECONDO ","img":"https://sgfm.elcorteingles.es/SGFM/dctm/MEDIA03/201710/31/00120656703186____1__600x600.jpg","price":"1,89 €","price_unit":"(18,90 € / Kilo)","categories":["Supermercado","Desayunos Dulces y pan","Desayunos, dulces y pan","Pan","Biscotes","RECONDO Tapas del Chef pan tostado con nueces bolsa 100 g"],"general_information":["Denominación del alimento: Pan tostado","Nombre del operador: Brioche Pasquier Recondo S.L.","Dirección del operador: C/Juan Thalamás Labandibar, 31 - 20305 Irún (Guipúzcoa)","Cantidad Neta: 100 g"],"ingredients":[" Harina de trigo 87%, nueces de pecán troceadas 8%, grasa vegetal (palma), azúcar, sal, fibra de trigo, gluten de trigo, levadura, aroma natural de nuez y agente de tratamiento de la harina: ácido ascórbico. Este producto contiene trigo, gluten y nueces de pecán. Puede contener trazas de frutos de cáscara, leche, huevos y granos de sésamo."],"conservation":" Consérvese en un lugar fresco y seco.","ean":"8410700000804"},{"full_name":"RECONDO Tapas del Chef pan tostado con aceitunas bolsa 100 g","name":"Tapas del Chef pan tostado con aceitunas bolsa 100 g","brand":"RECONDO ","img":"https://sgfm.elcorteingles.es/SGFM/dctm/MEDIA03/201710/31/00120656703178____1__600x600.jpg","price":"1,89 €","price_unit":"(18,90 € / Kilo)","categories":["Supermercado","Desayunos Dulces y pan","Desayunos, dulces y pan","Pan","Biscotes","RECONDO Tapas del Chef pan tostado con aceitunas bolsa 100 g"],"general_information":["Denominación del alimento: Pan tostado","Nombre del operador: Brioche Pasquier Recondo S.L.","Dirección del operador: C/Juan Thalamás Labandibar, 31 - 20305 Irún (Guipúzcoa)","Cantidad Neta: 100 g"],"ingredients":[" Harina de trigo 79%, harina de centeno, aceitunas verdes troceadas parcialmente deshidratadas 6,2%, materia grasa vegetal (girasol), azúcar, aceitunas negras troceadas parcialmente deshidratadas 1,6%, harina de cebada malteada tostada, sal, fibra de trigo, levadura, gluten de trigo, harina de arroz y agente de tratamiento de la harina: ácido ascórbico. Este producto contiene trigo, gluten y cebada. Puede contener trazas de frutos de cáscara, leche, huevos y granos de sésamo."],"conservation":" Consérvese en un lugar fresco y seco.","ean":"8410700000798"},{"full_name":"ORTIZ pan tostado estilo tradicional extracrujiente 60 rebanadas paquete 648 g","name":"pan tostado estilo tradicional extracrujiente 60 rebanadas paquete 648 g","brand":"ORTIZ ","img":"https://sgfm.elcorteingles.es/SGFM/dctm/MEDIA03/201701/26/00120656702824____1__600x600.jpg","price":"3,23 €","price_unit":"(4,98 € / Kilo)","categories":["Supermercado","Desayunos Dulces y pan","Desayunos, dulces y pan","Pan","Biscotes","ORTIZ pan tostado estilo tradicional extracrujiente 60 rebanadas paquete 648 g"],"general_information":["Denominación del alimento: PAN TOSTADO","Nombre del operador: Panificación Industrial de Vergel, S.L.U.","Dirección del operador: C/ Josep Pla, Nº2, 08019 (Barcelona-Espanha)","Cantidad Neta: 648 g"],"ingredients":[" Harina de trigo, aceite vegetal (girasol) 3,1%, levadura, extracto de cebada malteada, azúcar, sal, agente de tratamiento de la harina (E-300). Puede contener semillas de sésamo."],"conservation":" Mantener en lugar fresco y seco.","ean":"8412600051207"},{"full_name":"ORTIZ pan tostado extracrujiente con bajo contenido en sal y sin azúcares añadidos paquete 648 g 60 rebanadas","name":"pan tostado extracrujiente con bajo contenido en sal y sin azúcares añadidos paquete 648 g","brand":"ORTIZ ","img":"https://sgfm.elcorteingles.es/SGFM/dctm/MEDIA03/201701/26/00120656702840____1__600x600.jpg","price":"3,29 €","price_unit":"(5,08 € / Kilo)","categories":["Supermercado","Desayunos Dulces y pan","Desayunos, dulces y pan","Pan","Biscotes","ORTIZ pan tostado extracrujiente con bajo contenido en sal y sin azúcares añadidos paquete 648 g 60 rebanadas"],"general_information":["Denominación del alimento: PAN TOSTADO INTEGRAL","Nombre del operador: Panificación Industrial de Vergel, S.L.U.","Dirección del operador: C/ Josep Pla, Nº2, 08019 (Barcelona-Espanha)","Cantidad Neta: 648 g"],"ingredients":[" Harina integral de trigo, harina de trigo, aceite vegetal (girasol) 3,2%, levadura, gluten de trigo, extracto de cebada malteada, agente de tratamiento de la harina (E-300). Puede contener semillas de sésamo. Contiene azúcares naturalmente presentes."],"conservation":" Mantener en lugar fresco y seco.","ean":"8412600051184"},{"full_name":"ORTIZ pan tostado estilo tradicional extra crujiente 30 rebanadas paquete 324 g","name":"pan tostado estilo tradicional extra crujiente 30 rebanadas paquete 324 g","brand":"ORTIZ ","img":"https://sgfm.elcorteingles.es/SGFM/dctm/MEDIA03/201711/30/00120656702782____5__600x600.jpg","price":"1,91 €","price_unit":"(5,90 € / Kilo)","categories":["Supermercado","Desayunos Dulces y pan","Desayunos, dulces y pan","Pan","Biscotes","ORTIZ pan tostado estilo tradicional extra crujiente 30 rebanadas paquete 324 g"],"general_information":[],"ingredients":[],"ean":"8412600051269"},{"full_name":"ORTIZ pan tostado multicereales extracrujiente 30 rebanadas paquete 288 g","name":"pan tostado multicereales extracrujiente 30 rebanadas paquete 288 g","brand":"ORTIZ ","img":"https://sgfm.elcorteingles.es/SGFM/dctm/MEDIA03/201711/30/00120656702808____6__600x600.jpg","price":"1,87 €","price_unit":"(6,49 € / Kilo)","categories":["Supermercado","Desayunos Dulces y pan","Desayunos, dulces y pan","Pan","Biscotes","ORTIZ pan tostado multicereales extracrujiente 30 rebanadas paquete 288 g"],"general_information":["Denominación del alimento: PAN TOSTADO MULTICEREAL","Nombre del operador: Panificación Industrial de Vergel, S.L.U.","Dirección del operador: C/ Josep Pla, Nº2, 08019 (Barcelona-Espanha)","Cantidad Neta: 288 g"],"ingredients":[" Harina de trigo, harina integral de trigo, levadura, azúcar, aceite vegetal (girasol)2,2%, gluten de trigo, extracto de cebada malteada, sal, harina de avena (0,8%), harina de cebada (0,7%), harina de centeno (0,6%), semillas de lino marrón, semillas de sésamo, semillas de girasol, salvado de centeno, semillas de lino amarillo, semillas de mijo (0,2%), agente de tratamiento de la harina (E-300)."],"conservation":" Mantener en lugar fresco y seco.","ean":"8412600051092"},{"full_name":"ORTIZ pan tostado extracrujiente con bajo contenido en sal y sin azúcares añadidos paquete 324 g 30 rebanadas","name":"pan tostado extracrujiente con bajo contenido en sal y sin azúcares añadidos paquete 324 g","brand":"ORTIZ ","img":"https://sgfm.elcorteingles.es/SGFM/dctm/MEDIA03/201711/30/00120656702816____6__600x600.jpg","price":"1,91 €","price_unit":"(5,90 € / Kilo)","categories":["Supermercado","Desayunos Dulces y pan","Desayunos, dulces y pan","Pan","Biscotes","ORTIZ pan tostado extracrujiente con bajo contenido en sal y sin azúcares añadidos paquete 324 g 30 rebanadas"],"general_information":["Denominación del alimento: PAN TOSTADO INTEGRAL","Nombre del operador: Panificación Industrial De Vergel, S.L.U.","Dirección del operador: C/ Josep Pla, Nº2, 08019 (Barcelona-Espanha)","Cantidad Neta: 324 g"],"ingredients":[" Harina integral de trigo, harina de trigo, aceite vegetal (girasol) 3,2%, levadura, gluten de trigo, extracto de cebada malteada, agente de tratamiento de la harina (E-300). Puede contener semillas de sésamo. Contiene azúcares naturalmente presentes."],"conservation":" Mantener en lugar fresco y seco.","ean":"8412600051177"},{"full_name":"BIMBO tostas redondas vitaminadas paquete 300 g","name":"tostas redondas vitaminadas paquete 300 g","brand":"BIMBO ","img":"https://sgfm.elcorteingles.es/SGFM/dctm/MEDIA03/201711/17/00120656700331____1__600x600.jpg","price":"1,92 €","price_unit":"(6,40 € / Kilo)","categories":["Supermercado","Desayunos Dulces y pan","Desayunos, dulces y pan","Pan","Biscotes","BIMBO tostas redondas vitaminadas paquete 300 g"],"general_information":["Denominación del alimento: PAN TOSTADO","Nombre del operador: Bimbo, S.A.U.","Dirección del operador: Avda Prat de la Riba s/n 08401 Granollers (Barcelona)","Cantidad Neta: 300 g"],"ingredients":[" Harina de trigo, aceite vegetal (girasol 4,3%), dextrosa, levadura, extracto de malta de cebada y maíz, sal, vitaminas: (niacina, ácido pantoténico, B6, riboflavina, tiamina, ácido fólico), lactato ferroso. Puede contener leche y/o soja."],"conservation":" Mantener en lugar fresco y seco","ean":"8412600500125"},{"full_name":"BIMBO pan tostado tradicional 30 rebanadas bolsa 270 g","name":"pan tostado tradicional 30 rebanadas bolsa 270 g","brand":"BIMBO ","img":"https://sgfm.elcorteingles.es/SGFM/dctm/MEDIA03/201709/06/00120656701917____1__600x600.jpg","price":"1,00 €","price_unit":"(3,70 € / Kilo)","categories":["Supermercado","Desayunos Dulces y pan","Desayunos, dulces y pan","Pan","Biscotes","BIMBO pan tostado tradicional 30 rebanadas bolsa 270 g"],"general_information":["Denominación del alimento: PAN TOSTADO","Nombre del operador: Bimbo S.A.U.","Dirección del operador: Avda Prat de la Riba s/n 08401 Granollers (Barcelona-Espanha)","Cantidad Neta: 270 g"],"ingredients":[" Harina de trigo, levadura, aceite vegetal (girasol) 2,5%, extracto de cebada malteada, azúcar, sal, agente de tratamiento de la harina (E-300). Puede contener semillas de sésamo."],"conservation":" Mantener en lugar fresco y seco.","ean":"8412600050811"},{"full_name":"BIMBO Soluciones pan para canapés 36 unidades bolsa 250 g","name":"Soluciones pan para canapés 36 unidades bolsa 250 g","brand":"BIMBO ","img":"https://sgfm.elcorteingles.es/SGFM//01/73/5/0120656701735/0120656701735000g01011.jpg","price":"1,53 €","price_unit":"(6,12 € / Kilo)","categories":["Supermercado","Desayunos Dulces y pan","Desayunos, dulces y pan","Pan","Biscotes","BIMBO Soluciones pan para canapés 36 unidades bolsa 250 g"],"general_information":["Denominación del alimento: PAN DE MOLDE","Nombre del operador: Bimbo, S.A.U.","Dirección del operador: Avda Prat de la Riba s/n 08401 Granollers (Barcelona)","Cantidad Neta: 250 g"],"ingredients":[" Harina de trigo, agua, aceite vegetal (colza), azúcar, aroma, levadura, sal, gluten de trigo, emulgentes (E-471, E-481), espesante (E-417), conservador (E-282), agente de tratamiento de la harina (E-300). Puede contener trazas de leche y/o huevo y/o semillas de sésamo."],"conservation":" Mantener en lugar fresco y seco.","ean":"8412600022696"},{"full_name":"BIMBO mini tostas extrafinas estuche 100 g","name":"mini tostas extrafinas estuche 100 g","brand":"BIMBO ","img":"https://sgfm.elcorteingles.es/SGFM/dctm/MEDIA02/CONTENIDOS/201511/24/00200256700386____1__600x600.jpg","price":"1,89 €            ","price_unit":"(12,50 € / Kilo)","categories":["Supermercado","Desayunos Dulces y pan","Desayunos, dulces y pan","Pan","Biscotes","BIMBO mini tostas extrafinas estuche 100 g"],"general_information":["Denominación del alimento: PAN TOSTADO","Nombre del operador: Bimbo, S.A.U.","Dirección del operador: Avda Prat de la Riba s/n 08401 Granollers (Barcelona)","Cantidad Neta: 100 g"],"ingredients":[" Harina de trigo, aceite vegetal (girasol 3,2%), levadura, sal, dextrosa, extracto de malta de cebada y maíz. Puede contener semillas de sésamo y/o soja."],"conservation":" Mantener en lugar fresco y seco.","ean":"8000270018004"},{"full_name":"BIMBO mini tostas extrafinas redondas estuche 100 g","name":"mini tostas extrafinas redondas estuche 100 g","brand":"BIMBO ","img":"https://sgfm.elcorteingles.es/SGFM/dctm/MEDIA02/CONTENIDOS/201511/24/00200256700394____1__600x600.jpg","price":"1,89 €            ","price_unit":"(12,50 € / Kilo)","categories":["Supermercado","Desayunos Dulces y pan","Desayunos, dulces y pan","Pan","Biscotes","BIMBO mini tostas extrafinas redondas estuche 100 g"],"general_information":["Denominación del alimento: PAN TOSTADO","Nombre del operador: Bimbo, S.A.U.","Dirección del operador: Avda Prat de la Riba s/n 08401 Granollers (Barcelona)","Cantidad Neta: 100 g"],"ingredients":[" Harina de trigo, aceite vegetal (girasol 3,7%), levadura, sal, dextrosa, extracto de malta de cebada y maíz. Puede contener semillas de sésamo y/o soja."],"conservation":" Mantener en lugar fresco y seco.","ean":"8000270018257"},{"full_name":"BIMBO tostaditas con arándanos ideal para quesos y foie bolsa 100 g","name":"tostaditas con arándanos ideal para quesos y foie bolsa 100 g","brand":"BIMBO ","img":"https://sgfm.elcorteingles.es/SGFM/dctm/MEDIA02/CONTENIDOS/201510/23/00200256701285____1__600x600.jpg","price":"1,61 €            ","price_unit":"(14,90 € / Kilo)","categories":["Supermercado","Desayunos Dulces y pan","Desayunos, dulces y pan","Pan","Biscotes","BIMBO tostaditas con arándanos ideal para quesos y foie bolsa 100 g"],"general_information":["Denominación del alimento: PAN ESPECIAL","Nombre del operador: Bimbo, S.A.U.","Dirección del operador: Avda Prat de la Riba s/n 08401 Granollers (Barcelona)","Cantidad Neta: 100 g"],"ingredients":[" Harina de trigo, arándanos rojos (11%), aceite vegetal (girasol), azúcar, levadura, sal. Puede contener trazas de huevo y/o soja y/o semillas de sésamo y/o leche."],"conservation":" Mantener en lugar fresco y seco.","ean":"8412600022665"},{"full_name":"BIMBO tostaditas de aceitunas y romero ideales para ahumados y ensaladas bolsa 100 g","name":"tostaditas de aceitunas y romero ideales para ahumados y ensaladas bolsa 100 g","brand":"BIMBO ","img":"https://sgfm.elcorteingles.es/SGFM/dctm/MEDIA02/CONTENIDOS/201510/26/00200256702382____1__600x600.jpg","price":"1,69 €","price_unit":"(16,90 € / Kilo)","categories":["Supermercado","Desayunos Dulces y pan","Desayunos, dulces y pan","Pan","Biscotes","BIMBO tostaditas de aceitunas y romero ideales para ahumados y ensaladas bolsa 100 g"],"general_information":["Denominación del alimento: PAN ESPECIAL: PAN TOSTADO CON ACEITUNAS NEGRAS TROCEADAS (1,6%) Y ROMERO (1%)","Nombre del operador: Bimbo, S.A.U.","Dirección del operador: Avda. Prat de la Riba s/n 08401 Granollers (Barcelona)","Cantidad Neta: 100 g"],"ingredients":[" Harina de trigo, aceite de oliva refinado (5%), azúcar, aceite vegetal (girasol), levadura, aceitunas negras troceadas (1,6%), sal, especias (romero (1%), oregano, albahaca). Puede contener trazas de huevo y/o soja y/o semillas de sésamo y/o leche."],"conservation":" Mantener en lugar fresco y seco","ean":"8412600027417"},{"full_name":"BIMBO tostaditas al toque de cebolla ideales para ahumados y quesos bolsa 100 g","name":"tostaditas al toque de cebolla ideales para ahumados y quesos bolsa 100 g","brand":"BIMBO ","img":"https://sgfm.elcorteingles.es/SGFM/dctm/MEDIA03/201709/25/00120656703004____1__600x600.jpg","price":"1,69 €            ","price_unit":"(14,90 € / Kilo)","categories":["Supermercado","Desayunos Dulces y pan","Desayunos, dulces y pan","Pan","Biscotes","BIMBO tostaditas al toque de cebolla ideales para ahumados y quesos bolsa 100 g"],"general_information":[],"ingredients":[],"ean":"8412600051283"},{"full_name":"BIMBO tostaditas de manzana y pasas ideales para paté y embutido bolsa 100 g","name":"tostaditas de manzana y pasas ideales para paté y embutido bolsa 100 g","brand":"BIMBO ","img":"https://sgfm.elcorteingles.es/SGFM/dctm/MEDIA03/201709/25/00120656702998____1__600x600.jpg","price":"1,69 €            ","price_unit":"(14,90 € / Kilo)","categories":["Supermercado","Desayunos Dulces y pan","Desayunos, dulces y pan","Pan","Biscotes","BIMBO tostaditas de manzana y pasas ideales para paté y embutido bolsa 100 g"],"general_information":[],"ingredients":[],"ean":"8412600051290"},{"full_name":"FRANJUBA tostas de chapata con pasas para acompañar foies y quesos bolsa 125 g","name":"tostas de chapata con pasas para acompañar foies y quesos bolsa 125 g","brand":"FRANJUBA ","img":"https://sgfm.elcorteingles.es/SGFM/01/16/4/0120656701164/0120656701164000g01011.jpg","price":"1,74 €","price_unit":"(13,92 € / Kilo)","categories":["Supermercado","Desayunos Dulces y pan","Desayunos, dulces y pan","Pan","Biscotes","FRANJUBA tostas de chapata con pasas para acompañar foies y quesos bolsa 125 g"],"general_information":["Denominación del alimento: Tostas Chapata con pasas","Nombre del operador: Franjuba Pan, S.L.","Dirección del operador: Pta. Jerez. Avda de la Patente, 1, 11591 Jerez de la Frotera, Cádiz - España","Cantidad Neta: 125 g"],"ingredients":[" Harina de trigo , agua, uvas pasas (sulfitos) (25%), aceite de oliva, levadura y sal. Puede contener trazas de sésamo, leche y sus derivados(incluido lactosa) y soja."],"conservation":" Conservar cerrado en lugar fresco y seco.","ean":"8428150000237"},{"full_name":"FRANJUBA Gourmet tostas con frutos rojos con aceite de oliva bolsa 110 g","name":"Gourmet tostas con frutos rojos con aceite de oliva bolsa 110 g","brand":"FRANJUBA ","img":"https://sgfm.elcorteingles.es/SGFM/dctm/MEDIA03/201712/19/00120655304119____6__600x600.jpg","price":"1,49 €","price_unit":"(13,55 € / Kilo)","categories":["Supermercado","Desayunos Dulces y pan","Desayunos, dulces y pan","Pan","Biscotes","FRANJUBA Gourmet tostas con frutos rojos con aceite de oliva bolsa 110 g"],"general_information":[],"ingredients":[],"ean":"8428150001319"},{"full_name":"FRANJUBA Gourmet tostas con sésamo, naranja y con aceite de oliva bolsa 110 g","name":"Gourmet tostas con sésamo, naranja y con aceite de oliva bolsa 110 g","brand":"FRANJUBA ","img":"https://sgfm.elcorteingles.es/SGFM/dctm/MEDIA03/201712/19/00120655304101____6__600x600.jpg","price":"1,49 €","price_unit":"(13,55 € / Kilo)","categories":["Supermercado","Desayunos Dulces y pan","Desayunos, dulces y pan","Pan","Biscotes","FRANJUBA Gourmet tostas con sésamo, naranja y con aceite de oliva bolsa 110 g"],"general_information":[],"ingredients":[],"ean":"8428150001302"},{"full_name":"DOCAMPO pan tostado tradicional elaborado con aceite de girasol alto oleico 80 rebanadas paquete 720 g","name":"pan tostado tradicional elaborado con aceite de girasol alto oleico 80 rebanadas paquete 720 g","brand":"DOCAMPO ","img":"https://sgfm.elcorteingles.es/SGFM/dctm/MEDIA03/201707/07/00120656702907____1__600x600.jpg","price":"1,95 €","price_unit":"(2,71 € / Kilo)","categories":["Supermercado","Desayunos Dulces y pan","Desayunos, dulces y pan","Pan","Biscotes","DOCAMPO pan tostado tradicional elaborado con aceite de girasol alto oleico 80 rebanadas paquete 720 g"],"general_information":["Denominación del alimento: Pan tostado","Nombre del operador: Jose Luis Domcapo S.L.","Dirección del operador: P.I. David Raposeiras Parc. 4.18 s/n, 36550 Soutelo de Montes, Pontevedra","Cantidad Neta: 720 g"],"ingredients":[" Harina de trigo, agua, aceite de girasol alto oléico (3.1%), azúcar, sal, levadura, gluten de trigo, emulgentes (E-481 y E-472e), antioxidante (E-300)."],"conservation":" Conservar en lugar fresco y seco","ean":"8436550310023"},{"full_name":"DOCAMPO pan tostado rústico multicereal con aceite de girasol alto oleico paquete 315 g","name":"pan tostado rústico multicereal con aceite de girasol alto oleico paquete 315 g","brand":"DOCAMPO ","img":"https://sgfm.elcorteingles.es/SGFM/dctm/MEDIA02/CONTENIDOS/201503/11/00120656702055000_1__600x600.jpg","price":"1,64 €","price_unit":"(5,21 € / Kilo)","categories":["Supermercado","Desayunos Dulces y pan","Desayunos, dulces y pan","Pan","Biscotes","DOCAMPO pan tostado rústico multicereal con aceite de girasol alto oleico paquete 315 g"],"general_information":[],"ingredients":[],"ean":"8436550312188"},{"full_name":"LA GAVILLA tostadas de pan clásicas para cualquier condimento bolsa 100 g","name":"tostadas de pan clásicas para cualquier condimento bolsa 100 g","brand":"LA GAVILLA ","img":"https://sgfm.elcorteingles.es/SGFM/dctm/MEDIA03/201710/19/00120656702964____1__600x600.jpg","price":"1,99 €            ","price_unit":"(18,90 € / Kilo)","categories":["Supermercado","Desayunos Dulces y pan","Desayunos, dulces y pan","Pan","Biscotes","LA GAVILLA tostadas de pan clásicas para cualquier condimento bolsa 100 g"],"general_information":["Denominación del alimento: Pan tostado clásico 100g","Nombre del operador: Martiko, S.A.","Dirección del operador: P.I. Zalain, s/n - C.P. 31780 Navarra (España)","Lugar de procedencia del alimento: Navarra, España.","Cantidad Neta: 100 g"],"ingredients":[" Harina de trigo, agua, azúcar, mantequilla (mantequilla, colorante: E160a), sal, levadura, harina de trigo malteada, enzimas y antioxidante:E300. Puede contener trazas de soja y sésamo."],"conservation":" Mantener en lugar fresco y seco. Una vez abierto consumir en los próximos 10 días.","ean":"8412540109150"},{"full_name":"LA GAVILLA tostadas de pan con pasas especiales para foie bolsa 100 g","name":"tostadas de pan con pasas especiales para foie bolsa 100 g","brand":"LA GAVILLA ","img":"https://sgfm.elcorteingles.es/SGFM/dctm/MEDIA03/201710/19/00120656700877____7__600x600.jpg","price":"1,99 €            ","price_unit":"(18,90 € / Kilo)","categories":["Supermercado","Desayunos Dulces y pan","Desayunos, dulces y pan","Pan","Biscotes","LA GAVILLA tostadas de pan con pasas especiales para foie bolsa 100 g"],"general_information":["Denominación del alimento: pan tostado de pasas","Nombre del operador: Martiko, S.A.","Dirección del operador: P.I. Zalain, s/n - C.P. 31780 Navarra (España)","Lugar de procedencia del alimento: Navarra, España.","Cantidad Neta: 100 g"],"ingredients":[" harina de trigo, agua, pasas (20%), levadura, azúcar, mantequilla(mantequilla, colorante:E160a), sal, emulgente: E472e, antioxidante: E300 y enzimas.Puede contener trazas de huevo,soja y sésamo."],"conservation":" Mantener en un lugar fresco y seco. Una vez abierto,  consumir en los próximos 10 días.","ean":"8412540109006"},{"full_name":"LA GAVILLA tostadas de pan con manzana especiales para queso bolsa 80 g","name":"tostadas de pan con manzana especiales para queso bolsa 80 g","brand":"LA GAVILLA ","img":"https://sgfm.elcorteingles.es/SGFM/dctm/MEDIA03/201710/19/00120656701149____6__600x600.jpg","price":"1,99 €            ","price_unit":"(23,62 € / Kilo)","categories":["Supermercado","Desayunos Dulces y pan","Desayunos, dulces y pan","Pan","Biscotes","LA GAVILLA tostadas de pan con manzana especiales para queso bolsa 80 g"],"general_information":[],"ingredients":[],"ean":"8436032432267"},{"full_name":"LA GAVILLA tostadas de pan con cebolla especiales para ahumados bolsa 80 g","name":"tostadas de pan con cebolla especiales para ahumados bolsa 80 g","brand":"LA GAVILLA ","img":"https://sgfm.elcorteingles.es/SGFM/dctm/MEDIA03/201710/19/00120656701156____6__600x600.jpg","price":"1,99 €            ","price_unit":"(23,62 € / Kilo)","categories":["Supermercado","Desayunos Dulces y pan","Desayunos, dulces y pan","Pan","Biscotes","LA GAVILLA tostadas de pan con cebolla especiales para ahumados bolsa 80 g"],"general_information":[],"ingredients":[],"ean":"8436032432250"},{"full_name":"LA GAVILLA tostadas de pan con algas especiales para derivados de pescado y mariscos bolsa 80 g","name":"tostadas de pan con algas especiales para derivados de pescado y mariscos bolsa 80 g","brand":"LA GAVILLA ","img":"https://sgfm.elcorteingles.es/SGFM/dctm/MEDIA03/201710/19/00120656702972____1__600x600.jpg","price":"1,99 €            ","price_unit":"(23,62 € / Kilo)","categories":["Supermercado","Desayunos Dulces y pan","Desayunos, dulces y pan","Pan","Biscotes","LA GAVILLA tostadas de pan con algas especiales para derivados de pescado y mariscos bolsa 80 g"],"general_information":["Denominación del alimento: Pan tostado con algas 80g","Nombre del operador: Martiko, S.A.","Dirección del operador: P.I. Zalain, s/n - C.P. 31780 Navarra (España)","Lugar de procedencia del alimento: Navarra, España.","Cantidad Neta: 80 g"],"ingredients":[" Harina de trigo, agua, espinaca, mantequilla (mantequilla,colorante:E160a), azúcar, sal, levadura, alga spirulina (0,2%), extracto vegetal (contiene: soja y apio),aceite de girasol, emulgente: E472e, antioxidante:E-300 y enzimas. Puede contener trazas de sésamo."],"conservation":" Mantener en lugar fresco y seco. Una vez abierto consumir en los próximos 10 días.","ean":"8412540109167"},{"full_name":"LA GAVILLA tostadas de pan con calabaza especiales para foies y cremas bolsa 80 g","name":"tostadas de pan con calabaza especiales para foies y cremas bolsa 80 g","brand":"LA GAVILLA ","img":"https://sgfm.elcorteingles.es/SGFM/dctm/MEDIA03/201710/19/00120656702980____1__600x600.jpg","price":"1,99 €            ","price_unit":"(23,62 € / Kilo)","categories":["Supermercado","Desayunos Dulces y pan","Desayunos, dulces y pan","Pan","Biscotes","LA GAVILLA tostadas de pan con calabaza especiales para foies y cremas bolsa 80 g"],"general_information":["Denominación del alimento: Pan tostado con dulce de calabaza 100g","Nombre del operador: Martiko, S.A.","Dirección del operador: P.I. Zalain, s/n - C.P. 31780 Navarra (España)","Lugar de procedencia del alimento: Navarra, España.","Cantidad Neta: 100 g"],"ingredients":[" Harina de trigo, agua, calabaza confitada 20% (jarabe de glucosa, azúcar, calabaza (5%), antioxidante:E330, conservante:E202), levadura, mantequilla (mantequilla, coloranteE-160a),azúcar, sal, colorante:E160a, antioxidante:E300 y enzimas. Puede contener trazas de soja y sésamo."],"conservation":" Mantener en lugar fresco y seco. Una vez abierto consumir en los próximos 10 días.","ean":"8412540109174"},{"full_name":"MARETTI bocaditos de pan tostado con ajo bolsa 85 g","name":"bocaditos de pan tostado con ajo bolsa 85 g","brand":"MARETTI ","img":"https://sgfm.elcorteingles.es/SGFM/dctm/MEDIA03/201609/08/00120655302949____1__600x600.jpg","price":"1,44 €","price_unit":"(16,94 € / Kilo)","categories":["Supermercado","Desayunos Dulces y pan","Desayunos, dulces y pan","Pan","Biscotes","MARETTI bocaditos de pan tostado con ajo bolsa 85 g"],"general_information":["Denominación del alimento: BRUSCHETTE AJO TOSTADO 85 GR","País de origen: Bulgaria","Nombre del operador: Alimentación Varma, S.L.","Dirección del operador: C/ La granja, 15 - Pol. Industrial Alcobendas. 28108 Alcobendas (Madrid) - España","Cantidad Neta: 85 g"],"ingredients":[" Harina de trigo, aceites vegetales (aceite de girasol, aceite de palma, antioxidante: extracto de romero), mezcla de maíz 13% (harina de maíz extruido, leche desnatada en polvo, glúten seco, estabilizador: goma guar, dextrosa), aderezo de ajo asado 6% (maltodextrina, ajo asado en polvo 1,4%, sal), sal, zúcar, levadura. Puede conter trazas de sésamo y soja."],"conservation":" Conservar en lugar fresco, seco y lejos de la luz solar directa","ean":"3800205872771"},{"full_name":"MARETTI bocaditos de pan tostado a los cuatro quesos estilo italiano bolsa 85 g","name":"bocaditos de pan tostado a los cuatro quesos estilo italiano bolsa 85 g","brand":"MARETTI ","img":"https://sgfm.elcorteingles.es/SGFM/dctm/MEDIA03/201609/08/00120655302972____1__600x600.jpg","price":"1,44 €","price_unit":"(16,94 € / Kilo)","categories":["Supermercado","Desayunos Dulces y pan","Desayunos, dulces y pan","Pan","Biscotes","MARETTI bocaditos de pan tostado a los cuatro quesos estilo italiano bolsa 85 g"],"general_information":["Denominación del alimento: BRUSCHETTE CUATRO QUESOS 85 GR","País de origen: Bulgaria","Nombre del operador: Alimentación Varma, S.L.","Dirección del operador: C/ La granja, 15 - Pol. Industrial Alcobendas. 28108 Alcobendas (Madrid) - España","Cantidad Neta: 85 g"],"ingredients":[" Harina de trigo, aceites vegetales (aceite de girasol, aceite de palma, antioxidante: extraco de romero), mezcla de maíz 13% (harina de maíx extruído, leche desnatada en polvo, gluten seco, estabilizador: goma guar, dextrosa), aderezo de cuatro quesos 6% (suero en polvo, mantodextrina, sal, azúcar, queso en polvo 3%, dextrosa, cebolla en polvo, almidón modificado, agente antiaglomerante: dióxido de silicio, especias: cúrcuma, estabilizador: fosfato de potasio, colorantes: carotenos, aroma), sal, azúcar, levadura. Puede contener trazas de sésamo y soja."],"conservation":" Conservar en lugar fresco, seco y lejos de la luz solar directa","ean":"3800205874232"},{"full_name":"MARETTI bocaditos de pan tostado con tomate, olivas y orégano al estilo italiano bolsa 85 g","name":"bocaditos de pan tostado con tomate, olivas y orégano al estilo italiano bolsa 85 g","brand":"MARETTI ","img":"https://sgfm.elcorteingles.es/SGFM/dctm/MEDIA03/201609/08/00120655302931____1__600x600.jpg","price":"1,32 €","price_unit":"(15,53 € / Kilo)","categories":["Supermercado","Desayunos Dulces y pan","Desayunos, dulces y pan","Pan","Biscotes","MARETTI bocaditos de pan tostado con tomate, olivas y orégano al estilo italiano bolsa 85 g"],"general_information":[],"ingredients":[],"ean":"3800205872788"},{"full_name":"MARETTI bocaditos de pan tostado al suave pesto de albahaca bolsa 85 g","name":"bocaditos de pan tostado al suave pesto de albahaca bolsa 85 g","brand":"MARETTI ","img":"https://sgfm.elcorteingles.es/SGFM/dctm/MEDIA03/201609/08/00120655302956____1__600x600.jpg","price":"1,32 €","price_unit":"(15,53 € / Kilo)","categories":["Supermercado","Desayunos Dulces y pan","Desayunos, dulces y pan","Pan","Biscotes","MARETTI bocaditos de pan tostado al suave pesto de albahaca bolsa 85 g"],"general_information":[],"ingredients":[],"ean":"3800205874218"},{"full_name":"MARETTI bocaditos de pan tostado a las verduras mediterráneas bolsa 85 g","name":"bocaditos de pan tostado a las verduras mediterráneas bolsa 85 g","brand":"MARETTI ","img":"https://sgfm.elcorteingles.es/SGFM/dctm/MEDIA03/201609/08/00120655302964____1__600x600.jpg","price":"1,40 €","price_unit":"(16,47 € / Kilo)","categories":["Supermercado","Desayunos Dulces y pan","Desayunos, dulces y pan","Pan","Biscotes","MARETTI bocaditos de pan tostado a las verduras mediterráneas bolsa 85 g"],"general_information":["Denominación del alimento: BRUSCHETTE VERDURAS MEDITERRÁNEAS 85 GR","País de origen: Bulgaria","Nombre del operador: Alimentación Varma, S.L.","Dirección del operador: C/ La granja, 15 - Pol. Industrial Alcobendas. 28108 Alcobendas (Madrid) - España","Cantidad Neta: 85 g"],"ingredients":[" Harina de trigo, aceites vegetales (aceite de girasol, aceite de palma, antioxidante: extracto de romero), mezcla de maíz 13% (harina de maíz extruido, leche desnatada en polvo, glutén seco, estabilizador: goma guar, dextrosa), aderezo de verduras mediterráneas 6% (azúcar, sal, cebolla en polvo17 %, pimentón en polvo 11%, tomate en polvo 5%, ajo en polvo 2%, perejil seco, antiaglomerante: dióxido de silicio, corrector de acide: ácido cítrico, colorante: extracto de pimentó, aroma), sal, azúcar, levadura. Puede contener trazas de sésamo y soja."],"conservation":" Conservar en lugar fresco, seco y lejos de la luz solar directa","ean":"3800205872757"},{"full_name":"CHRUPAK pan crujiente de levadura de masa madre con 3 semillas en rebanadas paquete 180 g","name":"pan crujiente de levadura de masa madre con 3 semillas en rebanadas paquete 180 g","brand":"CHRUPAK ","img":"https://sgfm.elcorteingles.es/SGFM/dctm/MEDIA03/201711/07/00120656703111____1__600x600.jpg","price":"2,29 €","price_unit":"(12,72 € / Kilo)","categories":["Supermercado","Desayunos Dulces y pan","Desayunos, dulces y pan","Pan","Biscotes","CHRUPAK pan crujiente de levadura de masa madre con 3 semillas en rebanadas paquete 180 g"],"general_information":["Denominación del alimento: Pan crujiente con 3 semillas (lino, sésamo y girasol)","País de origen: Polonia","Nombre del operador: Inasa Import S.L","Dirección del operador: Calle Zurbarán 7. entreplanta 4-28010 Madrid","Lugar de procedencia del alimento: Polonia","Cantidad Neta: 180 g","Número de raciones por envase: 8"],"ingredients":[" Harina de trigo, semillas de lino marrón 17%, harina de trigo Graham, semillas de sésamo 8%, harina integral de centeno, semillas de girasol 6%, gluten de trigo, semillas de lino dorado 3%, harina de maíz, levadura, harina de malta de cebada, sal marina, aceite de oliva, levadura de centeno seco (harina de centeno, agua, levadura). Puede contener trazas de huevos, cacahuetes, frutos secos, soja, leche, dióxido de azufre, altramuces."],"conservation":" Conservar en lugar fresco y seco.","ean":"5902627240911"},{"full_name":"EL CORTE INGLES pan tostado integral 60 rebanadas paquete 540 g formato familiar","name":"pan tostado integral 60 rebanadas paquete 540 g","brand":"EL CORTE INGLES ","img":"https://sgfm.elcorteingles.es/SGFM/dctm/MEDIA03/201611/24/00120656702519____1__600x600.jpg","price":"1,71 €","price_unit":"(3,17 € / Kilo)","categories":["Supermercado","Desayunos Dulces y pan","Desayunos, dulces y pan","Pan","Biscotes integrales","EL CORTE INGLES pan tostado integral 60 rebanadas paquete 540 g formato familiar"],"general_information":["Denominación del alimento: PAN TOSTADO INTEGRAL","Nombre del operador: Elaborado para El Corte Inglés por \nJ.L. Docampo, S.L. - Parque Empresarial David Raposeiras PARC.4.18 -                                    36550 FORCAREI (PONTEVEDRA) - España","Cantidad Neta: 540 g","Número de raciones por envase: 60"],"ingredients":[" Ingredientes: Harina integral de trigo (60%), agua, aceite de girasol alto oleico (2.6%), azúcar, sal, gluten de trigo, levadura, harina de malta, emulgentes (E-481 y E-472e) y antioxidante (E-300). Puede contener trazas de soja, sésamo y otros cereales."],"conservation":" Conservar en lugar fresco y seco","ean":"8433329069328"},{"full_name":"EL CORTE INGLES pan tostado integral con alto contenido en fibra 30 rebanadas paquete 270 g","name":"pan tostado integral con alto contenido en fibra 30 rebanadas paquete 270 g","brand":"EL CORTE INGLES ","img":"https://sgfm.elcorteingles.es/SGFM/dctm/MEDIA03/201610/17/00120656702444____1__600x600.jpg","price":"1,04 €","price_unit":"(3,85 € / Kilo)","categories":["Supermercado","Desayunos Dulces y pan","Desayunos, dulces y pan","Pan","Biscotes integrales","EL CORTE INGLES pan tostado integral con alto contenido en fibra 30 rebanadas paquete 270 g"],"general_information":["Denominación del alimento: PAN TOSTADO INTEGRAL","Nombre del operador: Elaborado para El Corte Inglés por \nJ.L. Docampo, S.L. - Parque Empresarial David Raposeiras PARC.4.18 -                                    36550 FORCAREI (PONTEVEDRA) - España","Cantidad Neta: 270 g","Número de raciones por envase: 30"],"ingredients":[" Ingredientes: Harina integral de trigo (60%), agua, aceite de girasol alto oleico (2.6%), azúcar, sal, gluten de trigo, levadura, harina de malta, emulgentes (E-481 y E-472e) y antioxidante (E-300). Puede contener trazas de soja, sésamo y otros cereales."],"conservation":" Conservar en lugar fresco y seco","ean":"8433329069366"},{"full_name":"EL CORTE INGLES biscotes integrales con alto contenido en fibra envase 225 g","name":"biscotes integrales con alto contenido en fibra envase 225 g","brand":"EL CORTE INGLES ","img":"https://sgfm.elcorteingles.es/SGFM/dctm/MEDIA03/201610/05/00120656702402____1__600x600.jpg","price":"1,09 €","price_unit":"(4,84 € / Kilo)","categories":["Supermercado","Desayunos Dulces y pan","Desayunos, dulces y pan","Pan","Biscotes integrales","EL CORTE INGLES biscotes integrales con alto contenido en fibra envase 225 g"],"general_information":["Denominación del alimento: Biscotes de harina de trigo integral","Cantidad Neta: 225 g","Número de raciones por envase: 15"],"ingredients":[" Ingredientes: Harina de trigo integral (48%), harina de trigo, grasa de palma, aceite de girasol, dextrosa, suero de leche, levadura, gluten de trigo, sal, extracto de malta (cebada), emulgentes: E 471e y E 322 (soja), harina de soja, fibra de guisante, antioxidante: E 300. Puede contener trazas de semillas de sésamo"],"conservation":" Conservar en lugar fresco y seco y protegido de la luz.\nUna vez abierto, mantener la bolsa perfectamente cerrada.","ean":"8433329072106"},{"full_name":"EL CORTE INGLES mini biscotes integrales con alto contenido en fibra estuche 120 g","name":"mini biscotes integrales con alto contenido en fibra estuche 120 g","brand":"EL CORTE INGLES ","img":"https://sgfm.elcorteingles.es/SGFM/dctm/MEDIA03/201610/05/00120656702410____1__600x600.jpg","price":"0,83 €","price_unit":"(6,92 € / Kilo)","categories":["Supermercado","Desayunos Dulces y pan","Desayunos, dulces y pan","Pan","Biscotes integrales","EL CORTE INGLES mini biscotes integrales con alto contenido en fibra estuche 120 g"],"general_information":["Denominación del alimento: Mini biscotes de harina de trigo integral","Cantidad Neta: 120 g","Número de raciones por envase: ~7"],"ingredients":[" Ingredientes: Harina de trigo, harina de trigo integral (27%), grasa de palma, semillas de sésamo (3%), aceite de girasol, suero de leche, dextrosa, gluten de trigo,  extracto de malta (cebada), levadura, sal, harina de soja, emulgentes: E 472e e E 322 (soja), antioxidante: E 300. Puede contener trazas de semillas de sésamo"],"conservation":" Conservar en lugar fresco y seco y protegido de la luz.\nUna vez abierto, mantener la bolsa perfectamente cerrada.","ean":"8433329072120"},{"full_name":"RECONDO pan tostado integral con 13% de fibra 30 rebanadas paquete 270 g","name":"pan tostado integral con 13% de fibra 30 rebanadas paquete 270 g","brand":"RECONDO ","img":"https://sgfm.elcorteingles.es/SGFM/dctm/MEDIA03/201605/06/00120656700117____2__600x600.jpg","price":"1,75 €","price_unit":"(6,48 € / Kilo)","categories":["Supermercado","Desayunos Dulces y pan","Desayunos, dulces y pan","Pan","Biscotes integrales","RECONDO pan tostado integral con 13% de fibra 30 rebanadas paquete 270 g"],"general_information":["Denominación del alimento: Pan Tostado Integral","Nombre del operador: Brioche Pasquier Recondo S.L.","Dirección del operador: C/Juan Thalamás Labandibar, 31 - 20305 Irún (Guipúzcoa)","Cantidad Neta: 270 g"],"ingredients":[" Harina de trigo, harina integral de trigo (46%), levadura, aceite vegetal (girasol), gluten de trigo, jarabe de glucosa y fructosa, sémola de trigo malteada, sal, azúcar, harina de trigo malteada y agente de tratamiento de la harina: ácido ascórbico. Este producto contiene gluten y trigo. Puede contener trazas de frutos de cáscara, huevos, leche y granos de sésamo."],"conservation":" Consérvese en un lugar fresco y seco.","ean":"8410706000198"},{"full_name":"RECONDO pan tostado integral sin sal y sin azúcar 30 rebanadas paquete 270 g","name":"pan tostado integral sin sal y sin azúcar 30 rebanadas paquete 270 g","brand":"RECONDO ","img":"https://sgfm.elcorteingles.es/SGFM/dctm/MEDIA03/201605/06/00120656700018____1__600x600.jpg","price":"1,79 €","price_unit":"(6,63 € / Kilo)","categories":["Supermercado","Desayunos Dulces y pan","Desayunos, dulces y pan","Pan","Biscotes integrales","RECONDO pan tostado integral sin sal y sin azúcar 30 rebanadas paquete 270 g"],"general_information":["Denominación del alimento: Pan Tostado Integral muy Bajo en sal y Sin Azúcares añadidos","Nombre del operador: Brioche Pasquier Recondo S.L.","Dirección del operador: C/Juan Thalamás Labandibar, 31 - 20305 Irún (Guipúzcoa)","Cantidad Neta: 270 g"],"ingredients":[" Harina integral de trigo (60%), harina de trigo, levadura, gluten de trigo, aceite vegetal (girasol), harina de trigo malteada y agente de tratamiento de la harina: ácido ascórbico. Este producto contiene trigo y gluten. Puede contener trazas de frutos de cáscara, huevos, leche y granos de sésamo."],"conservation":" Consérvese en un lugar fresco y seco.","ean":"8410706000297"},{"full_name":"ORTIZ pan tostado integral extracrujiente 60 rebanadas paquete 648 g","name":"pan tostado integral extracrujiente 60 rebanadas paquete 648 g","brand":"ORTIZ ","img":"https://sgfm.elcorteingles.es/SGFM/dctm/MEDIA03/201701/26/00120656702832____1__600x600.jpg","price":"3,23 €","price_unit":"(4,98 € / Kilo)","categories":["Supermercado","Desayunos Dulces y pan","Desayunos, dulces y pan","Pan","Biscotes integrales","ORTIZ pan tostado integral extracrujiente 60 rebanadas paquete 648 g"],"general_information":["Denominación del alimento: PAN TOSTADO INTEGRAL","Nombre del operador: Panificación Industrial de Vergel, S.L.U.","Dirección del operador: C/ Josep Pla, Nº2, 08019 (Barcelona-Espanha)","Cantidad Neta: 648 g"],"ingredients":[" Harina integral de trigo, harina de trigo, aceite vegetal (girasol)3,2%, levadura, azúcar, extracto de cebada malteada, sal, agente de tratamiento de la harina (E-300). Puede contener semillas de sésamo."],"conservation":" Mantener en lugar fresco y seco.","ean":"8412600050996"},{"full_name":"ORTIZ pan tostado integral extracrujiente 30 rebanadas paquete 324 g","name":"pan tostado integral extracrujiente 30 rebanadas paquete 324 g","brand":"ORTIZ ","img":"https://sgfm.elcorteingles.es/SGFM/dctm/MEDIA03/201701/26/00200256702861____1__600x600.jpg","price":"1,91 €","price_unit":"(5,90 € / Kilo)","categories":["Supermercado","Desayunos Dulces y pan","Desayunos, dulces y pan","Pan","Biscotes integrales","ORTIZ pan tostado integral extracrujiente 30 rebanadas paquete 324 g"],"general_information":[],"ingredients":[],"ean":"8412600051214"},{"full_name":"BIMBO pan tostado integral 30 rebanadas bolsa 270 g","name":"pan tostado integral 30 rebanadas bolsa 270 g","brand":"BIMBO ","img":"https://sgfm.elcorteingles.es/SGFM/dctm/MEDIA03/201709/06/00120656701925____1__600x600.jpg","price":"1,00 €","price_unit":"(3,70 € / Kilo)","categories":["Supermercado","Desayunos Dulces y pan","Desayunos, dulces y pan","Pan","Biscotes integrales","BIMBO pan tostado integral 30 rebanadas bolsa 270 g"],"general_information":["Denominación del alimento: PAN TOSTADO INTEGRAL","Nombre del operador: Bimbo, S.A.U.","Dirección del operador: Avda Prat de la Riba s/n 08401 Granollers (Barcelona-Espanha)","Cantidad Neta: 270 g"],"ingredients":[" Harina integral de trigo, harina de trigo, levadura, aceite vegetal (girasol) 2,5%, azúcar, extracto de cebada malteada, sal, agente de tratamiento de la harina (E-300). Puede contener semillas de sésamo."],"conservation":" Mantener en lugar fresco y seco.","ean":"8412600050828"},{"full_name":"BIMBO Silueta pan tostado integral 30 rebanadas paquete 324 g","name":"Silueta pan tostado integral 30 rebanadas paquete 324 g","brand":"BIMBO ","img":"https://sgfm.elcorteingles.es/SGFM/dctm/MEDIA03/201709/06/00120656700299____1__600x600.jpg","price":"1,90 €","price_unit":"(5,86 € / Kilo)","categories":["Supermercado","Desayunos Dulces y pan","Desayunos, dulces y pan","Pan","Biscotes integrales","BIMBO Silueta pan tostado integral 30 rebanadas paquete 324 g"],"general_information":["Denominación del alimento: PAN TOSTADO INTEGRAL","Nombre del operador: Bimbo, S.A.U.","Dirección del operador: Avda Prat de la Riba s/n 08401 Granollers (Barcelona-Espanha)","Cantidad Neta: 324 g"],"ingredients":[" Harina integral de trigo, harina de trigo, levadura, azúcar, aceite vegetal (girasol) 1,1%, sal, agente de tratamiento de la harina (E-300). Puede contener semillas de sésamo."],"conservation":" Mantener en lugar fresco y seco.","ean":"8412600050392"},{"full_name":"BIMBO Silueta pan tostado integral con 8 cereales paquete 300 g","name":"Silueta pan tostado integral con 8 cereales paquete 300 g","brand":"BIMBO ","img":"https://sgfm.elcorteingles.es/SGFM/dctm/MEDIA03/201604/21/00120656700844____1__600x600.jpg","price":"1,98 €","price_unit":"(6,60 € / Kilo)","categories":["Supermercado","Desayunos Dulces y pan","Desayunos, dulces y pan","Pan","Biscotes integrales","BIMBO Silueta pan tostado integral con 8 cereales paquete 300 g"],"general_information":["Denominación del alimento: PAN TOSTADO INTEGRAL","Nombre del operador: Bimbo, S.A.U.","Dirección del operador: Avda Prat de la Riba s/n 08401 Granollers (Barcelona-Espanha)","Cantidad Neta: 300 g"],"ingredients":[" Harina integral de trigo, harina de trigo, levadura, azúcar, gluten de trigo, aceite vegetal (girasol) 2,2%, semillas de linaza, semillas de girasol, harina de centeno (0,9%), sal, trigo troceado (0,8%), semillas de mijo (0,8%), copos de avena (0,8%), sémola de maíz (0,4%),harina de cebada (0,3%), extracto de cebada malteada, harina de arroz (0,2%), masa madre de centeno, harina de sorgo (0,1%), agente de tratamiento de la harina (E-300). Puede contener  semillas de sésamo."],"conservation":" Mantener en lugar fresco y seco.","ean":"8412600050415"},{"full_name":"BIMBO Silueta mini tostas integrales estuche 100 g","name":"Silueta mini tostas integrales estuche 100 g","brand":"BIMBO ","img":"https://sgfm.elcorteingles.es/SGFM/dctm/MEDIA03/201711/17/00120656700281____1__600x600.jpg","price":"1,89 €            ","price_unit":"(12,50 € / Kilo)","categories":["Supermercado","Desayunos Dulces y pan","Desayunos, dulces y pan","Pan","Biscotes integrales","BIMBO Silueta mini tostas integrales estuche 100 g"],"general_information":["Denominación del alimento: PAN TOSTADO CON HARINA INTEGRAL (36%)","Nombre del operador: Bimbo, S.A.U.","Dirección del operador: Avda Prat de la Riba s/n 08401 Granollers (Barcelona)","Cantidad Neta: 100 g"],"ingredients":[" Harina de trigo, harina integral de trigo (36%), semilla de sésamo, levadura, aceite vegetal (girasol 2,1%), extracto de malta de cebada y maíz, sal, dextrosa. Puede contener soja."],"conservation":" Mantener en lugar fresco y seco.","ean":"8412600300138"},{"full_name":"DOCAMPO pan tostado rústico integral elaborado con aceite de girasol alto oleico paquete 315 g","name":"pan tostado rústico integral elaborado con aceite de girasol alto oleico paquete 315 g","brand":"DOCAMPO ","img":"https://sgfm.elcorteingles.es/SGFM/dctm/MEDIA02/CONTENIDOS/201503/11/00120656702071000_1__600x600.jpg","price":"1,40 €","price_unit":"(4,44 € / Kilo)","categories":["Supermercado","Desayunos Dulces y pan","Desayunos, dulces y pan","Pan","Biscotes integrales","DOCAMPO pan tostado rústico integral elaborado con aceite de girasol alto oleico paquete 315 g"],"general_information":[],"ingredients":[],"ean":"8436550310467"},{"full_name":"WASA pan vitalidad con avena paquete 280 g","name":"pan vitalidad con avena paquete 280 g","brand":"WASA ","img":"https://sgfm.elcorteingles.es/SGFM/dctm/MEDIA03/201604/26/00120656700430____1__600x600.jpg","price":"1,97 €","price_unit":"(7,04 € / Kilo)","categories":["Supermercado","Desayunos Dulces y pan","Desayunos, dulces y pan","Pan","Biscotes integrales","WASA pan vitalidad con avena paquete 280 g"],"general_information":["Denominación del alimento: PRODUCTO DE PANADERÍA CON AVENA","País de origen: Alemania","Nombre del operador: Barilla Deutschland GmbH","Dirección del operador: Wasastraße 10, D-29229 Celle - Germany","Cantidad Neta: 280 g"],"ingredients":[" Harina de AVENA integral (37%), harina de TRIGO, copos de AVENA (18%), harina de CENTENO, levadura, LECHE desnatada en polvo, aroma natural, grasa vegetal (palma, colza), masa fermentada seca, emulgente (mono y diglicéridos de ácidos grasos), sal, gasificante (carbonato ácido de sodio)."],"conservation":" Conservar en lugar fresco y seco","ean":"7300400122092"},{"full_name":"WASA biscotes integrales original paquete 275 g","name":"biscotes integrales original paquete 275 g","brand":"WASA ","img":"https://sgfm.elcorteingles.es/SGFM/dctm/MEDIA03/201606/15/00120656700406____1__600x600.jpg","price":"2,37 €","price_unit":"(8,62 € / Kilo)","categories":["Supermercado","Desayunos Dulces y pan","Desayunos, dulces y pan","Pan","Biscotes integrales","WASA biscotes integrales original paquete 275 g"],"general_information":["Denominación del alimento: PRODUCTO DE PANADERÍA CON HARINA DE CENTENO","País de origen: Alemania","Nombre del operador: Barilla Deutschland GmbH","Dirección del operador: Wasastraße 10, D-29229 Celle - Germany","Cantidad Neta: 275 g"],"ingredients":[" Harina integral de CENTENO, harina de CENTENO (29 g*), levadura, sal. *en g por 100 g de producto."],"conservation":" Conservar en lugar fresco y seco","ean":"7300400118101"},{"full_name":"WASA biscotes integrales con fibra paquete 250 g","name":"biscotes integrales con fibra paquete 250 g","brand":"WASA ","img":"https://sgfm.elcorteingles.es/SGFM/dctm/MEDIA03/201604/25/00120656700380____1__600x600.jpg","price":"2,29 €","price_unit":"(9,96 € / Kilo)","categories":["Supermercado","Desayunos Dulces y pan","Desayunos, dulces y pan","Pan","Biscotes integrales","WASA biscotes integrales con fibra paquete 250 g"],"general_information":["Denominación del alimento: PRODUCTO DE PANADERÍA CON HARINA DE CENTENO","País de origen: Alemania","Nombre del operador: Barilla Deutschland GmbH","Dirección del operador: Wasastraße 10, D-29229 Celle - Germany","Cantidad Neta: 230 g"],"ingredients":[" Harina integral de CENTENO (59%), salvado de TRIGO, semillas de SÉSAMO (8,2%), copos de AVENA (8,2%), germen de TRIGO, sal. Puede contener trazas de leche."],"conservation":" Conservar en lugar fresco y seco","ean":"7300400117852"},{"full_name":"WASA Delikatess biscotes integrales paquete 250 g","name":"Delikatess biscotes integrales paquete 250 g","brand":"WASA ","img":"https://sgfm.elcorteingles.es/SGFM/dctm/MEDIA03/201604/25/00120656700372____1__600x600.jpg","price":"2,49 €","price_unit":"(9,96 € / Kilo)","categories":["Supermercado","Desayunos Dulces y pan","Desayunos, dulces y pan","Pan","Biscotes integrales","WASA Delikatess biscotes integrales paquete 250 g"],"general_information":["Denominación del alimento: PRODUCTO DE PANADERÍA CON HARINA INTEGRAL DE CENTENO","País de origen: Alemania","Nombre del operador: Barilla Deutschland GmbH","Dirección del operador: Wasastraße 10, D-29229 Celle - Germany","Cantidad Neta: 270 g"],"ingredients":[" Harina integral de CENTENO, sal (1,1 g*). Puede contener trazas de semillas de sésamo y leche. *en g por 100 g de producto."],"conservation":" Conservar en lugar fresco y seco","ean":"7300400117951"},{"full_name":"WASA biscotes integrales con sésamo paquete 200 g","name":"biscotes integrales con sésamo paquete 200 g","brand":"WASA ","img":"https://sgfm.elcorteingles.es/SGFM/dctm/MEDIA03/201604/25/00120656700414____1__600x600.jpg","price":"2,01 €","price_unit":"(10,05 € / Kilo)","categories":["Supermercado","Desayunos Dulces y pan","Desayunos, dulces y pan","Pan","Biscotes integrales","WASA biscotes integrales con sésamo paquete 200 g"],"general_information":["Denominación del alimento: PRODUCTO DE PANADERÍA DE TRIGO CON SEMILLAS DE SÉSAMO","País de origen: Alemania","Nombre del operador: Barilla Deutschland GmbH","Dirección del operador: Wasastraße 10, D-29229 Celle - Germany","Cantidad Neta: 200 g"],"ingredients":[" Harina de TRIGO (88%), semillas de sésamo (10%), levadura, grasa vegetal (palma, colza), azúcar, sal (1,2%). Puede contener trazas de leche."],"conservation":" Conservar en lugar fresco y seco","ean":"7300400112734"},{"full_name":"RYVITA biscotes de pan de centeno integrales paquete 250 g","name":"biscotes de pan de centeno integrales paquete 250 g","brand":"RYVITA ","img":"https://sgfm.elcorteingles.es/SGFM/00/36/4/0120656700364/0120656700364000g01011.jpg","price":"2,37 €","price_unit":"(9,48 € / Kilo)","categories":["Supermercado","Desayunos Dulces y pan","Desayunos, dulces y pan","Pan","Biscotes integrales","RYVITA biscotes de pan de centeno integrales paquete 250 g"],"general_information":["Denominación del alimento: Pan de centeno","Nombre del operador: Bolton Cile España","Dirección del operador: C/ Ombú nº 3 28045 Madrid, España","Cantidad Neta: 250 g"],"ingredients":[" Harina integral de CENTENO, semillas de SESAMO (12%), sal"],"ean":"5010265000382"},{"full_name":"EL CORTE INGLES panecillos tostados de trigo estuche 300 g","name":"panecillos tostados de trigo estuche 300 g","brand":"EL CORTE INGLES ","img":"https://sgfm.elcorteingles.es/SGFM/dctm/MEDIA03/201605/20/00120656702394____1__600x600.jpg","price":"1,00 €","price_unit":"(3,33 € / Kilo)","categories":["Supermercado","Desayunos Dulces y pan","Desayunos, dulces y pan","Pan","Pan tostado","EL CORTE INGLES panecillos tostados de trigo estuche 300 g"],"general_information":["Denominación del alimento: Panecillos tostados de trigo","Cantidad Neta: 300 g","Número de raciones por envase: 25 aproximadam"],"ingredients":[" Ingredientes: Harina de trigo (84%), aceite de girasol alto oléico refinado, azúcar, extracto de malta (cebada), levadura, gluten de trigo, sal, agente de tratamiento de la harina (ácido ascórbico). Puede contener trazas de frutos de cáscara, cacahuetes, leche, soja, huevos y granos de sésamo,"],"conservation":" Conservar en lugar fresco y seco","ean":"8433329066440"},{"full_name":"EL CORTE INGLES panecillos tostados de trigo integral estuche 300 g","name":"panecillos tostados de trigo integral estuche 300 g","brand":"EL CORTE INGLES ","img":"https://sgfm.elcorteingles.es/SGFM/dctm/MEDIA03/201605/20/00120656702386____1__600x600.jpg","price":"1,00 €","price_unit":"(3,33 € / Kilo)","categories":["Supermercado","Desayunos Dulces y pan","Desayunos, dulces y pan","Pan","Pan tostado","EL CORTE INGLES panecillos tostados de trigo integral estuche 300 g"],"general_information":["Denominación del alimento: Panecillos tostados de trigo integral","Cantidad Neta: 300 g","Número de raciones por envase: 25 aproximadam"],"ingredients":[" Ingredientes: Harina de trigo integral (44%), harina de trigo (37%), aceite de girasol alto oléico refinado, azúcar, extracto de malta (cebada), levadura, gluten de trigo, sal, agente de tratamiento de la harina (acido ascórbico). Puede contener trazas de frutos de cáscara, cacahuetes, leche, soja, huevos y granos de sésamo,"],"conservation":" Conservar en lugar fresco y seco","ean":"8433329066457"},{"full_name":"EL CORTE INGLES pan tostado con tomate y orégano bolsa 160 g","name":"pan tostado con tomate y orégano bolsa 160 g","brand":"EL CORTE INGLES ","img":"https://sgfm.elcorteingles.es/SGFM/dctm/MEDIA03/201705/17/00120656702857____7__600x600.jpg","price":"0,83 €","price_unit":"(5,19 € / Kilo)","categories":["Supermercado","Desayunos Dulces y pan","Desayunos, dulces y pan","Pan","Pan tostado","EL CORTE INGLES pan tostado con tomate y orégano bolsa 160 g"],"general_information":["Denominación del alimento: Pan tostado con tomate y orégano","Nombre del operador: Elaborado para El Corte Inglés por                          Hornos Martinez Cosín, S.L.  C/ Onteniente Nº 10B  Polígono Industrial Fuente del Jarro                  46988 Paterna (Valencia) - España","Cantidad Neta: 160","Número de raciones por envase: aproximadament"],"ingredients":[" Ingredientes: Harina de trigo,  aceite de girasol alto oleico (15%), margarina (Grasa vegetal (palma), aceite vegetal (girasol), agua, sal, emulgente (E 471), corrector de la acidez (E 330), antioxidantes (E 304i y E 306) y aromas), tomate en polvo (6%), orégano (2%),  sal (1,3%),  levadura natural, azúcar, mejorante (harina de trigo, antiaglomerante (E 170), emulgente (E 472e), agente de tratamiento de la harina: ácido ascórbico y enzimas). Puede contener trazas de soja, leche, sésamo y frutos secos de cáscara"],"conservation":" Conservar en lugar fresco y seco.  Una vez abierto consumir antes de 5 días.","ean":"8433329077675"},{"full_name":"EL CORTE INGLES pan tostado con ajo y perejil bolsa 160 g","name":"pan tostado con ajo y perejil bolsa 160 g","brand":"EL CORTE INGLES ","img":"https://sgfm.elcorteingles.es/SGFM/dctm/MEDIA03/201705/17/00120656702865____6__600x600.jpg","price":"0,83 €","price_unit":"(5,19 € / Kilo)","categories":["Supermercado","Desayunos Dulces y pan","Desayunos, dulces y pan","Pan","Pan tostado","EL CORTE INGLES pan tostado con ajo y perejil bolsa 160 g"],"general_information":["Denominación del alimento: Pan tostado con ajo y perejil","Nombre del operador: Elaborado para El Corte Inglés por                          Hornos Martinez Cosín, S.L.  C/ Onteniente Nº 10B  Polígono Industrial Fuente del Jarro                  46988 Paterna (Valencia) - España","Cantidad Neta: 160","Número de raciones por envase: aproximadament"],"ingredients":[" Ingredientes: Harina de trigo,  aceite de girasol alto oleico (16%) margarina (grasa vegetal (palma), aceite vegetal (girasol), agua, sal, emulgente (E  471), corrector de la acidez (E 330),antioxidantes (E 304i y E 306) y aromas), perejil (2%), sal (1,4%),  levadura, ajo (0,9%), azúcar, mejorante (harina de trigo, antiaglomerante (E-170), emulgente (E-472e), agente de tratamiento de la harina: ácido ascórbico y enzimas). Puede contener trazas de soja, leche, sésamo y frutos secos de cáscara"],"conservation":" Conservar en lugar fresco y seco.  Una vez abierto consumir antes de 5 días.","ean":"8433329077668"},{"full_name":"RECONDO tosta casera con espelta estuche 250 g","name":"tosta casera con espelta estuche 250 g","brand":"RECONDO ","img":"https://sgfm.elcorteingles.es/SGFM/dctm/MEDIA02/CONTENIDOS/201408/06/00120656701990____1__600x600.jpg","price":"1,65 €","price_unit":"(6,60 € / Kilo)","categories":["Supermercado","Desayunos Dulces y pan","Desayunos, dulces y pan","Pan","Pan tostado","RECONDO tosta casera con espelta estuche 250 g"],"general_information":["Denominación del alimento: Tosta casera - Pan tostado","Nombre del operador: Brioche Pasquier Recondo S.L.","Dirección del operador: C/Juan Thalamás Labandibar, 31 - 20305 Irún (Guipúzcoa)","Cantidad Neta: 250,0 g"],"ingredients":[" Harina de trigo,harina de espelta (25,9%), grasa vegetal (girasol), azúcar, levadura, sal, agente tratamiento de la harina: ácido ascórbico. Este producto contiene trigo, gluten y espelta. Puede contener trazas de frutos de cáscara, leche, huevos y semillas de sésamo."],"conservation":" Consérvese en un lugar fresco y seco.","ean":"8410700000378"},{"full_name":"RECONDO hogaza de pan integral tostada estuche 240 g","name":"hogaza de pan integral tostada estuche 240 g","brand":"RECONDO ","img":"https://sgfm.elcorteingles.es/SGFM/dctm/MEDIA03/201605/06/00120656701107____1__600x600.jpg","price":"1,79 €","price_unit":"(7,46 € / Kilo)","categories":["Supermercado","Desayunos Dulces y pan","Desayunos, dulces y pan","Pan","Pan tostado","RECONDO hogaza de pan integral tostada estuche 240 g"],"general_information":["Denominación del alimento: Pan Tostado  Integral","Nombre del operador: Brioche Pasquier Recondo S.L.","Dirección del operador: C/Juan Thalamás Labandibar, 31 - 20305 Irún (Guipúzcoa)","Cantidad Neta: 240 g"],"ingredients":[" Harina de trigo, harina integral de trigo 43%, levadura, aceite vegetal (girasol), gluten de trigo, azúcar, sal y agente de tratamiento de la harina: ácido ascórbico. Este producto contiene trigo y gluten.Puede contener trazas de frutos de cáscara, leche y granos de sésamo."],"conservation":" Consérvese en un lugar fresco y seco.","ean":"8410706004547"},{"full_name":"RECONDO hogaza de pan rústico tostada con harina de centeno estuche 240 g","name":"hogaza de pan rústico tostada con harina de centeno estuche 240 g","brand":"RECONDO ","img":"https://sgfm.elcorteingles.es/SGFM/dctm/MEDIA02/CONTENIDOS/201505/05/00120656701115____1__600x600.jpg","price":"1,79 €","price_unit":"(7,46 € / Kilo)","categories":["Supermercado","Desayunos Dulces y pan","Desayunos, dulces y pan","Pan","Pan tostado","RECONDO hogaza de pan rústico tostada con harina de centeno estuche 240 g"],"general_information":["Denominación del alimento: Pan tostado con harina de centeno - Hogaza de pan rústica","Nombre del operador: Brioche Pasquier Recondo S.L.","Dirección del operador: C/Juan Thalamás Labandibar, 31 - 20305 Irún (Guipúzcoa)","Cantidad Neta: 240 g"],"ingredients":[" Harina de trigo 79%, harina de centeno 7%, gluten de trigo, levadura, aceite vegetal (girasol), harina de centeno malteado tostado, azúcar, sal, harina de cebada malteada y agente de tratamiento de la harina: ácido ascórbico. Este producto contiene : trigo, centeno, cebada y gluten. Puede contener trazas de frutos de cáscara, leche y granos de sésamo"],"conservation":" Consérvese en un lugar fresco y seco.","ean":"8410706004530"},{"full_name":"RECONDO hogaza de pan tostado 9 cereales paquete 240 g","name":"hogaza de pan tostado 9 cereales paquete 240 g","brand":"RECONDO ","img":"https://sgfm.elcorteingles.es/SGFM/dctm/MEDIA03/201605/06/00120655302238____1__600x600.jpg","price":"1,69 €","price_unit":"(7,04 € / Kilo)","categories":["Supermercado","Desayunos Dulces y pan","Desayunos, dulces y pan","Pan","Pan tostado","RECONDO hogaza de pan tostado 9 cereales paquete 240 g"],"general_information":["Denominación del alimento: Pan tostado Cereales","Nombre del operador: Brioche Pasquier Recondo S.L.","Dirección del operador: C/Juan Thalamás Labandibar, 31 - 20305 Irún (Guipúzcoa)","Cantidad Neta: 240 g"],"ingredients":[" Harina de trigo 77%,  Cereales 6,4%,(harina de triticale 1,3%, harina de centeno 1,2%, copos de avena 1,1%,  ,harina de avena 1,0%,  harina de espelta 0,5% , harina de arroz 0,4% , harina de alforfón 0,4%, harina de cebada malteada 0,3%, granos de mijo 0,2% ), semillas de sésamo (3,6%), gluten de trigo, azúcar, aceite vegetal (girasol), levadura, sal y agente de tratamiento de la harina: ácido ascórbico. Puede contener trazas de frutos de cáscara y leche."],"conservation":" Consérvese en un lugar fresco y seco.","ean":"8410706004417"},{"full_name":"RECONDO hogaza de pan sin sal tostada estuche 00240 g","name":"hogaza de pan sin sal tostada estuche 00240 g","brand":"RECONDO ","img":"https://sgfm.elcorteingles.es/SGFM/dctm/MEDIA03/201708/31/00120656702956____1__600x600.jpg","price":"1,79 €","price_unit":"(7,46 € / Kilo)","categories":["Supermercado","Desayunos Dulces y pan","Desayunos, dulces y pan","Pan","Pan tostado","RECONDO hogaza de pan sin sal tostada estuche 00240 g"],"general_information":["Denominación del alimento: Pan tostado Sin Sal Añadida","Nombre del operador: Brioche Pasquier Recondo S.L.","Dirección del operador: C/Juan Thalamás Labandibar, 31 - 20305 Irún (Guipúzcoa)","Cantidad Neta: 240 g"],"ingredients":[" Harina de trigo 87%, aceite vegetal (girasol) 3,6%, azúcar, gluten de trigo, levadura  y agente de tratamiento de la harina: ácido ascórbico. Este producto contiene trigo y gluten. Puede contener trazas de frutos de cáscara, leche y granos de sésamo."],"conservation":" Consérvese en un lugar fresco y seco.","ean":"8410700000682"},{"full_name":"RECONDO barritas de pan tostado tradicionales estuche 155 g","name":"barritas de pan tostado tradicionales estuche 155 g","brand":"RECONDO ","img":"https://sgfm.elcorteingles.es/SGFM/dctm/MEDIA03/201712/26/00120656701396____1__600x600.jpg","price":"1,34 €","price_unit":"(8,65 € / Kilo)","categories":["Supermercado","Desayunos Dulces y pan","Desayunos, dulces y pan","Pan","Pan tostado","RECONDO barritas de pan tostado tradicionales estuche 155 g"],"general_information":["Denominación del alimento: Barritas de pan integrales","Nombre del operador: Brioche Pasquier Recondo S.L.","Dirección del operador: C/Juan Thalamás Labandibar, 31 - 20305 Irún (Guipúzcoa)","Cantidad Neta: 155 g"],"ingredients":[" Harina de trigo (84%), azúcar, grasa vegetal (palma), gluten de trigo, levadura, leche descremada en polvo, sal, harina de cebada malteada, emulgentes: E 471, E 481, E 472e, harina de trigo malteada, sémola de trigo y agente de tratamiento de la harina: ácido ascórbico. Este producto contiene trigo, gluten, cebada y leche. Puede contener trazas de cacahuetes, frutos de cáscara, huevos, sésamo y soja."],"conservation":" Consérvese en un lugar fresco y seco.","ean":"8410706004738"},{"full_name":"RECONDO barritas de pan tostado integral estuche 155 g","name":"barritas de pan tostado integral estuche 155 g","brand":"RECONDO ","img":"https://sgfm.elcorteingles.es/SGFM/01/40/4/0120656701404/0120656701404000g01011.jpg","price":"1,35 €","price_unit":"(8,71 € / Kilo)","categories":["Supermercado","Desayunos Dulces y pan","Desayunos, dulces y pan","Pan","Pan tostado","RECONDO barritas de pan tostado integral estuche 155 g"],"general_information":["Denominación del alimento: Barritas de pan","Nombre del operador: Brioche Pasquier Recondo S.L.","Dirección del operador: C/Juan Thalamás Labandibar, 31 - 20305 Irún (Guipúzcoa)","Cantidad Neta: 155 g"],"ingredients":[" Harina de trigo integral (50,4%), harina de trigo, grasa vegetal (palma), azúcar, gluten de trigo, levadura, leche en polvo descremada, sal, harina de cebada malteada, emulgentes : E471, E481, E472e, harina de trigo malteada, sémola de trigo, agente de tratamiento de la harina : ácido ascórbico. Este producto contiene trigo, leche, gluten y cebada. Puede contener trazas de cacahuetes, frutos de cáscara, huevos, sésamo y soja."],"conservation":" Consérvese en un lugar fresco y seco.","ean":"8410706004745"},{"full_name":"RECONDO pan de chapata tostado caja 167 g","name":"pan de chapata tostado caja 167 g","brand":"RECONDO ","img":"https://sgfm.elcorteingles.es/SGFM/dctm/MEDIA03/201610/25/00120656702592____1__600x600.jpg","price":"1,63 €","price_unit":"(9,76 € / Kilo)","categories":["Supermercado","Desayunos Dulces y pan","Desayunos, dulces y pan","Pan","Pan tostado","RECONDO pan de chapata tostado caja 167 g"],"general_information":["Denominación del alimento: Chapata - Pan tostado","Nombre del operador: Brioche Pasquier Recondo S.L.","Dirección del operador: C/Juan Thalamás Labandibar, 31 - 20305 Irún (Guipúzcoa)","Cantidad Neta: 167 g"],"ingredients":[" Harina de trigo (87%), harina de centeno, grasa vegetal (palma), azúcar, sal, harina de cebada malteada, levadura, gluten de trigo, agente de tratamiento de la harina: ácido ascórbico. Este producto contiene trigo, centeno, cebada y gluten. Puede contener trazas de frutos de cáscara, leche, huevos y semillas de sésamo."],"conservation":" Consérvese en un lugar fresco y seco.","ean":"8410700000613"},{"full_name":"ORTIZ panecillos tostados extra crujientes estilo tradicional paquete 225 g","name":"panecillos tostados extra crujientes estilo tradicional paquete 225 g","brand":"ORTIZ ","img":"https://sgfm.elcorteingles.es/SGFM/dctm/MEDIA03/201711/17/00120656701503____1__600x600.jpg","price":"1,62 €","price_unit":"(7,20 € / Kilo)","categories":["Supermercado","Desayunos Dulces y pan","Desayunos, dulces y pan","Pan","Pan tostado","ORTIZ panecillos tostados extra crujientes estilo tradicional paquete 225 g"],"general_information":["Denominación del alimento: PANECILLOS TOSTADOS","Nombre del operador: Panificación Industrial de Vergel, S.L.U.","Dirección del operador: C/ Josep Pla, Nº2, 08019 Barcelona","Cantidad Neta: 270 g"],"ingredients":[" Harina de trigo, grasa vegetal (Palma), azúcar, levadura, sal, agente de tratamiento de la harina (E-300). Puede contener trazas de semillas de sésamo."],"conservation":" Mantener en lugar fresco y seco.","ean":"8412600050699"},{"full_name":"ORTIZ panecillos integrales tostados a fuego lento paquete 225 g","name":"panecillos integrales tostados a fuego lento paquete 225 g","brand":"ORTIZ ","img":"https://sgfm.elcorteingles.es/SGFM/dctm/MEDIA03/201711/17/00120656701511____2__600x600.jpg","price":"1,54 €","price_unit":"(6,84 € / Kilo)","categories":["Supermercado","Desayunos Dulces y pan","Desayunos, dulces y pan","Pan","Pan tostado","ORTIZ panecillos integrales tostados a fuego lento paquete 225 g"],"general_information":["Denominación del alimento: PANECILLOS INTEGRALES TOSTADOS","Nombre del operador: Panificación Industrial de Vergel, S.L.U.","Dirección del operador: C/ Josep Pla, Nº2, 08019 Barcelona","Cantidad Neta: 270 g"],"ingredients":[" Harina integral de trigo, grasa vegetal (Palma), levadura, azucar, extracto de cebada malteada, sal, agente de tratamiento de la harina (E-300). Puede contener trazas de semillas de sésamo."],"conservation":" Mantener en lugar fresco y seco.","ean":"8412600050705"},{"full_name":"KRISPROLLS panecillos suecos integrales paquete 400 g","name":"panecillos suecos integrales paquete 400 g","brand":"KRISPROLLS ","img":"https://sgfm.elcorteingles.es/SGFM/01/45/3/0120656701453/0120656701453000g01011.jpg","price":"3,43 €","price_unit":"(8,58 € / Kilo)","categories":["Supermercado","Desayunos Dulces y pan","Desayunos, dulces y pan","Pan","Pan tostado","KRISPROLLS panecillos suecos integrales paquete 400 g"],"general_information":["Denominación del alimento: Panecillos tostados integrales familiar","Nombre del operador: Comercial Masoliver S.A.","Dirección del operador: Calle Puntia, 18 - 17857 Begudà (Girona) España","Lugar de procedencia del alimento: 756 - Suiza","Cantidad Neta: 400 g"],"ingredients":[" Sémola de trigo integral (55%), harina de trigo, grasa vegetal (palma, colza), levadura, sal."],"conservation":" Almacenar en un lugar fresco y seco.","ean":"7311070330908"},{"full_name":"KRISPROLLS panecillos suecos integrales paquete 225 g","name":"panecillos suecos integrales paquete 225 g","brand":"KRISPROLLS ","img":"https://sgfm.elcorteingles.es/SGFM/dctm/MEDIA03/201609/07/00120656701412____6__600x600.jpg","price":"2,39 €            ","price_unit":"(9,87 € / Kilo)","categories":["Supermercado","Desayunos Dulces y pan","Desayunos, dulces y pan","Pan","Pan tostado","KRISPROLLS panecillos suecos integrales paquete 225 g"],"general_information":[],"ingredients":[],"ean":"7311071330815"},{"full_name":"KRISPROLLS panecillos suecos integrales sin azúcar paquete 225 g","name":"panecillos suecos integrales sin azúcar paquete 225 g","brand":"KRISPROLLS ","img":"https://sgfm.elcorteingles.es/SGFM/01/44/6/0120656701446/0120656701446000g01011.jpg","price":"2,39 €","price_unit":"(10,62 € / Kilo)","categories":["Supermercado","Desayunos Dulces y pan","Desayunos, dulces y pan","Pan","Pan tostado","KRISPROLLS panecillos suecos integrales sin azúcar paquete 225 g"],"general_information":["Denominación del alimento: Integrales sin azúcar","Nombre del operador: Comercial Masoliver S.A.","Dirección del operador: Calle Puntia, 18 - 17857 Begudà (Girona) España","Lugar de procedencia del alimento: 756 - Suiza","Cantidad Neta: 225 g"],"ingredients":[" Sémola de trigo integral (60%), harina de trigo, grasa vegetal (palma, colza), levadura, sal."],"conservation":" Almacenar en un lugar fresco y seco.","ean":"7311070331318"},{"full_name":"KRISPROLLS panecillos suecos dorados paquete 225 g","name":"panecillos suecos dorados paquete 225 g","brand":"KRISPROLLS ","img":"https://sgfm.elcorteingles.es/SGFM/dctm/MEDIA03/201609/07/00120656701420____8__600x600.jpg","price":"2,39 €            ","price_unit":"(9,87 € / Kilo)","categories":["Supermercado","Desayunos Dulces y pan","Desayunos, dulces y pan","Pan","Pan tostado","KRISPROLLS panecillos suecos dorados paquete 225 g"],"general_information":[],"ingredients":[],"ean":"7311070331417"},{"full_name":"KRISPROLLS panecillos suecos de cereales y fibra paquete 225 g","name":"panecillos suecos de cereales y fibra paquete 225 g","brand":"KRISPROLLS ","img":"https://sgfm.elcorteingles.es/SGFM/00/01/6/0120653000016/0120653000016000g01011.jpg","price":"2,48 €","price_unit":"(11,02 € / Kilo)","categories":["Supermercado","Desayunos Dulces y pan","Desayunos, dulces y pan","Pan","Pan tostado","KRISPROLLS panecillos suecos de cereales y fibra paquete 225 g"],"general_information":["Denominación del alimento: Panecillos tostados, Fibra","Nombre del operador: Comercial Masoliver S.A.","Dirección del operador: Calle Puntia, 18 - 17857 Begudà (Girona) España","Lugar de procedencia del alimento: 756 - Suiza","Cantidad Neta: 225 g"],"ingredients":[" Sémola de trigo integral (90%), salvado de avena (6%), linaza amarilla (5%), grasa vegetal (palma, colza), levadura, sal."],"conservation":" Almacenar en un lugar fresco y seco.","ean":"7311070332155"},{"full_name":"KRISPROLLS panecillos suecos briochés bolsa 225 g","name":"panecillos suecos briochés bolsa 225 g","brand":"KRISPROLLS ","img":"https://sgfm.elcorteingles.es/SGFM/dctm/MEDIA02/CONTENIDOS/201409/23/00120656702006____1__600x600.jpg","price":"2,57 €","price_unit":"(11,42 € / Kilo)","categories":["Supermercado","Desayunos Dulces y pan","Desayunos, dulces y pan","Pan","Pan tostado","KRISPROLLS panecillos suecos briochés bolsa 225 g"],"general_information":["Denominación del alimento: Panecillos tostados Brioche","Nombre del operador: Comercial Masoliver S.A.","Dirección del operador: Calle Puntia, 18 - 17857 Begudà (Girona) España","Lugar de procedencia del alimento: 756 - Suiza","Cantidad Neta: 225 g"],"ingredients":[" Harina de trigo, azúcar, grasa vegetal (palma, colza), levadura, aroma a brioche, sal y aroma natural a mantequilla. Alérgeno: contiene leche."],"conservation":" Almacenar en un lugar fresco y seco.","ean":"7311070362442"},{"full_name":"BIMBO panecillos tostados tradicionales paquete 180 g","name":"panecillos tostados tradicionales paquete 180 g","brand":"BIMBO ","img":"https://sgfm.elcorteingles.es/SGFM/dctm/MEDIA03/201709/06/00120656701321____1__600x600.jpg","price":"1,00 €","price_unit":"(5,56 € / Kilo)","categories":["Supermercado","Desayunos Dulces y pan","Desayunos, dulces y pan","Pan","Pan tostado","BIMBO panecillos tostados tradicionales paquete 180 g"],"general_information":["Denominación del alimento: PANECILLOS TOSTADOS","Nombre del operador: Bimbo, S.A.U.","Dirección del operador: Avda Prat de la Riba s/n 08401 Granollers (Barcelona-Espanha)","Cantidad Neta: 234 g"],"ingredients":[" Harina de trigo, aceite vegetal (girasol) 5,2%, azúcar, levadura, sal, agente de tratamiento de la harina (E-300). Puede contener semillas de sésamo."],"conservation":" Mantener en lugar fresco y seco.","ean":"8412600050781"},{"full_name":"BIMBO panecillos integrales tostados paquete 234 g","name":"panecillos integrales tostados paquete 234 g","brand":"BIMBO ","img":"https://sgfm.elcorteingles.es/SGFM/dctm/MEDIA03/201709/06/00120656701909____1__600x600.jpg","price":"1,00 €","price_unit":"(4,27 € / Kilo)","categories":["Supermercado","Desayunos Dulces y pan","Desayunos, dulces y pan","Pan","Pan tostado","BIMBO panecillos integrales tostados paquete 234 g"],"general_information":["Denominación del alimento: PANECILLOS TOSTADOS INTEGRALES","Nombre del operador: Bimbo S.A.U.","Dirección del operador: Avda Prat de la Riba s/n 08401 Granollers (Barcelona)","Cantidad Neta: 234 g"],"ingredients":[" Harina integral de trigo, harina de trigo, aceite vegetal (girasol) 5,6%, levadura, azúcar, extracto de cebada malteada, sal, agente de tratamiento de la harina (E-300). Puede contener semillas de sésamo."],"conservation":" Mantener en lugar fresco y seco.","ean":"8412600050798"},{"full_name":"RYVITA pan crujiente de centeno integral paquete 200 g","name":"pan crujiente de centeno integral paquete 200 g","brand":"RYVITA ","img":"https://sgfm.elcorteingles.es/SGFM/dctm/MEDIA03/201703/22/00120656702873____1__600x600.jpg","price":"2,86 €","price_unit":"(14,30 € / Kilo)","categories":["Supermercado","Desayunos Dulces y pan","Desayunos, dulces y pan","Pan","Pan tostado","RYVITA pan crujiente de centeno integral paquete 200 g"],"general_information":["Denominación del alimento: Pan de centeno","Nombre del operador: Bolton Cile España","Dirección del operador: C/ Ombú nº 3 28045 Madrid, España","Cantidad Neta: 200 g"],"ingredients":[" Harina de CENTENO, grosellas (18%), harina de TRIGO (16%), azúcar, semillas de calabaza y girasol (11%), copos de AVENA integrales (5%), miel"],"ean":"5050974000730"},{"full_name":"VICENS Carquiñoles pan tostado dulce con almendras estuche 300 g","name":"Carquiñoles pan tostado dulce con almendras estuche 300 g","brand":"VICENS ","img":"https://sgfm.elcorteingles.es/SGFM/02/14/7/0120614302147/0120614302147000g01011.jpg","price":"5,16 €","price_unit":"(17,20 € / Kilo)","categories":["Supermercado","Desayunos Dulces y pan","Desayunos, dulces y pan","Pan","Pan tostado","VICENS Carquiñoles pan tostado dulce con almendras estuche 300 g"],"general_information":["Denominación del alimento: Carquiñolis Artesanos","Nombre del operador: Torrons Vicens, S.L.","Dirección del operador: Ctra. de Tàrrega, 1 - 25310 Agramunt - Lleida - Spain - T. 973 39 06 07 www.vicens.com","Cantidad Neta: 300 g"],"ingredients":[" Harina de trigo, azúcar, almendra, clara y huevo pasteurizado, gasificante: E-450i, E-500ii, soportes: almidón de patata, E-170i, sal, colorante: betacaroteno. Puede contener trazas de otros frutos secos."],"conservation":" Conservar en lugar fresco y seco.","ean":"8410495302800"},{"full_name":"EL CORTE INGLES crackers classic 3x100g paquete 300 g","name":"crackers classic 3x100g paquete 300 g","brand":"EL CORTE INGLES ","img":"https://sgfm.elcorteingles.es/SGFM/dctm/MEDIA03/201604/08/00120612401032____1__600x600.jpg","price":"1,22 €            ","price_unit":"(4 € / Kilo)","categories":["Supermercado","Desayunos Dulces y pan","Desayunos, dulces y pan","Pan","Crackers","EL CORTE INGLES crackers classic 3x100g paquete 300 g"],"general_information":["Denominación del alimento: Galletas tipo crackers","Nombre del operador: Distribuido para  El Corte Inglés\npor Seurodis C/Lepanto 367 bajos                         08025  Barcelona (España)","Cantidad Neta: 300 g","Número de raciones por envase: aproximadament"],"ingredients":[" Ingredientes: Harina de trigo, grasa de palma (con antioxidante: extracto rico en tocoferoles), extracto de malta de cebada, sal, jarabe de glucosa y fructosa, azúcar, gasificantes (carbonatos de sodio y de amonio), levadura, agente de tratamiento de la harina (metabisulfito sódico). Puede contener trazas de leche, huevo y soja"],"conservation":" Conservar en lugar fresco, seco y protegido de los rayos solares.","ean":"8433329069908"},{"full_name":"EL CORTE INGLES crackers estuche 225 g","name":"crackers estuche 225 g","brand":"EL CORTE INGLES ","img":"https://sgfm.elcorteingles.es/SGFM/dctm/MEDIA03/201703/09/00120612400968____2__600x600.jpg","price":"0,93 €","price_unit":"(4,13 € / Kilo)","categories":["Supermercado","Desayunos Dulces y pan","Desayunos, dulces y pan","Pan","Crackers","EL CORTE INGLES crackers estuche 225 g"],"general_information":["Denominación del alimento: Galletas tipo crackers","Lugar de procedencia del alimento: Distribuido para  El Corte Inglés\npor Seurodis C/Lepanto 367 bajos                         08025  Barcelona (España)","Cantidad Neta: 225 g","Número de raciones por envase: aproximadament"],"ingredients":[" Ingredientes:  Harina de trigo, grasa de palma (con antioxidante: extracto rico en tocoferoles), extracto de malta de cebada, sal, gasificantes (carbonatos de sodio y de amonio), levadura, corrector de acidez (fosfatos de calcio), agente de tratamiento de la harina (E-223 (sulfito)). Contiene huevo Puede contener leche y soja"],"conservation":" Conservar en lugar fresco, seco y protegido de los rayos solares.","ean":"8433329069861"},{"full_name":"EL CORTE INGLES crackers integrales con alto contenido en fibra estuche 250 g","name":"crackers integrales con alto contenido en fibra estuche 250 g","brand":"EL CORTE INGLES ","img":"https://sgfm.elcorteingles.es/SGFM/dctm/MEDIA03/201611/24/00120612400976____2__600x600.jpg","price":"1,04 €","price_unit":"(4,16 € / Kilo)","categories":["Supermercado","Desayunos Dulces y pan","Desayunos, dulces y pan","Pan","Crackers","EL CORTE INGLES crackers integrales con alto contenido en fibra estuche 250 g"],"general_information":["Denominación del alimento: Galletas tipo crackers","Lugar de procedencia del alimento: Distribuido para  El Corte Inglés\npor Seurodis C/Lepanto 367 bajos                         08025  Barcelona (España)","Cantidad Neta: 250 g","Número de raciones por envase: aproximadament"],"ingredients":[" Ingredientes:  Harina de cereales (trigo, trigo integral, arroz), aceites vegetales (girasol, palma, antioxidantes: E 304 y E 306), fibra vegetal, extracto de malta de cebada, gasificantes (carbonatos de sodio y amonio), sal, levadura y corrector de acidez (fosfatos de calcio). Contiene huevo Puede contener leche, soja y sulfitos."],"conservation":" Conservar en lugar fresco, seco y protegido de los rayos solares.","ean":"8433329069878"},{"full_name":"CARR'S Table Water crackers estuche 125 g","name":"Table Water crackers estuche 125 g","brand":"CARR'S ","img":"https://sgfm.elcorteingles.es/SGFM/dctm/MEDIA02/CONTENIDOS/201407/07/00120612400844____1__600x600.jpg","price":"1,85 €            ","price_unit":"(8 € / Kilo)","categories":["Supermercado","Desayunos Dulces y pan","Desayunos, dulces y pan","Pan","Crackers","CARR'S Table Water crackers estuche 125 g"],"general_information":["Denominación del alimento: Galletas Saladas.","Nombre del operador: Touch Beyond S.L.","Dirección del operador: Via Augusta 59, Despacho 407 (Barcelona).","Cantidad Neta: 125,0 g"],"ingredients":[" Harina de trigo, aceite vegetal, sal. Contiene gluten. Puede contener semillas de sésamo."],"conservation":" Conservar en lugar fresco y seco.","ean":"5000168001104"},{"full_name":"CARR'S Melts crackers original estuche 150 g","name":"Melts crackers original estuche 150 g","brand":"CARR'S ","img":"https://sgfm.elcorteingles.es/SGFM/dctm/MEDIA02/CONTENIDOS/201407/04/00120612400851____1__600x600.jpg","price":"1,85 €","price_unit":"(12,33 € / Kilo)","categories":["Supermercado","Desayunos Dulces y pan","Desayunos, dulces y pan","Pan","Crackers","CARR'S Melts crackers original estuche 150 g"],"general_information":["Denominación del alimento: Galletas de trigo.","Nombre del operador: Touch Beyond S.L.","Dirección del operador: Via Augusta 59, Despacho 407 (Barcelona).","Cantidad Neta: 150 g"],"ingredients":[" Harina de trigo, aceite vegetal, copos de germen de trigo, azúcar, gasificantes (bicarbonato amónico, bicarbonato sódico, difosfato disódico), sólidos de suero, salvado de trigo, sal, aroma natural, extracto de levadura seca. Contiene leche y gluten. Puede contener de sésamo, mostaza, huevo, soja."],"conservation":" Conservar en lugar fresco y seco.","ean":"5000396022520"},{"full_name":"CARR'S Ancient Grains con quinoa, amaranto y romero integrales y semillas de sésamo estuche 180 g","name":"Ancient Grains con quinoa, amaranto y romero integrales y semillas de sésamo estuche 180 g","brand":"CARR'S ","img":"https://sgfm.elcorteingles.es/SGFM/dctm/MEDIA03/201709/06/00120612401172____1__600x600.jpg","price":"1,99 €","price_unit":"(11,06 € / Kilo)","categories":["Supermercado","Desayunos Dulces y pan","Desayunos, dulces y pan","Pan","Crackers","CARR'S Ancient Grains con quinoa, amaranto y romero integrales y semillas de sésamo estuche 180 g"],"general_information":[],"ingredients":[],"ean":"5000396043396"},{"full_name":"CARR'S Ciabatta crackers con tomate desecado al sol y albahaca estuche 140 g","name":"Ciabatta crackers con tomate desecado al sol y albahaca estuche 140 g","brand":"CARR'S ","img":"https://sgfm.elcorteingles.es/SGFM/dctm/MEDIA03/201709/06/00120612401164____1__600x600.jpg","price":"1,75 €","price_unit":"(12,50 € / Kilo)","categories":["Supermercado","Desayunos Dulces y pan","Desayunos, dulces y pan","Pan","Crackers","CARR'S Ciabatta crackers con tomate desecado al sol y albahaca estuche 140 g"],"general_information":[],"ingredients":[],"ean":"5000168197128"},{"full_name":"LU TUC minis snakies original bolsa 100 g","name":"minis snakies original bolsa 100 g","brand":"LU TUC ","img":"https://sgfm.elcorteingles.es/SGFM/dctm/MEDIA03/201703/15/00120612401115____1__600x600.jpg","price":"1,19 €","price_unit":"(11,90 € / Kilo)","categories":["Supermercado","Desayunos Dulces y pan","Desayunos, dulces y pan","Pan","Crackers","LU TUC minis snakies original bolsa 100 g"],"general_information":["Denominación del alimento: CRACKERS.","País de origen: Hungr¡a","Nombre del operador: Mondelez España Commercial, S.L.","Dirección del operador: C/Eucalipto, 25  - 28016 Madrid,  España","Cantidad Neta: 100 g"],"ingredients":[" Ingredientes: Harina de TRIGO, grasa de palma, jarabe de glucosa, extracto de malta de CEBADA, HUEVOS, gasificantes (carbonato ácido de amonio, carbonato ácido de sodio), sal, aroma, agente de tratamiento de la harina (METABISULFITO sódico). PUEDE CONTENER SOJA, LECHE, GRANOS DE SÉSAMO."],"ean":"7622300737955"},{"full_name":"LU TUC BREAK crackers originales formato bolsillo 8 bolsitas paquete 250 g","name":"crackers originales formato bolsillo 8 bolsitas paquete 250 g","brand":"LU TUC BREAK ","img":"https://sgfm.elcorteingles.es/SGFM/dctm/MEDIA03/201612/20/00120612400638____3__600x600.jpg","price":"1,97 €","price_unit":"(7,88 € / Kilo)","categories":["Supermercado","Desayunos Dulces y pan","Desayunos, dulces y pan","Pan","Crackers","LU TUC BREAK crackers originales formato bolsillo 8 bolsitas paquete 250 g"],"general_information":["Denominación del alimento: CRACKERS.","País de origen: Italia","Nombre del operador: Mondelez España Commercial, S.L.","Dirección del operador: C/Eucalipto, 25  - 28016 Madrid,  España","Cantidad Neta: 250 g"],"ingredients":[" Ingredientes: Harina de TRIGO 81,6%, grasa de palma, azúcar, gasificantes (carbonato ácido de amonio, fosfato monocálcico, carbonato ácido de sodio), sal, harina de CEBADA malteada, jarabe de glucosa-fructosa. PUEDE CONTENER HUEVO, LECHE, GRANOS DE SÉSAMO."],"ean":"7622210128362"},{"full_name":"LU TUC crackers originales pack ahorro 3 paquete 100 g","name":"crackers originales pack ahorro 3 paquete 100 g","brand":"LU TUC ","img":"https://sgfm.elcorteingles.es/SGFM/00/91/9/0120611900919/0120611900919000g01011.jpg","price":"2,49 €","price_unit":"(8,30 € / Kilo)","categories":["Supermercado","Desayunos Dulces y pan","Desayunos, dulces y pan","Pan","Crackers","LU TUC crackers originales pack ahorro 3 paquete 100 g"],"general_information":["Denominación del alimento: CRACKERS.","Nombre del operador: Mondelez España Commercial, S.L.","Dirección del operador: C/Eucalipto, 25  - 28016 Madrid,  España","Cantidad Neta: 300 g"],"ingredients":[" Ingredientes : Harina de TRIGO, grasa de palma, extracto de malta de CEBADA, jarabe de glucosa, gasificantes (carbonato ácido de amonio, carbonato ácido de sodio), HUEVOS, sal, aroma, agente de tratamiento de la harina (SULFITO sódico), emulgente (lecitina de girasol). PUEDE CONTENER LECHE, SOJA, GRANOS DE SÉSAMO."],"ean":"5410041030006"},{"full_name":"LU TUC crackers paquete 100 g","name":"crackers paquete 100 g","brand":"LU TUC ","img":"https://sgfm.elcorteingles.es/SGFM/00/17/4/0120611900174/0120611900174000g01011.jpg","price":"0,95 €","price_unit":"(9,50 € / Kilo)","categories":["Supermercado","Desayunos Dulces y pan","Desayunos, dulces y pan","Pan","Crackers","LU TUC crackers paquete 100 g"],"general_information":["Denominación del alimento: CRACKERS.","País de origen: Bélgica","Nombre del operador: Mondelez España Commercial, S.L.","Dirección del operador: C/Eucalipto, 25  - 28016 Madrid,  España","Cantidad Neta: 100 g"],"ingredients":[" Ingredientes : Harina de TRIGO, grasa de palma, extracto de malta de CEBADA, jarabe de glucosa, gasificantes (carbonato ácido de amonio, carbonato ácido de sodio), HUEVOS, sal, aroma, agente de tratamiento de la harina (SULFITO sódico), emulgente (lecitina de girasol). PUEDE CONTENER LECHE, SOJA, GRANOS DE SÉSAMO."],"ean":"5410041001204"},{"full_name":"LU TUC crackers salados sabor queso paquete 100 g","name":"crackers salados sabor queso paquete 100 g","brand":"LU TUC ","img":"https://sgfm.elcorteingles.es/SGFM/dctm/MEDIA03/201605/17/00120611900810____2__600x600.jpg","price":"1,09 €","price_unit":"(10,90 € / Kilo)","categories":["Supermercado","Desayunos Dulces y pan","Desayunos, dulces y pan","Pan","Crackers","LU TUC crackers salados sabor queso paquete 100 g"],"general_information":["Denominación del alimento: CRACKERS SABOR QUESO.","País de origen: Bélgica","Nombre del operador: Mondelez España Commercial, S.L.","Dirección del operador: C/Eucalipto, 25  - 28016 Madrid,  España","Cantidad Neta: 100 g"],"ingredients":[" Ingredientes: Harina de TRIGO, grasa de palma, extracto de malta de CEBADA, jarabe de glucosa, sal, HUEVOS, gasificantes (carbonato ácido de amonio, carbonato ácido de sodio), suero de LECHE en polvo, aromas, potenciadores del sabor (E621, E631, E627), QUESO en polvo 0,1%, aceite de girasol, agente de tratamiento de la harina (METABISULFITO sódico), correctores de acidez (ácido cítrico, lactato cálcico). PUEDE CONTENER SOJA, GRANOS DE SÉSAMO."],"ean":"7622300571351"},{"full_name":"LU TUC crackers salados con sabor a bacon paquete 100 g","name":"crackers salados con sabor a bacon paquete 100 g","brand":"LU TUC ","img":"https://sgfm.elcorteingles.es/SGFM/00/53/9/0120611900539/0120611900539000g01011.jpg","price":"1,09 €","price_unit":"(10,90 € / Kilo)","categories":["Supermercado","Desayunos Dulces y pan","Desayunos, dulces y pan","Pan","Crackers","LU TUC crackers salados con sabor a bacon paquete 100 g"],"general_information":["Denominación del alimento: CRACKERS SABOR BACÓN.","País de origen: Bélgica","Nombre del operador: Mondelez España Commercial, S.L.","Dirección del operador: C/Eucalipto, 25  - 28016 Madrid,  España","Cantidad Neta: 100 g"],"ingredients":[" Ingrediente: Harina de TRIGO, grasa de palma, jarabe de glucosa, extracto de malta de CEBADA, gasificantes (carbonato ácido de amonio, carbonato ácido de sodio), HUEVOS, sal, aromas (contiene LECHE, aroma de bacón, aroma de ahumado), potenciadores del sabor (glutamato monosódico, inosinato disódico, guanilato disódico), agente de tratamiento de la harina (SULFITO sódico), concentrado de zanahoria negra, colorantes (E120, E160c), emulgente (lecitina de girasol). PUEDE CONTENER SOJA, GRANOS DE SÉSAMO.."],"ean":"5410041143508"},{"full_name":"ARTIACH Ritz Crackers paquete 200 g","name":"Ritz Crackers paquete 200 g","brand":"ARTIACH ","img":"https://sgfm.elcorteingles.es/SGFM//00/13/8/0120953000138/0120953000138000g01011.jpg","price":"1,90 €","price_unit":"(9,50 € / Kilo)","categories":["Supermercado","Desayunos Dulces y pan","Desayunos, dulces y pan","Pan","Crackers","ARTIACH Ritz Crackers paquete 200 g"],"general_information":["Denominación del alimento: CRACKERS.","País de origen: Italia","Nombre del operador: Mondelez España Commercial, S.L.","Dirección del operador: C/Eucalipto, 25  - 28016 Madrid,  España","Cantidad Neta: 200 g"],"ingredients":[" Ingredientes: Harina de TRIGO , grasa de palma, azúcar, gasificantes (carbonato ácido de amonio, fosfato monocálcico, carbonato ácido de sódio, carbonato ácido de potasio), jarabe de glucosa-fructosa, sal, harina de malta de CEBADA. PUEDE CONTENER HUEVO, LECHE, GRANOS DE SÉSAMO."],"ean":"5000396021202"},{"full_name":"LU TUC Crackylu chispas de sal caja 250 g","name":"Crackylu chispas de sal caja 250 g","brand":"LU TUC ","img":"https://sgfm.elcorteingles.es/SGFM/00/37/2/0120612400372/0120612400372000g01011.jpg","price":"1,67 €","price_unit":"(6,68 € / Kilo)","categories":["Supermercado","Desayunos Dulces y pan","Desayunos, dulces y pan","Pan","Crackers","LU TUC Crackylu chispas de sal caja 250 g"],"general_information":["Denominación del alimento: Crackers salados.","País de origen: Portugal","Nombre del operador: Mondelez España Commercial, S.L.","Dirección del operador: C/Eucalipto, 25  - 28016 Madrid,  España","Cantidad Neta: 250 g"],"ingredients":[" Ingredientes: Harina de TRIGO, grasa de palma, sal (2,3 %), corrector de acidez (carbonato ácido de sodio), harina de malta de CEBADA, levadura. PUEDE CONTENER HUEVO, LECHE, GRANOS DE SÉSAMO."],"ean":"8410180103378"},{"full_name":"DANVITA pan plano con semillas de lino, sésamo y comino envase 130 g","name":"pan plano con semillas de lino, sésamo y comino envase 130 g","brand":"DANVITA ","img":"https://sgfm.elcorteingles.es/SGFM/dctm/MEDIA03/201705/09/00120655303616____1__600x600.jpg","price":"1,59 €","price_unit":"(12,23 € / Kilo)","categories":["Supermercado","Desayunos Dulces y pan","Desayunos, dulces y pan","Pan","Crackers","DANVITA pan plano con semillas de lino, sésamo y comino envase 130 g"],"general_information":["Denominación del alimento: Palitos planos de pan crujiente con semillas de sésamo, lino y alcaravea","País de origen: Lituania","Nombre del operador: Inasa Import S.L","Dirección del operador: Calle Zurbarán 7. entreplanta 4-28010 Madrid","Lugar de procedencia del alimento: Lituania","Cantidad Neta: 130 g"],"ingredients":[" Harina de trigo integral, agua, harina de centeno integral, harina de trigo, semillas de lino (8.6%), semillas de sésamo (8.6%), sal marina, miel, alcaravea (0.8%), jarabe de azúcar negro, levadura. Puede contener trazas de proteínas de la leche, huevos y frutos secos (almendras, avellanas)"],"conservation":" Conservar en lugar fresco y seco. Una vez abierto, conservar en un recipiente hermético.","ean":"4771218191083"},{"full_name":"DANVITA pan plano de pimienta y sal marina envase 130 g","name":"pan plano de pimienta y sal marina envase 130 g","brand":"DANVITA ","img":"https://sgfm.elcorteingles.es/SGFM/dctm/MEDIA03/201705/09/00120655303632____1__600x600.jpg","price":"1,59 €","price_unit":"(12,23 € / Kilo)","categories":["Supermercado","Desayunos Dulces y pan","Desayunos, dulces y pan","Pan","Crackers","DANVITA pan plano de pimienta y sal marina envase 130 g"],"general_information":["Denominación del alimento: Palitos planos de pan crujiente con sal marina y pimienta","País de origen: Lituania","Nombre del operador: Inasa Import S.L","Dirección del operador: Calle Zurbarán 7. entreplanta 4-28010 Madrid","Lugar de procedencia del alimento: Lituania","Cantidad Neta: 130 g"],"ingredients":[" Harina de trigo (44.47%), agua, harina de centeno integral, aceite de colza, semillas de sésamo, levadura, semillas de lino, pimienta negra (1.6%), sal marina (1.3%), azúcar. Puede contener trazas de proteínas de la leche y frutos secos (almendras, avellanas)"],"conservation":" Conservar en lugar fresco y seco. Una vez abierto, conservar en un recipiente hermético.","ean":"4771218200983"},{"full_name":"DANVITA pan plano de chile dulce envase 130 g","name":"pan plano de chile dulce envase 130 g","brand":"DANVITA ","img":"https://sgfm.elcorteingles.es/SGFM/dctm/MEDIA03/201705/09/00120655303624____1__600x600.jpg","price":"1,59 €","price_unit":"(12,23 € / Kilo)","categories":["Supermercado","Desayunos Dulces y pan","Desayunos, dulces y pan","Pan","Crackers","DANVITA pan plano de chile dulce envase 130 g"],"general_information":["Denominación del alimento: Palitos planos de pan crujiente con Chile dulce","País de origen: Lituania","Nombre del operador: Inasa Import S.L","Dirección del operador: Calle Zurbarán 7. entreplanta 4-28010 Madrid","Lugar de procedencia del alimento: Lituania","Cantidad Neta: 130 g"],"ingredients":[" Harina de trigo (43.45%), agua, harina de centeno integral (8%), semillas de sésamo, aceite de colza, chile dulce (especias naturales (3.83%) (chile, jalapeño, pimiento rojo, tomate, ajo, jengibre), azúcar), levadura, semillas de lino, sal marina, azúcar. Puede contener trazas de proteínas de la leche y frutos secos (almendras, avellanas)"],"conservation":" Conservar en lugar fresco y seco. Una vez abierto, conservar en un recipiente hermético.","ean":"4771218200938"},{"full_name":"MCVITIE'S Cream Crackers paquete 200 g","name":"Cream Crackers paquete 200 g","brand":"MCVITIE'S ","img":"https://sgfm.elcorteingles.es/SGFM/00/61/2/0120612400612/0120612400612000g01011.jpg","price":"1,25 €","price_unit":"(6,25 € / Kilo)","categories":["Supermercado","Desayunos Dulces y pan","Desayunos, dulces y pan","Pan","Crackers","MCVITIE'S Cream Crackers paquete 200 g"],"general_information":[],"ingredients":[],"ean":"5000396038057"},{"full_name":"BARBER crackers caja 300 g","name":"crackers caja 300 g","brand":"BARBER ","img":"https://sgfm.elcorteingles.es/SGFM/dctm/MEDIA03/201712/26/00120612400273____2__600x600.jpg","price":"2,18 €","price_unit":"(7,27 € / Kilo)","categories":["Supermercado","Desayunos Dulces y pan","Desayunos, dulces y pan","Pan","Crackers","BARBER crackers caja 300 g"],"general_information":["Denominación del alimento: Galletas saladas crujientes","País de origen: Reino Unido","Nombre del operador: Alimentación Varma, S.L.","Dirección del operador: C/ La granja, 15 - Pol. Industrial Alcobendas. 28108 Alcobendas (Madrid) - España","Cantidad Neta: 300 g"],"ingredients":[" Harina de Trigo, aceite vegetal, levadura, sal, levadura en polvo."],"conservation":" Conservar en lugar fresco y seco. Una vez abierto guardar en recipiente hermético.","ean":"5000129211412"},{"full_name":"CROWN English Crackers paquete 200 g","name":"English Crackers paquete 200 g","brand":"CROWN ","img":"https://sgfm.elcorteingles.es/SGFM/00/01/8/0120612400018/0120612400018000g01011.jpg","price":"1,60 €","price_unit":"(8 € / Kilo)","categories":["Supermercado","Desayunos Dulces y pan","Desayunos, dulces y pan","Pan","Crackers","CROWN English Crackers paquete 200 g"],"general_information":[],"ingredients":[],"ean":"0043438181064"},{"full_name":"DAVEIGA MARIÑEIRAS crackers con mantequilla bolsa 200 g","name":"crackers con mantequilla bolsa 200 g","brand":"DAVEIGA MARIÑEIRAS ","img":"https://sgfm.elcorteingles.es/SGFM/dctm/MEDIA02/CONTENIDOS/201601/12/00120612400711____1__600x600.jpg","price":"2,17 €","price_unit":"(10,85 € / Kilo)","categories":["Supermercado","Desayunos Dulces y pan","Desayunos, dulces y pan","Pan","Crackers","DAVEIGA MARIÑEIRAS crackers con mantequilla bolsa 200 g"],"general_information":["Denominación del alimento: Galletas marineras","Nombre del operador: Lugar da Veiga, S.L.L.","Dirección del operador: Pol. Industrial \"Os Acivros\". 27500 Chantada, Lugo","Cantidad Neta: 200,0 g"],"ingredients":[" Harina de trigo, mantequilla (10%), sal, extracto de malta, emulsionante: lecitina de soja IP, harina de malta, levadura. Contiene gluten, soja y dervidados lácteos."],"conservation":" Conservar en lugar fresco, seco y proteger de la luz solar.","ean":"8437007383140"},{"full_name":"DAVEIGA MARIÑEIRAS crackers con aceite de oliva bolsa 200 g","name":"crackers con aceite de oliva bolsa 200 g","brand":"DAVEIGA MARIÑEIRAS ","img":"https://sgfm.elcorteingles.es/SGFM/dctm/MEDIA02/CONTENIDOS/201511/03/00120612401008____1__600x600.jpg","price":"1,99 €","price_unit":"(9,95 € / Kilo)","categories":["Supermercado","Desayunos Dulces y pan","Desayunos, dulces y pan","Pan","Crackers","DAVEIGA MARIÑEIRAS crackers con aceite de oliva bolsa 200 g"],"general_information":["Denominación del alimento: Galletas marineras con aceite de oliva virgen extra","Nombre del operador: Lugar da Veiga, S.L.L.","Dirección del operador: Pol. Industrial \"Os Acivros\". 27500 Chantada, Lugo","Cantidad Neta: 200 g"],"ingredients":[" Harina de trigo, aceite de oliva virgen extra (10%), sal marina natural, extracto de malta, emulsionante: lecitina de soja IP, harina de malta, levadura. Contiene: gluten y soja. Puede contener derivados lácteos."],"conservation":" Conservar en lugar fresco, seco, exento de olores y proteger de la luz solar.","ean":"8437007383089"},{"full_name":"DAVEIGA MARIÑEIRAS crackers ecológicas con aceite de oliva estuche 200 g","name":"crackers ecológicas con aceite de oliva estuche 200 g","brand":"DAVEIGA MARIÑEIRAS ","img":"https://sgfm.elcorteingles.es/SGFM/dctm/MEDIA02/CONTENIDOS/201601/12/00120614500120____1__600x600.jpg","price":"2,92 €","price_unit":"(14,60 € / Kilo)","categories":["Supermercado","Desayunos Dulces y pan","Desayunos, dulces y pan","Pan","Crackers","DAVEIGA MARIÑEIRAS crackers ecológicas con aceite de oliva estuche 200 g"],"general_information":["Denominación del alimento: Galletas marineras con aceite de oliva virgen extra","Nombre del operador: Lugar da Veiga, S.L.L.","Dirección del operador: Pol. Industrial \"Os Acivros\". 27500 Chantada, Lugo","Cantidad Neta: 200,0 g"],"ingredients":[" Harina de trigo, aceite de oliva virgen extra (10%), sal marina, emulsionante: lecitina de soja IP, levadura. Contiene: gluten y soja. Puede contener derivados lácteos."],"conservation":" Conservar en lugar fresco, seco y proteger de la luz solar.","ean":"8437007383164"},{"full_name":"PRIMA crackers con chispas de sal paquete 500 g","name":"crackers con chispas de sal paquete 500 g","brand":"PRIMA ","img":"https://sgfm.elcorteingles.es/SGFM/00/02/6/0120612400026/0120612400026000g01011.jpg","price":"3,51 €","price_unit":"(7,02 € / Kilo)","categories":["Supermercado","Desayunos Dulces y pan","Desayunos, dulces y pan","Pan","Crackers","PRIMA crackers con chispas de sal paquete 500 g"],"general_information":["Denominación del alimento: Crackers Chispas Sal","Nombre del operador: Bolton Cile España","Dirección del operador: C/. Ombú nº 3   28045 Madrid, España","Cantidad Neta: 500 g"],"ingredients":[" Harina de TRIGO, Aceite de palma no hidrogenado, Sal (1.6%), Corrector de acidez: bicarbonato sódico, Harina de CEBADA malteada, Extrácto de malta (TRIGO y CEBADA), Levadura natural"],"ean":"8410118015766"},{"full_name":"PRIMA crackers sabor tradicional paquete 500 g","name":"crackers sabor tradicional paquete 500 g","brand":"PRIMA ","img":"https://sgfm.elcorteingles.es/SGFM/00/03/4/0120612400034/0120612400034000g01011.jpg","price":"3,38 €","price_unit":"(6,76 € / Kilo)","categories":["Supermercado","Desayunos Dulces y pan","Desayunos, dulces y pan","Pan","Crackers","PRIMA crackers sabor tradicional paquete 500 g"],"general_information":["Denominación del alimento: Crackers tradicional","Nombre del operador: Bolton Cile España","Dirección del operador: C/. Ombú nº 3   28045 Madrid, España","Cantidad Neta: 500 g"],"ingredients":[" Harina de TRIGO, Aceite de palma no hidrogenado, Sal, Corrector de acidez: bicarbonato sódico, Harina de CEBADA malteada, Extrácto de malta (TRIGO y CEBADA), Levadura natural"],"ean":"8410118015773"},{"full_name":"PRIMA crackers integrales paquete 500 g","name":"crackers integrales paquete 500 g","brand":"PRIMA ","img":"https://sgfm.elcorteingles.es/SGFM/00/04/2/0120612400042/0120612400042000g01011.jpg","price":"3,38 €","price_unit":"(6,76 € / Kilo)","categories":["Supermercado","Desayunos Dulces y pan","Desayunos, dulces y pan","Pan","Crackers","PRIMA crackers integrales paquete 500 g"],"general_information":["Denominación del alimento: Crackers Integral","Nombre del operador: Bolton Cile España","Dirección del operador: C/. Ombú nº 3   28045 Madrid, España","Cantidad Neta: 500 g"],"ingredients":[" Harina de TRIGO, Harina de TRIGO integral (39%), Aceite de palma no hidrogenado, Corrector de acidez: bicarbonato sódico, Sal, Harina de CEBADA malteada, Gluten de TRIGO, Extrácto de malta (TRIGO y CEBADA), Levadura natural"],"ean":"8410118015780"},{"full_name":"PRIMA Crackers sabor Mediterráneo caja 500 g","name":"Crackers sabor Mediterráneo caja 500 g","brand":"PRIMA ","img":"https://sgfm.elcorteingles.es/SGFM/00/45/5/0120612400455/0120612400455000g01011.jpg","price":"3,51 €","price_unit":"(7,02 € / Kilo)","categories":["Supermercado","Desayunos Dulces y pan","Desayunos, dulces y pan","Pan","Crackers","PRIMA Crackers sabor Mediterráneo caja 500 g"],"general_information":["Denominación del alimento: Crackers Mediterráneo","Nombre del operador: Bolton Cile España","Dirección del operador: C/. Ombú nº 3   28045 Madrid, España","Cantidad Neta: 500 g"],"ingredients":[" Harina de TRIGO, Aceite de oliva virgen extra (10.3%), Sal, Romero (1.1%), Corrector de acidez: bicarbonato sódico, Harina de CEBADA malteada, Extrácto de malta (TRIGO y CEBADA), Levadura natural"],"ean":"8410118025093"},{"full_name":"PRIMA Gourmet Original crackers con aceite de oliva virgen extra paquete 150 g","name":"Gourmet Original crackers con aceite de oliva virgen extra paquete 150 g","brand":"PRIMA ","img":"https://sgfm.elcorteingles.es/SGFM/dctm/MEDIA03/201710/17/00120612401263____1__600x600.jpg","price":"2,19 €","price_unit":"(14,60 € / Kilo)","categories":["Supermercado","Desayunos Dulces y pan","Desayunos, dulces y pan","Pan","Crackers","PRIMA Gourmet Original crackers con aceite de oliva virgen extra paquete 150 g"],"general_information":[],"ingredients":[],"ean":"8410118044162"},{"full_name":"PRIMA Gourmet Mediterráneo crackers con aceite de oliva virgen extra y romero sin gluten paquete 150 g con harina de arroz","name":"Gourmet Mediterráneo crackers con aceite de oliva virgen extra y romero sin gluten paquete 150 g","brand":"PRIMA ","img":"https://sgfm.elcorteingles.es/SGFM/dctm/MEDIA03/201710/19/00120612401271____1__600x600.jpg","price":"2,19 €","price_unit":"(14,60 € / Kilo)","categories":["Supermercado","Desayunos Dulces y pan","Desayunos, dulces y pan","Pan","Crackers","PRIMA Gourmet Mediterráneo crackers con aceite de oliva virgen extra y romero sin gluten paquete 150 g con harina de arroz"],"general_information":[],"ingredients":[],"ean":"8410118044186"},{"full_name":"FINN CRISP crackers Original estuche 200 g","name":"crackers Original estuche 200 g","brand":"FINN CRISP ","img":"https://sgfm.elcorteingles.es/SGFM/00/67/9/0120612400679/0120612400679000g01011.jpg","price":"2,09 €","price_unit":"(10,45 € / Kilo)","categories":["Supermercado","Desayunos Dulces y pan","Desayunos, dulces y pan","Pan","Crackers","FINN CRISP crackers Original estuche 200 g"],"general_information":["Denominación del alimento: Pan de centeno fino.","Nombre del operador: Comercial Masoliver S.A.","Dirección del operador: Calle Puntia, 18 - 17857 Begudà (Girona) España","Lugar de procedencia del alimento: 246 - Finlandia","Cantidad Neta: 200 g"],"ingredients":[" Harina de centeno integral (94%), agua, sal, levadura. Contiene centeno. Puede contener: semillas de sésamo, trigo, cebada y avena."],"conservation":" Conservar en un lugar seco y fresco.","ean":"6410500090014"},{"full_name":"FINN CRISP crackers de 5 cereales integrales envase 190 g","name":"crackers de 5 cereales integrales envase 190 g","brand":"FINN CRISP ","img":"https://sgfm.elcorteingles.es/SGFM/00/87/7/0120612400877/0120612400877000g01011.jpg","price":"2,96 €","price_unit":"(15,58 € / Kilo)","categories":["Supermercado","Desayunos Dulces y pan","Desayunos, dulces y pan","Pan","Crackers","FINN CRISP crackers de 5 cereales integrales envase 190 g"],"general_information":["Denominación del alimento: Finas galletas integrales crujientes de 5 cereales.","Nombre del operador: Comercial Masoliver S.A.","Dirección del operador: Calle Puntia, 18 - 17857 Begudà (Girona) España","Lugar de procedencia del alimento: 246 - Finlandia","Cantidad Neta: 190 g"],"ingredients":[" Harina de centeno integral (65%), harina integral de avena (4%), harina integral de cebada (4%), harina integral de trigo (4%), copos de avena (4%), jarabe de azúcar de remolacha, semillas de lino, agua, malta de centeno, cebada (1,7%), semillas de sésamo, sal (1,2%) y levadura. Contiene centeno, avena, cebada, trigo, semillas de sésamo."],"conservation":" Conservar en un lugar fresco y seco. Proteger de la luz.","ean":"6437005058448"},{"full_name":"TINA BERENAR crackers con confitura de tomate caja 62 g","name":"crackers con confitura de tomate caja 62 g","brand":"TINA BERENAR ","img":"https://sgfm.elcorteingles.es/SGFM/dctm/MEDIA03/201710/19/00120612401230____1__600x600.jpg","price":"1,59 €","price_unit":"(24,46 € / Kilo)","categories":["Supermercado","Desayunos Dulces y pan","Desayunos, dulces y pan","Pan","Crackers","TINA BERENAR crackers con confitura de tomate caja 62 g"],"general_information":[],"ingredients":[],"ean":"8435023450334"},{"full_name":"TINA BERENAR crackers con sobrasada vegana caja 62 g","name":"crackers con sobrasada vegana caja 62 g","brand":"TINA BERENAR ","img":"https://sgfm.elcorteingles.es/SGFM/dctm/MEDIA03/201710/19/00120612401248____1__600x600.jpg","price":"1,59 €","price_unit":"(24,46 € / Kilo)","categories":["Supermercado","Desayunos Dulces y pan","Desayunos, dulces y pan","Pan","Crackers","TINA BERENAR crackers con sobrasada vegana caja 62 g"],"general_information":[],"ingredients":[],"ean":"8435023450327"},{"full_name":"TINA BERENAR crackers con tomate de ramillete caja 62 g","name":"crackers con tomate de ramillete caja 62 g","brand":"TINA BERENAR ","img":"https://sgfm.elcorteingles.es/SGFM/dctm/MEDIA03/201710/19/00120612401222____1__600x600.jpg","price":"1,59 €","price_unit":"(24,46 € / Kilo)","categories":["Supermercado","Desayunos Dulces y pan","Desayunos, dulces y pan","Pan","Crackers","TINA BERENAR crackers con tomate de ramillete caja 62 g"],"general_information":[],"ingredients":[],"ean":"8435023450341"},{"full_name":"EL CORTE INGLES picos de pan de jerez bolsa 250 g","name":"picos de pan de jerez bolsa 250 g","brand":"EL CORTE INGLES ","img":"https://sgfm.elcorteingles.es/SGFM/dctm/MEDIA02/CONTENIDOS/201411/14/00120655300836____2__600x600.jpg","price":"0,92 €","price_unit":"(3,68 € / Kilo)","categories":["Supermercado","Desayunos Dulces y pan","Desayunos, dulces y pan","Pan","Colines, picos y picatostes","EL CORTE INGLES picos de pan de jerez bolsa 250 g"],"general_information":["Denominación del alimento: Pan especial tipo colines.","Nombre del operador: Elaborado para \nEl Corte Inglés\npor  FRANJUBA PAN, S.L.\nParque Tecnológico Agroalimentario \nAvda. de la Patente, 1\n11591 Jerez de la Frontera (Cádiz)\nEspaña","Cantidad Neta: 250 g","Número de raciones por envase: ~ 8"],"ingredients":[" Ingredientes: Harina de trigo, agua, levadura y sal. Puede contener trazas de sésamo, leche y sus derivados (incluida la lactosa), soja y sulfitos"],"conservation":" Conservar cerrado en lugar fresco y seco","ean":"8433329019675"},{"full_name":"EL CORTE INGLES picos de pan camperos bolsa 250 g","name":"picos de pan camperos bolsa 250 g","brand":"EL CORTE INGLES ","img":"https://sgfm.elcorteingles.es/SGFM/dctm/MEDIA03/201701/16/00120655300844____4__600x600.jpg","price":"0,71 €","price_unit":"(2,84 € / Kilo)","categories":["Supermercado","Desayunos Dulces y pan","Desayunos, dulces y pan","Pan","Colines, picos y picatostes","EL CORTE INGLES picos de pan camperos bolsa 250 g"],"general_information":["Denominación del alimento: Pan especial tipo colines.","Nombre del operador: Elaborado para\nEl Corte Inglés\npor FRANJUBA PAN, S.L.\nParque Tecnológico Agroalimentario \nAvda. de la Patente, 1\n11591 Jerez de la Frontera (Cádiz)\nEspaña","Cantidad Neta: 250 g","Número de raciones por envase: ~ 8"],"ingredients":[" Ingredientes: Harina de trigo, agua, levadura y sal. Puede contener trazas de sésamo, leche y sus derivados (incluida la lactosa), soja y sulfitos"],"conservation":" Conservar cerrado en lugar fresco y seco","ean":"8433329019637"},{"full_name":"EL CORTE INGLES picos de pan integrales bolsa 250 g","name":"picos de pan integrales bolsa 250 g","brand":"EL CORTE INGLES ","img":"https://sgfm.elcorteingles.es/SGFM/dctm/MEDIA02/CONTENIDOS/201411/14/00120655300851____2__600x600.jpg","price":"1,05 €","price_unit":"(4,20 € / Kilo)","categories":["Supermercado","Desayunos Dulces y pan","Desayunos, dulces y pan","Pan","Colines, picos y picatostes","EL CORTE INGLES picos de pan integrales bolsa 250 g"],"general_information":["Denominación del alimento: Pan especial tipo colines.","Nombre del operador: Elaborado para\nEl Corte Inglés\npor FRANJUBA PAN, S.L.\nParque Tecnológico Agroalimentario \nAvda. de la Patente, 1\n11591 Jerez de la Frontera (Cádiz)\nEspaña","Cantidad Neta: 250 g","Número de raciones por envase: ~ 8"],"ingredients":[" Ingredientes: Harina de trigo, agua, salvado de trigo (10%), levadura y sal. Puede contener trazas de sésamo, leche y sus derivados (incluida la lactosa), soja y sulfitos"],"conservation":" Conservar cerrado en lugar fresco y seco","ean":"8433329019668"},{"full_name":"EL CORTE INGLES picos camperos de pan con aceite de oliva bolsa 250 g","name":"picos camperos de pan con aceite de oliva bolsa 250 g","brand":"EL CORTE INGLES ","img":"https://sgfm.elcorteingles.es/SGFM/dctm/MEDIA03/201612/19/00120655300869____3__600x600.jpg","price":"1,32 €","price_unit":"(5,28 € / Kilo)","categories":["Supermercado","Desayunos Dulces y pan","Desayunos, dulces y pan","Pan","Colines, picos y picatostes","EL CORTE INGLES picos camperos de pan con aceite de oliva bolsa 250 g"],"general_information":["Denominación del alimento: Pan especial tipo colines.","Nombre del operador: Elaborado para \nEl Corte Inglés\npor  FRANJUBA PAN, S.L.\nParque Tecnológico Agroalimentario \nAvda. de la Patente, 1\n11591 Jerez de la Frontera (Cádiz)\nEspaña","Cantidad Neta: 250 g","Número de raciones por envase: ~ 8"],"ingredients":[" Ingredientes: Harina de trigo, agua, aceite de oliva (10%), levadura, y sal. Puede contener trazas de sésamo, leche y sus derivados (incluida la lactosa), soja y sulfitos"],"conservation":" Conservar cerrado en lugar fresco y seco","ean":"8433329019644"},{"full_name":"EL CORTE INGLES picos camperos de pan con aceite de oliva y ajo bolsa 250 g","name":"picos camperos de pan con aceite de oliva y ajo bolsa 250 g","brand":"EL CORTE INGLES ","img":"https://sgfm.elcorteingles.es/SGFM/dctm/MEDIA02/CONTENIDOS/201505/20/00120655300877____1__600x600.jpg","price":"1,30 €","price_unit":"(5,20 € / Kilo)","categories":["Supermercado","Desayunos Dulces y pan","Desayunos, dulces y pan","Pan","Colines, picos y picatostes","EL CORTE INGLES picos camperos de pan con aceite de oliva y ajo bolsa 250 g"],"general_information":[],"ingredients":[],"ean":"8428150002057"},{"full_name":"EL CORTE INGLES regañas de pan con 10 % de aceite de oliva virgen extra bolsa 180 g","name":"regañas de pan con 10 % de aceite de oliva virgen extra bolsa 180 g","brand":"EL CORTE INGLES ","img":"https://sgfm.elcorteingles.es/SGFM/dctm/MEDIA03/201612/02/00120655301057____3__600x600.jpg","price":"0,69 €","price_unit":"(3,83 € / Kilo)","categories":["Supermercado","Desayunos Dulces y pan","Desayunos, dulces y pan","Pan","Colines, picos y picatostes","EL CORTE INGLES regañas de pan con 10 % de aceite de oliva virgen extra bolsa 180 g"],"general_information":["Denominación del alimento: Pan especial tipo colines.","Nombre del operador: Elaborado para \nEl Corte Inglés\npor  FRANJUBA PAN, S.L.\nParque Tecnológico Agroalimentario \nAvda. de la Patente, 1\n11591 Jerez de la Frontera (Cádiz)\nEspaña","Cantidad Neta: 180 g","Número de raciones por envase: ~ 6"],"ingredients":[" Ingredientes: Harina de trigo, agua, aceite de oliva virgen extra (10%), levadura y sal. Puede contener trazas de sésamo, leche y sus derivados (incluida la lactosa), soja y sulfitos"],"conservation":" Conservar cerrado en lugar fresco y seco","ean":"8433329023177"},{"full_name":"EL CORTE INGLES regañás de pan con aceite de oliva virgen y cebolla bolsa 180 g","name":"regañás de pan con aceite de oliva virgen y cebolla bolsa 180 g","brand":"EL CORTE INGLES ","img":"https://sgfm.elcorteingles.es/SGFM/dctm/MEDIA02/CONTENIDOS/201505/20/00120655301065____1__600x600.jpg","price":"0,82 €","price_unit":"(4,56 € / Kilo)","categories":["Supermercado","Desayunos Dulces y pan","Desayunos, dulces y pan","Pan","Colines, picos y picatostes","EL CORTE INGLES regañás de pan con aceite de oliva virgen y cebolla bolsa 180 g"],"general_information":["Denominación del alimento: Pan especial tipo colines.\n\nIngredientes: Harina de $trigo$, agua, aceite de oliva virgen extra (10%), levadura, cebolla (2%) y sal.","Nombre del operador: Elaborado para \nEl Corte Inglés\npor  FRANJUBA PAN, S.L.\nParque Tecnológico Agroalimentario \nAvda. de la Patente, 1\n11591 Jerez de la Frontera (Cádiz)\nEspaña","Cantidad Neta: 180 g","Número de raciones por envase: ~ 6"],"ingredients":[" Pan especial tipo colines.\n\nIngredientes: Harina de trigo, agua, aceite de oliva virgen extra (10%), levadura, cebolla (2%) y sal. Puede contener trazas de sésamo, leche y sus derivados (incluida la lactosa), soja y sulfitos"],"conservation":" Conservar cerrado en lugar fresco y seco","ean":"8433329023160"},{"full_name":"EL CORTE INGLES regañas bolsa 140 g","name":"regañas bolsa 140 g","brand":"EL CORTE INGLES ","img":"https://sgfm.elcorteingles.es/SGFM/dctm/MEDIA03/201603/11/00120655302857____1__600x600.jpg","price":"1,02 €","price_unit":"(7,29 € / Kilo)","categories":["Supermercado","Desayunos Dulces y pan","Desayunos, dulces y pan","Pan","Colines, picos y picatostes","EL CORTE INGLES regañas bolsa 140 g"],"general_information":["Denominación del alimento: Pan especial tipo colines.","Nombre del operador: Elaborado para \nEl Corte Inglés\npor / FRANJUBA PAN, S.L.\nParque Tecnológico Agroalimentario \nAvda. de la Patente, 1\n11591 Jerez de la Frontera (Cádiz)\nEspaña","Cantidad Neta: 140 g","Número de raciones por envase: 4"],"ingredients":[" Ingredientes: Harina de trigo, agua, aceite de oliva virgen extra, levadura y sal. Puede contener trazas de sésamo, leche y sus derivados (incluida la lactosa), soja y sulfitos"],"conservation":" Conservar cerrado en lugar fresco y seco","ean":"8433329051934"},{"full_name":"EL CORTE INGLES picos de Antequera extra crujientes caja 140 g","name":"picos de Antequera extra crujientes caja 140 g","brand":"EL CORTE INGLES ","img":"https://sgfm.elcorteingles.es/SGFM/dctm/MEDIA03/201605/27/00120655302881____1__600x600.jpg","price":"1,80 €","price_unit":"(12,86 € / Kilo)","categories":["Supermercado","Desayunos Dulces y pan","Desayunos, dulces y pan","Pan","Colines, picos y picatostes","EL CORTE INGLES picos de Antequera extra crujientes caja 140 g"],"general_information":["Denominación del alimento: Pan especial tipo colines","Nombre del operador: Elaborado para El Corte Inglés por                  Delicias del Pan del Obrador de Antequera, S.L.  Parque empresarial de Antequera                            C/ Castilla y León Pac.I 5 Nave 10","Cantidad Neta: 140 g","Número de raciones por envase: aproximadament"],"ingredients":[" Ingredientes: Harina de trigo, agua, levadura natural y sal Puede contener trazas de sésamo"],"conservation":" Conservar en lugar fresco y seco","ean":"8433329072403"},{"full_name":"EL CORTE INGLES picos de Antequera integrales extra crujientes bolsa 140 g","name":"picos de Antequera integrales extra crujientes bolsa 140 g","brand":"EL CORTE INGLES ","img":"https://sgfm.elcorteingles.es/SGFM/dctm/MEDIA03/201605/27/00120655302899____1__600x600.jpg","price":"1,81 €","price_unit":"(12,93 € / Kilo)","categories":["Supermercado","Desayunos Dulces y pan","Desayunos, dulces y pan","Pan","Colines, picos y picatostes","EL CORTE INGLES picos de Antequera integrales extra crujientes bolsa 140 g"],"general_information":["Denominación del alimento: Pan especial tipo colines","Nombre del operador: Elaborado para El Corte Inglés por                  Delicias del Pan del Obrador de Antequera, S.L.  Parque empresarial de Antequera                            C/ Castilla y León Pac.I 5 Nave 10","Cantidad Neta: 140 g","Número de raciones por envase: aproximadament"],"ingredients":[" Ingredientes: Harina de trigo integral, agua, levadura natural y sal Puede contener trazas de sésamo"],"conservation":" Conservar en lugar fresco y seco","ean":"8433329072410"},{"full_name":"ALIADA colines bolsa 250 g","name":"colines bolsa 250 g","brand":"ALIADA ","img":"https://sgfm.elcorteingles.es/SGFM/dctm/MEDIA02/CONTENIDOS/201410/14/00120655302394____1__600x600.jpg","price":"0,46 €","price_unit":"(1,84 € / Kilo)","categories":["Supermercado","Desayunos Dulces y pan","Desayunos, dulces y pan","Pan","Colines, picos y picatostes","ALIADA colines bolsa 250 g"],"general_information":["Denominación del alimento: Pan especial tipo colines.","Nombre del operador: Elaborado para el \nGrupo El Corte Inglés\nHermosilla, 112   28009 Madrid ? España             por CIF: B-11690104","Cantidad Neta: 250 g","Número de raciones por envase: ~ 8"],"ingredients":[" Ingredientes: Harina de trigo, agua, levadura, sal, aceite de oliva y mejorante panario (harina de trigo y agente de tratamiento de harina: ácido ascórbico). Puede contener trazas de sésamo, leche y sus derivados (incluida la lactosa) , soja y sulfitos."],"conservation":" Conservar cerrado en lugar seco y fresco","ean":"8433329049870"},{"full_name":"ALIADA colines integrales bolsa 250 g","name":"colines integrales bolsa 250 g","brand":"ALIADA ","img":"https://sgfm.elcorteingles.es/SGFM/dctm/MEDIA02/CONTENIDOS/201410/14/00120655302402____1__600x600.jpg","price":"0,46 €","price_unit":"(1,84 € / Kilo)","categories":["Supermercado","Desayunos Dulces y pan","Desayunos, dulces y pan","Pan","Colines, picos y picatostes","ALIADA colines integrales bolsa 250 g"],"general_information":["Denominación del alimento: Pan especial tipo colines.","Nombre del operador: Elaborado para el \nGrupo El Corte Inglés\nHermosilla, 112   28009 Madrid ? España  \npor CIF: B-11690104","Cantidad Neta: 250 g","Número de raciones por envase: ~ 8"],"ingredients":[" Ingredientes: Harina detrigo, agua, salvado de trigo, levadura, sal, aceite de oliva y mejorante panario (harina de trigo y agente de tratamiento de harina : ácido ascórbico). Puede contener trazas de sésamo, leche y sus derivados (incluida la lactosa) , soja y sulfitos."],"conservation":" Conservar cerrado en lugar seco y fresco","ean":"8433329049887"},{"full_name":"ALIADA trencitas bolsa 250 g","name":"trencitas bolsa 250 g","brand":"ALIADA ","img":"https://sgfm.elcorteingles.es/SGFM/dctm/MEDIA02/CONTENIDOS/201410/14/00120655302410____1__600x600.jpg","price":"0,54 €","price_unit":"(2,16 € / Kilo)","categories":["Supermercado","Desayunos Dulces y pan","Desayunos, dulces y pan","Pan","Colines, picos y picatostes","ALIADA trencitas bolsa 250 g"],"general_information":["Denominación del alimento: Pan especial tipo colines.","Nombre del operador: Elaborado para el\nGrupo El Corte Inglés\nHermosilla, 112   28009 Madrid ? España  \npor CIF: B-11690104","Cantidad Neta: 250 g","Número de raciones por envase: ~ 8"],"ingredients":[" Ingredientes: Harina de trigo, agua, levadura, sal, aceite de oliva y mejorante panario (harina de trigo y agente de tratamiento de harina: ácido ascórbico). Puede contener trazas de sésamo, leche y sus derivados (incluida la lactosa) , soja y sulfitos."],"conservation":" Conservar cerrado en lugar seco y fresco","ean":"8433329049894"},{"full_name":"ALIADA regañás pequeñas bolsa 250 g","name":"regañás pequeñas bolsa 250 g","brand":"ALIADA ","img":"https://sgfm.elcorteingles.es/SGFM/dctm/MEDIA02/CONTENIDOS/201410/14/00120655302428____1__600x600.jpg","price":"0,69 €","price_unit":"(2,76 € / Kilo)","categories":["Supermercado","Desayunos Dulces y pan","Desayunos, dulces y pan","Pan","Colines, picos y picatostes","ALIADA regañás pequeñas bolsa 250 g"],"general_information":["Denominación del alimento: Pan especial tipo colines.","Nombre del operador: Elaborado para el\nGrupo El Corte Inglés\nHermosilla, 112   28009 Madrid ? España  \npor CIF: B-11690104","Cantidad Neta: 250 g","Número de raciones por envase: ~ 8"],"ingredients":[" Ingredientes: Harina de trigo, agua, levadura y sal. Puede contener trazas de sésamo, leche y sus derivados (incluida la lactosa) , soja y sulfitos."],"conservation":" Conservar cerrado en lugar seco y fresco","ean":"8433329049900"},{"full_name":"FLORETTE picatostes sabor natural bolsa 65 g","name":"picatostes sabor natural bolsa 65 g","brand":"FLORETTE ","img":"https://sgfm.elcorteingles.es/SGFM/dctm/MEDIA02/CONTENIDOS/201411/13/00118170601100____1__600x600.jpg","price":"1,00 €","price_unit":"(15,38 € / Kilo)","categories":["Supermercado","Desayunos Dulces y pan","Desayunos, dulces y pan","Pan","Colines, picos y picatostes","FLORETTE picatostes sabor natural bolsa 65 g"],"general_information":["Denominación del alimento: Picatostes tostados","País de origen: España","Nombre del operador: Vega Mayor S.L.","Dirección del operador: P.I. El Olivo, C/2 nº 1, 31320 Milagro (Navarra)","Cantidad Neta: 65 g"],"ingredients":[" Harina de trigo, aceite vegetal (girasol),  dextrosa, gluten de trigo, levadura, sal, suero de leche, extracto de malta de cebada, antioxidante (ácido ascórbico).Puede contener trazas de frutos con cáscara, sésamo, soja y sulfitos"],"conservation":" Mantener en lugar fresco y seco","ean":"8414516082665"},{"full_name":"FLORETTE picatostes sabor ajo y finas hierbas bolsa 70 g","name":"picatostes sabor ajo y finas hierbas bolsa 70 g","brand":"FLORETTE ","img":"https://sgfm.elcorteingles.es/SGFM/dctm/MEDIA02/CONTENIDOS/201411/13/00118170601118____1__600x600.jpg","price":"1,00 €","price_unit":"(14,29 € / Kilo)","categories":["Supermercado","Desayunos Dulces y pan","Desayunos, dulces y pan","Pan","Colines, picos y picatostes","FLORETTE picatostes sabor ajo y finas hierbas bolsa 70 g"],"general_information":["Denominación del alimento: Picatostes tostados con ajo y finas hierbas","País de origen: España","Nombre del operador: Vega Mayor S.L.","Dirección del operador: P.I. El Olivo, C/2 nº 1, 31320 Milagro (Navarra)","Cantidad Neta: 70 g"],"ingredients":[" Cubos de pan de trigo tostado (84,5%) (harina de trigo, dextrosa, grasa vegetal (palma), aceite vegetal (girasol),  gluten de trigo, levadura, suero de leche, extracto de malta de cebada, sal, antioxidante (ácido ascórbico)), aceite de oliva, ajo (2,5%), finas hierbas (0,4%), perejil y sal.Puede contener trazas de frutos con cáscara, sésamo, soja y sulfitos"],"conservation":" Mantener en lugar fresco y seco","ean":"8414516082696"},{"full_name":"SEVILLANOS sevillanitos colines de pan bolsa 200 g","name":"sevillanitos colines de pan bolsa 200 g","brand":"SEVILLANOS ","img":"https://sgfm.elcorteingles.es/SGFM/dctm/MEDIA02/CONTENIDOS/201410/22/00120655300257____2__600x600.jpg","price":"0,73 €","price_unit":"(3,65 € / Kilo)","categories":["Supermercado","Desayunos Dulces y pan","Desayunos, dulces y pan","Pan","Colines, picos y picatostes","SEVILLANOS sevillanitos colines de pan bolsa 200 g"],"general_information":["Denominación del alimento: Sevillanitos","Nombre del operador: Pasteleria Industrial La Serena S.L.","Dirección del operador: Calle Pino Bermejo, 15 - 41016 Sevilla","Cantidad Neta: 200 g","Otras menciones obligatorias en la etiqueta: Horneado con cascara de almendra."],"ingredients":[" Agua, sal, harina de trigo, grasa comestible vegetal y levadura."],"conservation":" Consérvese en lugar fresco y seco.","ean":"8411181181068"},{"full_name":"ENANITOS colines de pan sabor jamón bolsa 120 g","name":"colines de pan sabor jamón bolsa 120 g","brand":"ENANITOS ","img":"https://sgfm.elcorteingles.es/SGFM/dctm/MEDIA02/CONTENIDOS/201410/17/00120655300349____1__600x600.jpg","price":"0,82 €","price_unit":"(6,83 € / Kilo)","categories":["Supermercado","Desayunos Dulces y pan","Desayunos, dulces y pan","Pan","Colines, picos y picatostes","ENANITOS colines de pan sabor jamón bolsa 120 g"],"general_information":["Denominación del alimento: Enanitos Sabor Jamon","Nombre del operador: Pasteleria Industrial La Serena S.L.","Dirección del operador: Calle Pino Bermejo, 15 - 41016 Sevilla","Cantidad Neta: 120 g"],"ingredients":[" Harina de trigo, grasa comestible vegetal,sal, agua, aroma autorizado, aroma jamon, E-621, E-623 y E-627. Contiene leche."],"conservation":" Consérvese en lugar fresco y seco.","ean":"8411181147941"},{"full_name":"ENANITOS colines de pan sabor barbacoa bolsa 120 g","name":"colines de pan sabor barbacoa bolsa 120 g","brand":"ENANITOS ","img":"https://sgfm.elcorteingles.es/SGFM/dctm/MEDIA02/CONTENIDOS/201410/17/00120655300356____1__600x600.jpg","price":"0,73 €","price_unit":"(6,08 € / Kilo)","categories":["Supermercado","Desayunos Dulces y pan","Desayunos, dulces y pan","Pan","Colines, picos y picatostes","ENANITOS colines de pan sabor barbacoa bolsa 120 g"],"general_information":["Denominación del alimento: Enanitos Sabor Barbacoa","Nombre del operador: Pasteleria Industrial La Serena S.L.","Dirección del operador: Calle Pino Bermejo, 15 - 41016 Sevilla","Cantidad Neta: 120 g"],"ingredients":[" Harina de trigo, grasa comestible vegetal,sal, agua, aroma autorizado,aroma barbacoa, E-621, E-623 y E-627. Contiene leche."],"conservation":" Consérvese en lugar fresco y seco.","ean":"8411181231244"},{"full_name":"ROLDAN regañás con aceite de oliva virgen extra bolsa 200 g","name":"regañás con aceite de oliva virgen extra bolsa 200 g","brand":"ROLDAN ","img":"https://sgfm.elcorteingles.es/SGFM/dctm/MEDIA03/201712/11/00120655300943____1__600x600.jpg","price":"1,64 €","price_unit":"(8,20 € / Kilo)","categories":["Supermercado","Desayunos Dulces y pan","Desayunos, dulces y pan","Pan","Colines, picos y picatostes","ROLDAN regañás con aceite de oliva virgen extra bolsa 200 g"],"general_information":["Denominación del alimento: Panes Especiales: Regañás","Nombre del operador: Pasteleria Roldan Hermanos, S.L.","Dirección del operador: C/ Dr. Marañón, 9","Lugar de procedencia del alimento: Córdoba","Cantidad Neta: 200 g"],"ingredients":[" Harina de trigo, agua, aceite de oliva virgen extra, sésamo, levadura, sal, sémola de trigo y harina de malta (trigo). Puede contener trazas de leche y huevo."],"conservation":" Conservese en lugar fresco y seco.","ean":"8425790000016"},{"full_name":"HORNO LA GAÑANIA picos de pan artesanos de jerez bolsa 400 g","name":"picos de pan artesanos de jerez bolsa 400 g","brand":"HORNO LA GAÑANIA ","img":"https://sgfm.elcorteingles.es/SGFM/dctm/MEDIA02/CONTENIDOS/201505/20/00120655300802____2__600x600.jpg","price":"2,17 €","price_unit":"(5,42 € / Kilo)","categories":["Supermercado","Desayunos Dulces y pan","Desayunos, dulces y pan","Pan","Colines, picos y picatostes","HORNO LA GAÑANIA picos de pan artesanos de jerez bolsa 400 g"],"general_information":["Denominación del alimento: Picos artesanos de pan","Nombre del operador: Franjuba Pan, S.L.","Dirección del operador: Pta. Jerez. Avda de la Patente, 1, 11591 Jerez de la Frotera, Cádiz - España","Cantidad Neta: 400 g"],"ingredients":[" Harina de trigo, agua, levadura y sal. Puede contener trazas de sésamo, leche y sus derivados (incluido la lactosa), soja y sulfitos."],"conservation":" Conservar cerrado en lugar fresco y seco.","ean":"8428150000114"},{"full_name":"HORNO LA GAÑANIA picos de pan artesanos de masa dura bolsa 300 g","name":"picos de pan artesanos de masa dura bolsa 300 g","brand":"HORNO LA GAÑANIA ","img":"https://sgfm.elcorteingles.es/SGFM/dctm/MEDIA02/CONTENIDOS/201408/27/00120655300778____1__600x600.jpg","price":"2,16 €","price_unit":"(7,20 € / Kilo)","categories":["Supermercado","Desayunos Dulces y pan","Desayunos, dulces y pan","Pan","Colines, picos y picatostes","HORNO LA GAÑANIA picos de pan artesanos de masa dura bolsa 300 g"],"general_information":["Denominación del alimento: Picos pan artesano masa dura","Nombre del operador: Franjuba Pan, S.L.","Dirección del operador: Pta. Jerez. Avda de la Patente, 1, 11591 Jerez de la Frotera, Cádiz - España","Cantidad Neta: 300 g"],"ingredients":[" Harina de trigo, agua, levadura y sal. Puede contener trazas de sésamo, leche y sus derivados (incluida lactosa), soja y sulfitos."],"conservation":" Conservar cerrado en lugar fresco y seco.","ean":"8428150000015"},{"full_name":"HORNO LA GAÑANIA picos de pan artesanos integrales bolsa 300 g","name":"picos de pan artesanos integrales bolsa 300 g","brand":"HORNO LA GAÑANIA ","img":"https://sgfm.elcorteingles.es/SGFM/dctm/MEDIA02/CONTENIDOS/201505/20/00120655300794____2__600x600.jpg","price":"2,15 €","price_unit":"(7,17 € / Kilo)","categories":["Supermercado","Desayunos Dulces y pan","Desayunos, dulces y pan","Pan","Colines, picos y picatostes","HORNO LA GAÑANIA picos de pan artesanos integrales bolsa 300 g"],"general_information":["Denominación del alimento: Picos Camperos Integrales","Nombre del operador: Franjuba Pan, S.L.","Dirección del operador: Pta. Jerez. Avda de la Patente, 1, 11591 Jerez de la Frotera, Cádiz - España","Cantidad Neta: 230 g"],"ingredients":[" Harina de Trigo, Agua, Salvado de Trigo (10%), Levadura y Sal. Puede contener trazas de sésamo, leche y sus derivados (incluido la lactosa), soja y sulfitos."],"conservation":" Conservar cerrado en lugar fresco y seco.","ean":"8428150000053"},{"full_name":"HORNO LA GAÑANIA picos de pan artesanos con aceite de oliva bolsa 250 g","name":"picos de pan artesanos con aceite de oliva bolsa 250 g","brand":"HORNO LA GAÑANIA ","img":"https://sgfm.elcorteingles.es/SGFM/dctm/MEDIA02/CONTENIDOS/201505/20/00120655300786____2__600x600.jpg","price":"2,14 €","price_unit":"(8,56 € / Kilo)","categories":["Supermercado","Desayunos Dulces y pan","Desayunos, dulces y pan","Pan","Colines, picos y picatostes","HORNO LA GAÑANIA picos de pan artesanos con aceite de oliva bolsa 250 g"],"general_information":["Denominación del alimento: Picos Camperos con Aceite de Oliva","Nombre del operador: Franjuba Pan, S.L.","Dirección del operador: Pta. Jerez. Avda de la Patente, 1, 11591 Jerez de la Frotera, Cádiz - España","Cantidad Neta: 230 g"],"ingredients":[" Harina de Trigo, Agua, Aceite de Oliva (10%), Levadura y Sal. Puede contener trazas de sésamo, leche y sus derivados (incluido la lactosa), soja y sulfitos."],"conservation":" Conservar cerrado en lugar fresco y seco.","ean":"8428150000039"},{"full_name":"HORNO LA GAÑANIA picos de pan artesanos con aceite de oliva y ajo bolsa 200 g","name":"picos de pan artesanos con aceite de oliva y ajo bolsa 200 g","brand":"HORNO LA GAÑANIA ","img":"https://sgfm.elcorteingles.es/SGFM/dctm/MEDIA02/CONTENIDOS/201411/19/00120655300810____1__600x600.jpg","price":"1,89 €","price_unit":"(9,45 € / Kilo)","categories":["Supermercado","Desayunos Dulces y pan","Desayunos, dulces y pan","Pan","Colines, picos y picatostes","HORNO LA GAÑANIA picos de pan artesanos con aceite de oliva y ajo bolsa 200 g"],"general_information":["Denominación del alimento: Picos pan artesano con aceite de oliva y ajo","Nombre del operador: Franjuba Pan, S.L.","Dirección del operador: Pta. Jerez. Avda de la Patente, 1, 11591 Jerez de la Frotera, Cádiz - España","Cantidad Neta: 200 g"],"ingredients":[" Harina de trigo, agua, aceite de oliva (10%), levadura, ajo granulado ( 2,4%), sal y gluten de trigo. Puede contener trazas de sésamo, leche y sus derivados (incluida lactosa), soja y sulfitos."],"conservation":" Conservar cerrado en lugar fresco y seco.","ean":"8428150000152"},{"full_name":"EL GUIJO picos gordos crujientes bolsa 125 g","name":"picos gordos crujientes bolsa 125 g","brand":"EL GUIJO ","img":"https://sgfm.elcorteingles.es/SGFM/dctm/MEDIA03/201703/15/00120655303574____1__600x600.jpg","price":"0,85 €","price_unit":"(6,80 € / Kilo)","categories":["Supermercado","Desayunos Dulces y pan","Desayunos, dulces y pan","Pan","Colines, picos y picatostes","EL GUIJO picos gordos crujientes bolsa 125 g"],"general_information":["Denominación del alimento: PICOS GORDOS","País de origen: España","Nombre del operador: DULCESGUIJO S.L.","Dirección del operador: Pol. Ind. Cañamo II CL Leonardo Vinci 33-45 41300 San José de la Rinconada - Sevilla","Cantidad Neta: 125 g"],"ingredients":[" harina de trigo, agua, sal, levadura, aceite de oliva 8% y adivitivos (E-170, E-300 y E-322)"],"conservation":" Conservese en sitio seco, fresco y aislado del suelo","ean":"8431216002380"},{"full_name":"EL PEÑON regañas de pan con ajonjolí bolsa 180 g","name":"regañas de pan con ajonjolí bolsa 180 g","brand":"EL PEÑON ","img":"https://sgfm.elcorteingles.es/SGFM/dctm/MEDIA02/CONTENIDOS/201601/04/00120655300430____2__600x600.jpg","price":"2,00 €","price_unit":"(11,11 € / Kilo)","categories":["Supermercado","Desayunos Dulces y pan","Desayunos, dulces y pan","Pan","Colines, picos y picatostes","EL PEÑON regañas de pan con ajonjolí bolsa 180 g"],"general_information":[],"ingredients":[],"ean":"8412509106428"},{"full_name":"EL PEÑON Peñoncitos picos de pan elaborados con aceite de oliva virgen bolsa 180 g","name":"Peñoncitos picos de pan elaborados con aceite de oliva virgen bolsa 180 g","brand":"EL PEÑON ","img":"https://sgfm.elcorteingles.es/SGFM/dctm/MEDIA02/CONTENIDOS/201601/04/00120655302766____2__600x600.jpg","price":"0,73 €","price_unit":"(4,06 € / Kilo)","categories":["Supermercado","Desayunos Dulces y pan","Desayunos, dulces y pan","Pan","Colines, picos y picatostes","EL PEÑON Peñoncitos picos de pan elaborados con aceite de oliva virgen bolsa 180 g"],"general_information":[],"ingredients":[],"ean":"8412509110128"},{"full_name":"EL PEÑON picos de pan bolsa 200 g","name":"picos de pan bolsa 200 g","brand":"EL PEÑON ","img":"https://sgfm.elcorteingles.es/SGFM/dctm/MEDIA02/CONTENIDOS/201601/04/00120655302782____2__600x600.jpg","price":"1,56 €","price_unit":"(7,80 € / Kilo)","categories":["Supermercado","Desayunos Dulces y pan","Desayunos, dulces y pan","Pan","Colines, picos y picatostes","EL PEÑON picos de pan bolsa 200 g"],"general_information":[],"ingredients":[],"ean":"8412509275025"},{"full_name":"EL PEÑON violines picos de pan con aceite de oliva virgen bolsa 200 g","name":"violines picos de pan con aceite de oliva virgen bolsa 200 g","brand":"EL PEÑON ","img":"https://sgfm.elcorteingles.es/SGFM/dctm/MEDIA02/CONTENIDOS/201601/04/00120655302774____2__600x600.jpg","price":"1,99 €","price_unit":"(9,95 € / Kilo)","categories":["Supermercado","Desayunos Dulces y pan","Desayunos, dulces y pan","Pan","Colines, picos y picatostes","EL PEÑON violines picos de pan con aceite de oliva virgen bolsa 200 g"],"general_information":[],"ingredients":[],"ean":"8412509103991"},{"full_name":"LA FERREÑA colines de pan bolsa 280 g","name":"colines de pan bolsa 280 g","brand":"LA FERREÑA ","img":"https://sgfm.elcorteingles.es/SGFM/dctm/MEDIA02/CONTENIDOS/201410/20/00120655300398____1__600x600.jpg","price":"1,91 €","price_unit":"(6,82 € / Kilo)","categories":["Supermercado","Desayunos Dulces y pan","Desayunos, dulces y pan","Pan","Colines, picos y picatostes","LA FERREÑA colines de pan bolsa 280 g"],"general_information":["Denominación del alimento: Colines artesanos","Nombre del operador: Pandieta, S.C.L.","Dirección del operador: C/Rodrigo de Triana, 17 - 30709 Lo Ferro - Roldan (Murcia)","Cantidad Neta: 280,0 g"],"ingredients":[" Harina de trigo, levadura, creiente y sal."],"conservation":" Conservar en lugar fresco y seco.","ean":"8413441123467"},{"full_name":"LA FERREÑA colines de pan integrales bolsa 280 g","name":"colines de pan integrales bolsa 280 g","brand":"LA FERREÑA ","img":"https://sgfm.elcorteingles.es/SGFM/dctm/MEDIA02/CONTENIDOS/201410/20/00120655300406____1__600x600.jpg","price":"1,93 €","price_unit":"(6,89 € / Kilo)","categories":["Supermercado","Desayunos Dulces y pan","Desayunos, dulces y pan","Pan","Colines, picos y picatostes","LA FERREÑA colines de pan integrales bolsa 280 g"],"general_information":["Denominación del alimento: Colines integrales","Nombre del operador: Pandieta, S.C.L.","Dirección del operador: C/Rodrigo de Triana, 17 - 30709 Lo Ferro - Roldan (Murcia)","Cantidad Neta: 280,0 g"],"ingredients":[" Harina de trigo, sal, levadura y creciente."],"conservation":" Conservar en lugar fresco y seco.","ean":"8413441123474"},{"full_name":"LA FERREÑA colines de pan con aceite de oliva bolsa 140 g","name":"colines de pan con aceite de oliva bolsa 140 g","brand":"LA FERREÑA ","img":"https://sgfm.elcorteingles.es/SGFM/00/31/5/0120655300315/0120655300315000g01011.jpg","price":"1,37 €","price_unit":"(9,79 € / Kilo)","categories":["Supermercado","Desayunos Dulces y pan","Desayunos, dulces y pan","Pan","Colines, picos y picatostes","LA FERREÑA colines de pan con aceite de oliva bolsa 140 g"],"general_information":["Denominación del alimento: Colines al aceite de oliva","Nombre del operador: Pandieta, S.C.L.","Dirección del operador: C/Rodrigo de Triana, 17 - 30709 Lo Ferro - Roldan (Murcia)","Cantidad Neta: 140,0 g"],"ingredients":[" Aceite de oliva, harina de trigo, levadura, creiente y sal."],"ean":"8413441101045"},{"full_name":"TIPIAK picatostes sabor natural bolsa 75 g","name":"picatostes sabor natural bolsa 75 g","brand":"TIPIAK ","img":"https://sgfm.elcorteingles.es/SGFM/00/14/1/0120655300141/0120655300141000g01011.jpg","price":"0,94 €","price_unit":"(12,53 € / Kilo)","categories":["Supermercado","Desayunos Dulces y pan","Desayunos, dulces y pan","Pan","Colines, picos y picatostes","TIPIAK picatostes sabor natural bolsa 75 g"],"general_information":["Denominación del alimento: Picatostes naturales","País de origen: Francia","Nombre del operador: Ofistrade S.A.","Dirección del operador: C/Buenos Aires 38-40, entlo. C - 08036 Barcelona","Lugar de procedencia del alimento: Francia","Cantidad Neta: 75 g"],"ingredients":[" Harina de trigo (gluten), aceite de palma, levadura, lactosa (leche), sal, proteínas de la leche (leche)."],"conservation":" Consérvese en lugar fresco y seco.","ean":"3185200000009"},{"full_name":"TIPIAK picatostes sabor ajo bolsa 75 g","name":"picatostes sabor ajo bolsa 75 g","brand":"TIPIAK ","img":"https://sgfm.elcorteingles.es/SGFM/00/15/8/0120655300158/0120655300158000g01011.jpg","price":"0,94 €","price_unit":"(12,53 € / Kilo)","categories":["Supermercado","Desayunos Dulces y pan","Desayunos, dulces y pan","Pan","Colines, picos y picatostes","TIPIAK picatostes sabor ajo bolsa 75 g"],"general_information":["Denominación del alimento: Picatostes de ajo","País de origen: Francia","Nombre del operador: Ofistrade S.A.","Dirección del operador: C/Buenos Aires 38-40, entlo. C - 08036 Barcelona","Lugar de procedencia del alimento: Francia","Cantidad Neta: 75 g"],"ingredients":[" Harina de trigo (gluten), aceite de palma, levadura, leche (lactosa), sal, sabor natural de ajo, proteínas de la leche (leche)."],"conservation":" Consérvese en lugar fresco y seco.","ean":"3185200010008"},{"full_name":"RECONDO Picoteos de pan crujientes y ligeros ideales para dippear bolsa 110 g","name":"Picoteos de pan crujientes y ligeros ideales para dippear bolsa 110 g","brand":"RECONDO ","img":"https://sgfm.elcorteingles.es/SGFM/dctm/MEDIA03/201610/20/00120656702485____1__600x600.jpg","price":"1,24 €","price_unit":"(11,27 € / Kilo)","categories":["Supermercado","Desayunos Dulces y pan","Desayunos, dulces y pan","Pan","Colines, picos y picatostes","RECONDO Picoteos de pan crujientes y ligeros ideales para dippear bolsa 110 g"],"general_information":["Denominación del alimento: Picatostes","Nombre del operador: Brioche Pasquier Recondo S.L.","Dirección del operador: C/Juan Thalamás Labandibar, 31 - 20305 Irún (Guipúzcoa)","Cantidad Neta: 110 g"],"ingredients":[" Harina de trigo, harina de sarraceno, aceite vegetal (girasol), azúcar, gluten de trigo, harina de cebada malteada, sal, levadura, fibra de trigo, masa madre de centeno inactiva en polvo, harina de trigo malteada y agente de tratamiento de la harina: ácido ascórbico. Este producto contiene trigo, cebada, centeno y gluten. Puede contener trazas de frutos de cáscara, leche, granos de sésamo y soja."],"conservation":" Consérvese en un lugar fresco y seco.","ean":"8410700000590"},{"full_name":"RECONDO mini picoteos crujientes y ligeros bolsa 100 g","name":"mini picoteos crujientes y ligeros bolsa 100 g","brand":"RECONDO ","img":"https://sgfm.elcorteingles.es/SGFM/dctm/MEDIA03/201610/20/00120656702493____1__600x600.jpg","price":"1,24 €","price_unit":"(12,40 € / Kilo)","categories":["Supermercado","Desayunos Dulces y pan","Desayunos, dulces y pan","Pan","Colines, picos y picatostes","RECONDO mini picoteos crujientes y ligeros bolsa 100 g"],"general_information":["Denominación del alimento: Picatostes","Nombre del operador: Brioche Pasquier Recondo S.L.","Dirección del operador: C/Juan Thalamás Labandibar, 31 - 20305 Irún (Guipúzcoa)","Cantidad Neta: 100 g"],"ingredients":[" Harina de trigo, aceite vegetal (girasol), levadura, harina de cebada malteada, sal, gluten de trigo. Este producto contiene trigo, cebada y gluten. Puede contener trazas de frutos de cáscara, leche, granos de sésamo y soja."],"conservation":" Consérvese en un lugar fresco y seco.","ean":"8410700000606"},{"full_name":"RECONDO picatostes natural paquete 80 g","name":"picatostes natural paquete 80 g","brand":"RECONDO ","img":"https://sgfm.elcorteingles.es/SGFM/dctm/MEDIA03/201605/06/00120655301297____2__600x600.jpg","price":"1,15 €","price_unit":"(14,38 € / Kilo)","categories":["Supermercado","Desayunos Dulces y pan","Desayunos, dulces y pan","Pan","Colines, picos y picatostes","RECONDO picatostes natural paquete 80 g"],"general_information":["Denominación del alimento: Picatostes natural","Nombre del operador: Brioche Pasquier Recondo S.L.","Dirección del operador: C/Juan Thalamás Labandibar, 31 - 20305 Irún (Guipúzcoa)","Cantidad Neta: 80 g"],"ingredients":[" Harina de trigo, aceite vegetal (girasol), grasa vegetal (palma), levadura, sal y malta de trigo. Este producto contiene trigo y gluten. Puede contener trazas de semillas de sésamo."],"conservation":" Consérvese en un lugar fresco y seco.","ean":"8410706004462"},{"full_name":"RECONDO mini picatostes con cebolla bolsa 80 g","name":"mini picatostes con cebolla bolsa 80 g","brand":"RECONDO ","img":"https://sgfm.elcorteingles.es/SGFM/dctm/MEDIA03/201609/07/00120655302998____1__600x600.jpg","price":"1,15 €","price_unit":"(14,38 € / Kilo)","categories":["Supermercado","Desayunos Dulces y pan","Desayunos, dulces y pan","Pan","Colines, picos y picatostes","RECONDO mini picatostes con cebolla bolsa 80 g"],"general_information":["Denominación del alimento: Picatostes tostados aroma cebolla","Nombre del operador: Brioche Pasquier Recondo S.L.","Dirección del operador: C/Juan Thalamás Labandibar, 31 - 20305 Irún (Guipúzcoa)","Cantidad Neta: 80 g"],"ingredients":[" Harina de trigo, aceite de girasol, aroma (leche), gluten de trigo, sal, azúcar y levadura. Puede contener trazas de granos de sésamo, frutos de cáscara y soja."],"conservation":" Consérvese en un lugar fresco y seco.","ean":"8410700000521"},{"full_name":"RECONDO minipicatostes César extracrujientes bolsa 80 g","name":"minipicatostes César extracrujientes bolsa 80 g","brand":"RECONDO ","img":"https://sgfm.elcorteingles.es/SGFM/dctm/MEDIA03/201707/18/00120655303723____1__600x600.jpg","price":"1,15 €","price_unit":"(14,38 € / Kilo)","categories":["Supermercado","Desayunos Dulces y pan","Desayunos, dulces y pan","Pan","Colines, picos y picatostes","RECONDO minipicatostes César extracrujientes bolsa 80 g"],"general_information":["Denominación del alimento: Picatostes César","Nombre del operador: Brioche Pasquier Recondo S.L.","Dirección del operador: C/Juan Thalamás Labandibar, 31 - 20305 Irún (Guipúzcoa)","Cantidad Neta: 80 g"],"ingredients":[" Harina de trigo, aceite de girasol, gluten de trigo, aroma natural (cebada, leche, pimienta, ácido cítrico, perejil), sal, azúcar y levadura. Este producto contiene trigo, cebada, leche y gluten. Puede contener trazas de frutos de cáscara , granos de sésamo y soja."],"conservation":" Consérvese en un lugar fresco y seco.","ean":"8410706100324"},{"full_name":"CROUSTISALAD crouton tostados sabor natural tarrina 85 g","name":"crouton tostados sabor natural tarrina 85 g","brand":"CROUSTISALAD ","img":"https://sgfm.elcorteingles.es/SGFM/dctm/MEDIA02/CONTENIDOS/201410/06/00120656702014____1__600x600.jpg","price":"2,01 €","price_unit":"(23,65 € / Kilo)","categories":["Supermercado","Desayunos Dulces y pan","Desayunos, dulces y pan","Pan","Colines, picos y picatostes","CROUSTISALAD crouton tostados sabor natural tarrina 85 g"],"general_information":["Denominación del alimento: Croûtons tostados.","Nombre del operador: VELDIS, S.A.","Dirección del operador: C/Puerto de Navacerrada, 59, 28935 Móstoles (Madrid).","Cantidad Neta: 85 g","Otras menciones obligatorias en la etiqueta: Envasado en atmósfera protectora."],"ingredients":[" Harina de trigo, aceite de girasol, sal, levadura."],"conservation":" Conservar al abrigo de la luz, en un lugar fresco y seco.","ean":"5413612100443"},{"full_name":"VELARTE saladitos bolsa 250 g","name":"saladitos bolsa 250 g","brand":"VELARTE ","img":"https://sgfm.elcorteingles.es/SGFM/dctm/MEDIA02/CONTENIDOS/201407/21/00120655300521____1__600x600.jpg","price":"1,51 €","price_unit":"(6,04 € / Kilo)","categories":["Supermercado","Desayunos Dulces y pan","Desayunos, dulces y pan","Pan","Colines, picos y picatostes","VELARTE saladitos bolsa 250 g"],"general_information":["Denominación del alimento: Palitos de pan crujientes","Nombre del operador: Productos Velarte S.L.","Dirección del operador: Calle 42, s/n. Pol. Industrial el Bony, 46470 Catarroja Valencia - España.","Cantidad Neta: 250,0 g"],"ingredients":[" Harina de trigo, aceite de girasol alto oléico, sal, levadura, aceite de oliva, azúcar, extracto de malta, y emulgentes (mono y diglicéridos de ácidos grasos, lecitina de soja).Contiene Gluten y soja. Puede contener trazas de derivados lácteos, sésamo y cacahuete."],"ean":"8410998850020"},{"full_name":"VELARTE barritas de pan crujientes con queso emmental y orégano bolsa 80 g","name":"barritas de pan crujientes con queso emmental y orégano bolsa 80 g","brand":"VELARTE ","img":"https://sgfm.elcorteingles.es/SGFM/dctm/MEDIA03/201605/10/00120655301560____2__600x600.jpg","price":"0,92 €","price_unit":"(11,50 € / Kilo)","categories":["Supermercado","Desayunos Dulces y pan","Desayunos, dulces y pan","Pan","Colines, picos y picatostes","VELARTE barritas de pan crujientes con queso emmental y orégano bolsa 80 g"],"general_information":["Denominación del alimento: Barritas de pan crujiente con queso","País de origen: España","Nombre del operador: PRODUCTOS VELARTE S.L.","Dirección del operador: Pol.ind El Bony C/42 s/n 46470 Catarroja (Valencia)","Cantidad Neta: 90,0 g","Número de raciones por envase: 3"],"ingredients":[" Harina de trigo (65,6%), aceite de girasol alto oleico (19,5%), queso (queso, aceite vegetal (Palma) almidón, proteínas de leche, sal, sal de fusión (E-339)) (4,3%), levadura, aceite de oliva, orégano (0,2%), cebollas secas, dextrosa, masa madre de trigo en polvo, tomate en polvo, hierbas, gluten de trigo, harina de malta de trigo, especias, antiaglomerante (E-170), emulgentes (E-471, E-322(soja)), antioxidante (E-300) y aroma de queso. Puede contener trazas de sésamo y cacahuete."],"ean":"8410998000913"},{"full_name":"VELARTE barritas de pan crujientes con semillas de girasol nueva receta natural bolsa 80 g","name":"barritas de pan crujientes con semillas de girasol nueva receta natural bolsa 80 g","brand":"VELARTE ","img":"https://sgfm.elcorteingles.es/SGFM/dctm/MEDIA03/201605/10/00120655301107____2__600x600.jpg","price":"0,93 €","price_unit":"(11,62 € / Kilo)","categories":["Supermercado","Desayunos Dulces y pan","Desayunos, dulces y pan","Pan","Colines, picos y picatostes","VELARTE barritas de pan crujientes con semillas de girasol nueva receta natural bolsa 80 g"],"general_information":["Denominación del alimento: Barritas de pan crujiente con semillas de girasol","Nombre del operador: Productos Velarte S.L.","Dirección del operador: Pol.ind El Bony C/42 s/n 46470 Catarroja (Valencia)","Cantidad Neta: 80 g"],"ingredients":[" 61% Harina de trigo. aceite de girasol alto oleico. 14% semillas de girasol. sal. levadura y azúcar"],"ean":"8410998000548"},{"full_name":"VELARTE Activ-Cereales barritas de pan crujientes con semillas y cereales bolsa 80 g","name":"Activ-Cereales barritas de pan crujientes con semillas y cereales bolsa 80 g","brand":"VELARTE ","img":"https://sgfm.elcorteingles.es/SGFM/dctm/MEDIA03/201709/01/00120655301099____3__600x600.jpg","price":"0,93 €","price_unit":"(11,62 € / Kilo)","categories":["Supermercado","Desayunos Dulces y pan","Desayunos, dulces y pan","Pan","Colines, picos y picatostes","VELARTE Activ-Cereales barritas de pan crujientes con semillas y cereales bolsa 80 g"],"general_information":["Denominación del alimento: Barritas de pan crujiente con semillas y cereales","Nombre del operador: Productos Velarte S.L.","Dirección del operador: Pol.ind El Bony C/42 s/n 46470 Catarroja (Valencia)","Cantidad Neta: 80 g"],"ingredients":[" 59% harina de trigo. aceite girasol alto oleico. 7.1% semillas de girasol. 5.8% semillas de sésamo. 2.9% mezcla de semillas (semilla de lino. sésamo. semillas de girasol y trigo sarraceno). sal. salvado de trigo. levadura y azúcar"],"ean":"8410998000555"},{"full_name":"BIMBO palitos de pan con aceite de oliva bolsa 60 g","name":"palitos de pan con aceite de oliva bolsa 60 g","brand":"BIMBO ","img":"https://sgfm.elcorteingles.es/SGFM/dctm/MEDIA03/201604/27/00120655300927____1__600x600.jpg","price":"0,95 €","price_unit":"(15,83 € / Kilo)","categories":["Supermercado","Desayunos Dulces y pan","Desayunos, dulces y pan","Pan","Colines, picos y picatostes","BIMBO palitos de pan con aceite de oliva bolsa 60 g"],"general_information":["Denominación del alimento: COLINES","Nombre del operador: Bimbo, S.A.U.","Dirección del operador: Avda Prat de la Riba s/n 08401 Granollers (Barcelona)","Cantidad Neta: 60 g"],"ingredients":[" Harina de trigo, aceite vegetal (oliva Virgen 10%), sal, gluten de trigo, levadura. Puede contener soja y/o leche  y/o semillas de sésamo y/o cacahuetes."],"conservation":" Mantener en lugar fresco y seco","ean":"8412600550014"},{"full_name":"BIMBO Silueta palitos de pan integrales bolsa 60 g","name":"Silueta palitos de pan integrales bolsa 60 g","brand":"BIMBO ","img":"https://sgfm.elcorteingles.es/SGFM/dctm/MEDIA03/201604/21/00120655300935____1__600x600.jpg","price":"0,95 €","price_unit":"(15,83 € / Kilo)","categories":["Supermercado","Desayunos Dulces y pan","Desayunos, dulces y pan","Pan","Colines, picos y picatostes","BIMBO Silueta palitos de pan integrales bolsa 60 g"],"general_information":["Denominación del alimento: COLINES INTEGRALES","Nombre del operador: Bimbo, S.A.U.","Dirección del operador: Avda Prat de la Riba s/n 08401 Granollers (Barcelona-Espanha)","Cantidad Neta: 60 g"],"ingredients":[" Harina integral de trigo, aceite vegetal (oliva virgen 8%), semillas de sésamo, sal, gluten de trigo, levadura. Puede contener trazas de soja y/o leche y/o cacahuetes."],"conservation":" Mantener en lugar fresco y seco","ean":"8412600550021"},{"full_name":"JAL crespillos de pan bolsa 200 g","name":"crespillos de pan bolsa 200 g","brand":"JAL ","img":"https://sgfm.elcorteingles.es/SGFM/00/12/5/0120655300125/0120655300125000g01011.jpg","price":"1,21 €","price_unit":"(6,05 € / Kilo)","categories":["Supermercado","Desayunos Dulces y pan","Desayunos, dulces y pan","Pan","Colines, picos y picatostes","JAL crespillos de pan bolsa 200 g"],"general_information":["Denominación del alimento: Crespillos","Nombre del operador: Julio Alvarez Laliga, S.L.","Dirección del operador: Pol. Ind. Lo bolarín, C/ Siglo XXI S/N, Nave-H6, 30360 La Unión, Murcia.","Lugar de procedencia del alimento: Denominación de origen Murcia","Cantidad Neta: 200 g","Número de raciones por envase: 10"],"ingredients":[" Harina de trigo, aceite refinado de soja, agua, vino blanco, agua, manteca de cerdo, sal, pimienta y pimentón dulce."],"conservation":" Consérvese en lugar fresco y seco. Una vez abierto se recomienda consumir antes de 6 semanas.","ean":"8424533000092"},{"full_name":"QUELY Quelitas mini galletas de Inca bolsa 400 g","name":"Quelitas mini galletas de Inca bolsa 400 g","brand":"QUELY ","img":"https://sgfm.elcorteingles.es/SGFM/00/23/2/0120612400232/0120612400232000g01011.jpg","price":"2,25 €","price_unit":"(5,62 € / Kilo)","categories":["Supermercado","Desayunos Dulces y pan","Desayunos, dulces y pan","Pan","Colines, picos y picatostes","QUELY Quelitas mini galletas de Inca bolsa 400 g"],"general_information":["Denominación del alimento: Pan especial","Nombre del operador: QUELY, S.A.","Dirección del operador: C/ La Balanguera 1, 07300 Inca, Mallorca, Islas Baleares, España","Cantidad Neta: 400 g"],"ingredients":[" harina de trigo, aceite refinado de girasol (antioxidante E - 320), levadura, aceite de oliva, sal marina"],"ean":"8411145201504"},{"full_name":"QUELY integrales bolsa 400 g","name":"integrales bolsa 400 g","brand":"QUELY ","img":"https://sgfm.elcorteingles.es/SGFM/00/20/8/0120612400208/0120612400208000g01011.jpg","price":"2,56 €","price_unit":"(6,40 € / Kilo)","categories":["Supermercado","Desayunos Dulces y pan","Desayunos, dulces y pan","Pan","Colines, picos y picatostes","QUELY integrales bolsa 400 g"],"general_information":["Denominación del alimento: Pan especial integral","Nombre del operador: QUELY, S.A.","Dirección del operador: C/ La Balanguera 1, 07300 Inca, Mallorca, Islas Baleares, España","Cantidad Neta: 400 g"],"ingredients":[" harina de trigo, harina integral de trigo(19%), aceite refinado de girasol (antioxidante E - 320), levadura, aceite de oliva, sal marina"],"ean":"8411145201146"},{"full_name":"QUELY Quelitas mini galletas de Inca integrales de Mallorca bolsa 400 g","name":"Quelitas mini galletas de Inca integrales de Mallorca bolsa 400 g","brand":"QUELY ","img":"https://sgfm.elcorteingles.es/SGFM/00/64/6/0120612400646/0120612400646000g01011.jpg","price":"2,19 €","price_unit":"(5,48 € / Kilo)","categories":["Supermercado","Desayunos Dulces y pan","Desayunos, dulces y pan","Pan","Colines, picos y picatostes","QUELY Quelitas mini galletas de Inca integrales de Mallorca bolsa 400 g"],"general_information":["Denominación del alimento: Pan especial integral","Nombre del operador: QUELY, S.A.","Dirección del operador: C/ La Balanguera 1, 07300 Inca, Mallorca, Islas Baleares, España","Cantidad Neta: 400 g"],"ingredients":[" harina de trigo, harina integral de trigo (19%), aceite refinado de girasol (antioxidante E - 320), levadura, aceite de oliva, sal marina"],"ean":"8411145201498"},{"full_name":"QUELY Quelitas mini galletas de Inca rústicas integrales de Mallorca bolsa 350 g","name":"Quelitas mini galletas de Inca rústicas integrales de Mallorca bolsa 350 g","brand":"QUELY ","img":"https://sgfm.elcorteingles.es/SGFM/00/07/5/0120612400075/0120612400075000g01011.jpg","price":"3,11 €","price_unit":"(8,89 € / Kilo)","categories":["Supermercado","Desayunos Dulces y pan","Desayunos, dulces y pan","Pan","Colines, picos y picatostes","QUELY Quelitas mini galletas de Inca rústicas integrales de Mallorca bolsa 350 g"],"general_information":["Denominación del alimento: Pan especial integral con aceite de oliva","Nombre del operador: QUELY, S.A.","Dirección del operador: C/ La Balanguera 1, 07300 Inca, Mallorca, Islas Baleares, España","Cantidad Neta: 350 g"],"ingredients":[" harina de trigo, harina integral de trigo (19%), aceite de girasol alto oleico, aceite de oliva (4.5%), levadura, sal marina"],"ean":"8411145201269"},{"full_name":"QUELY Quelitas Rustic galletas bolsa 350 g","name":"Quelitas Rustic galletas bolsa 350 g","brand":"QUELY ","img":"https://sgfm.elcorteingles.es/SGFM/00/06/7/0120612400067/0120612400067000g01011.jpg","price":"2,50 €","price_unit":"(7,14 € / Kilo)","categories":["Supermercado","Desayunos Dulces y pan","Desayunos, dulces y pan","Pan","Colines, picos y picatostes","QUELY Quelitas Rustic galletas bolsa 350 g"],"general_information":["Denominación del alimento: Pan especial con aceite de oliva","Nombre del operador: QUELY, S.A.","Dirección del operador: C/ La Balanguera 1, 07300 Inca, Mallorca, Islas Baleares, España","Cantidad Neta: 350 g"],"ingredients":[" harina de trigo, aceite de girasol alto oleico, aceite de oliva (4.5%), levadura, sal marina"],"ean":"8411145201252"},{"full_name":"QUELY Quelis galletas de Inca rústicas integrales de Mallorca bolsa 350 g","name":"Quelis galletas de Inca rústicas integrales de Mallorca bolsa 350 g","brand":"QUELY ","img":"https://sgfm.elcorteingles.es/SGFM/dctm/CONTENIDOS/201511/24/00120612400091____1__600x600.jpg","price":"2,65 €","price_unit":"(7,57 € / Kilo)","categories":["Supermercado","Desayunos Dulces y pan","Desayunos, dulces y pan","Pan","Colines, picos y picatostes","QUELY Quelis galletas de Inca rústicas integrales de Mallorca bolsa 350 g"],"general_information":["Denominación del alimento: Pan especial integral","Nombre del operador: QUELY, S.A.","Dirección del operador: C/ La Balanguera 1, 07300 Inca, Mallorca, Islas Baleares, España","Cantidad Neta: 350 g"],"ingredients":[" harina de trigo, harina integral de trigo (19%), aceite refinado de girasol alto oleico, aceite de oliva (4,5%), levadura, sal marina"],"ean":"8411145201214"},{"full_name":"QUELY picos de pan con aceite de oliva bolsa 225 g","name":"picos de pan con aceite de oliva bolsa 225 g","brand":"QUELY ","img":"https://sgfm.elcorteingles.es/SGFM/02/11/3/0120655302113/0120655302113000g01011.jpg","price":"1,12 €","price_unit":"(4,98 € / Kilo)","categories":["Supermercado","Desayunos Dulces y pan","Desayunos, dulces y pan","Pan","Colines, picos y picatostes","QUELY picos de pan con aceite de oliva bolsa 225 g"],"general_information":["Denominación del alimento: Pan especial con aceite de oliva","Nombre del operador: QUELY, S.A.","Dirección del operador: C/ La Balanguera 1, 07300 Inca, Mallorca, Islas Baleares, España","Cantidad Neta: 225 g"],"ingredients":[" harina de trigo, aceite refinado de girasol (antioxidante E-320), aceite de oliva (4%), levadura, sal marina"],"ean":"8411145201887"},{"full_name":"QUELY picos de pan integrales bolsa 225 g","name":"picos de pan integrales bolsa 225 g","brand":"QUELY ","img":"https://sgfm.elcorteingles.es/SGFM/02/09/7/0120655302097/0120655302097000g01011.jpg","price":"1,17 €","price_unit":"(5,20 € / Kilo)","categories":["Supermercado","Desayunos Dulces y pan","Desayunos, dulces y pan","Pan","Colines, picos y picatostes","QUELY picos de pan integrales bolsa 225 g"],"general_information":["Denominación del alimento: Pan especial con aceite de oliva","Nombre del operador: QUELY, S.A.","Dirección del operador: C/ La Balanguera 1, 07300 Inca, Mallorca, Islas Baleares, España","Cantidad Neta: 225 g"],"ingredients":[" harina de trigo, harina integral de trigo (20%), aceite refinado de girasol (13,8%)(antioxidante E-320), levadura, sal marina"],"ean":"8411145201870"},{"full_name":"QUELY picos de pan integral con sésamo bolsa 225 g","name":"picos de pan integral con sésamo bolsa 225 g","brand":"QUELY ","img":"https://sgfm.elcorteingles.es/SGFM/02/10/5/0120655302105/0120655302105000g01011.jpg","price":"1,23 €","price_unit":"(5,47 € / Kilo)","categories":["Supermercado","Desayunos Dulces y pan","Desayunos, dulces y pan","Pan","Colines, picos y picatostes","QUELY picos de pan integral con sésamo bolsa 225 g"],"general_information":["Denominación del alimento: Pan especial con aceite de oliva","Nombre del operador: QUELY, S.A.","Dirección del operador: C/ La Balanguera 1, 07300 Inca, Mallorca, Islas Baleares, España","Cantidad Neta: 225 g"],"ingredients":[" harina de trigo, harina integral de trigo (19%), aceite refinado de girasol (antioxidante E-320), sésamo (3,5%), levadura, sal marina"],"ean":"8411145201948"},{"full_name":"QUELY Quelitas mini galletas de Inca integrales de Mallorca bolsa 200 g","name":"Quelitas mini galletas de Inca integrales de Mallorca bolsa 200 g","brand":"QUELY ","img":"https://sgfm.elcorteingles.es/SGFM/00/26/5/0120612400265/0120612400265000g01011.jpg","price":"1,96 €","price_unit":"(9,80 € / Kilo)","categories":["Supermercado","Desayunos Dulces y pan","Desayunos, dulces y pan","Pan","Colines, picos y picatostes","QUELY Quelitas mini galletas de Inca integrales de Mallorca bolsa 200 g"],"general_information":["Denominación del alimento: Pan especial integral","Nombre del operador: QUELY, S.A.","Dirección del operador: C/ La Balanguera 1, 07300 Inca, Mallorca, Islas Baleares, España","Cantidad Neta: 200 g"],"ingredients":[" harina de trigo, harina integral de trigo (19%), aceite refinado de girasol (antioxidante E - 320), levadura, aceite de oliva, sal marina"],"ean":"8411145201481"},{"full_name":"QUELY Tapas pan crujiente con aceite de oliva bolsa 200 g","name":"Tapas pan crujiente con aceite de oliva bolsa 200 g","brand":"QUELY ","img":"https://sgfm.elcorteingles.es/SGFM/dctm/MEDIA02/CONTENIDOS/201411/25/00120655302386____1__600x600.jpg","price":"1,21 €            ","price_unit":"(4,90 € / Kilo)","categories":["Supermercado","Desayunos Dulces y pan","Desayunos, dulces y pan","Pan","Colines, picos y picatostes","QUELY Tapas pan crujiente con aceite de oliva bolsa 200 g"],"general_information":["Denominación del alimento: Pan especial con aceite de oliva","Nombre del operador: QUELY, S.A.","Dirección del operador: C/ La Balanguera 1, 07300 Inca, Mallorca, Islas Baleares, España","Cantidad Neta: 200 g"],"ingredients":[" harina de trigo, aceite de girasol alto oleico, aceite de oliva (3.2%), levadura, sal marina"],"ean":"8411145202068"},{"full_name":"QUELY Quelis galletas crujientes y artesanas paquete 200 g","name":"Quelis galletas crujientes y artesanas paquete 200 g","brand":"QUELY ","img":"https://sgfm.elcorteingles.es/SGFM/00/69/5/0120612400695/0120612400695000g01011.jpg","price":"1,79 €","price_unit":"(8,95 € / Kilo)","categories":["Supermercado","Desayunos Dulces y pan","Desayunos, dulces y pan","Pan","Colines, picos y picatostes","QUELY Quelis galletas crujientes y artesanas paquete 200 g"],"general_information":["Denominación del alimento: Pan especial","Nombre del operador: QUELY, S.A.","Dirección del operador: C/ La Balanguera 1, 07300 Inca, Mallorca, Islas Baleares, España","Cantidad Neta: 200 g"],"ingredients":[" harina de trigo, aceite refinado de girasol (antioxidante E - 320), levadura, aceite de oliva, sal marina"],"ean":"8411145201061"},{"full_name":"QUELY Quelitas mini galletas de Inca de Mallorca bolsa 200 g","name":"Quelitas mini galletas de Inca de Mallorca bolsa 200 g","brand":"QUELY ","img":"https://sgfm.elcorteingles.es/SGFM/00/24/0/0120612400240/0120612400240000g01011.jpg","price":"1,84 €","price_unit":"(9,20 € / Kilo)","categories":["Supermercado","Desayunos Dulces y pan","Desayunos, dulces y pan","Pan","Colines, picos y picatostes","QUELY Quelitas mini galletas de Inca de Mallorca bolsa 200 g"],"general_information":["Denominación del alimento: Pan especial","Nombre del operador: QUELY, S.A.","Dirección del operador: C/ La Balanguera 1, 07300 Inca, Mallorca, Islas Baleares, España","Cantidad Neta: 200 g"],"ingredients":[" harina de trigo, aceite refinado de girasol (antioxidante E - 320), levadura, aceite de oliva, sal marina"],"ean":"8411145201511"},{"full_name":"QUELY Tapas crackers integrales con aceite de oliva bolsa 200 g","name":"Tapas crackers integrales con aceite de oliva bolsa 200 g","brand":"QUELY ","img":"https://sgfm.elcorteingles.es/SGFM/dctm/MEDIA02/CONTENIDOS/201407/22/00120612400943____2__600x600.jpg","price":"1,21 €            ","price_unit":"(4,90 € / Kilo)","categories":["Supermercado","Desayunos Dulces y pan","Desayunos, dulces y pan","Pan","Colines, picos y picatostes","QUELY Tapas crackers integrales con aceite de oliva bolsa 200 g"],"general_information":["Denominación del alimento: Pan especial integral con aceite de oliva","Nombre del operador: QUELY, S.A.","Dirección del operador: C/ La Balanguera 1, 07300 Inca, Mallorca, Islas Baleares, España","Cantidad Neta: 200 g"],"ingredients":[" harina de trigo, harina integral de trigo (20%), aceite de girasol alto oleico, aceite de oliva (3.2%), levadura, sal marina"],"ean":"8411145202075"},{"full_name":"QUELY Quelitas Rustic mini galletas crujientes y artesanas elaboradas con aceite de oliva bolsa 200 g","name":"Quelitas Rustic mini galletas crujientes y artesanas elaboradas con aceite de oliva bolsa 200 g","brand":"QUELY ","img":"https://sgfm.elcorteingles.es/SGFM/00/70/3/0120612400703/0120612400703000g01011.jpg","price":"1,95 €","price_unit":"(9,75 € / Kilo)","categories":["Supermercado","Desayunos Dulces y pan","Desayunos, dulces y pan","Pan","Colines, picos y picatostes","QUELY Quelitas Rustic mini galletas crujientes y artesanas elaboradas con aceite de oliva bolsa 200 g"],"general_information":["Denominación del alimento: Pan especial integral","Nombre del operador: QUELY, S.A.","Dirección del operador: C/ La Balanguera 1, 07300 Inca, Mallorca, Islas Baleares, España","Cantidad Neta: 200 g"],"ingredients":[" harina de trigo, aceite refinado de girasol alto oleico, aceite de oliva, levadura, sal marina"],"ean":"8411145201276"},{"full_name":"QUELY Quelitas con pipas de girasol bolsa 150 g","name":"Quelitas con pipas de girasol bolsa 150 g","brand":"QUELY ","img":"https://sgfm.elcorteingles.es/SGFM/dctm/MEDIA03/201605/18/00120655302873____1__600x600.jpg","price":"1,64 €","price_unit":"(10,93 € / Kilo)","categories":["Supermercado","Desayunos Dulces y pan","Desayunos, dulces y pan","Pan","Colines, picos y picatostes","QUELY Quelitas con pipas de girasol bolsa 150 g"],"general_information":["Denominación del alimento: Pan especial con aceite de oliva","Nombre del operador: QUELY, S.A.","Dirección del operador: C/ La Balanguera 1, 07300 Inca, Mallorca, Islas Baleares, España","Cantidad Neta: 150 g"],"ingredients":[" harina de trigo, aceite de girasol alto oleico, pipas de girasol (13.1%), levadura, sal marina, aceite de oliva (1.2%)."],"ean":"8411145202969"},{"full_name":"QUELY Quelitas integrales con sésamo bolsa 125 g","name":"Quelitas integrales con sésamo bolsa 125 g","brand":"QUELY ","img":"https://sgfm.elcorteingles.es/SGFM/00/25/7/0120612400257/0120612400257000g01011.jpg","price":"1,35 €","price_unit":"(10,80 € / Kilo)","categories":["Supermercado","Desayunos Dulces y pan","Desayunos, dulces y pan","Pan","Colines, picos y picatostes","QUELY Quelitas integrales con sésamo bolsa 125 g"],"general_information":["Denominación del alimento: Pan especial con aceite de oliva","Nombre del operador: QUELY, S.A.","Dirección del operador: C/ La Balanguera 1, 07300 Inca, Mallorca, Islas Baleares, España","Cantidad Neta: 110 g"],"ingredients":[" harina de trigo, harina integral de trigo (18.6%), aceite de girasol alto oleico, sésamo (3,6%), levadura, aceite de oliva (1.4%), sal marina"],"ean":"8411145201450"},{"full_name":"QUELY Quelitas Snacks picantes crackers bolsa 70 g","name":"Quelitas Snacks picantes crackers bolsa 70 g","brand":"QUELY ","img":"https://sgfm.elcorteingles.es/SGFM/00/74/5/0120612400745/0120612400745000g01011.jpg","price":"0,92 €","price_unit":"(13,14 € / Kilo)","categories":["Supermercado","Desayunos Dulces y pan","Desayunos, dulces y pan","Pan","Colines, picos y picatostes","QUELY Quelitas Snacks picantes crackers bolsa 70 g"],"general_information":["Denominación del alimento: Pan especial","Nombre del operador: QUELY, S.A.","Dirección del operador: C/ La Balanguera 1, 07300 Inca, Mallorca, Islas Baleares, España","Cantidad Neta: 70 g"],"ingredients":[" harina de trigo, aceite de girasol alto oleico, levadura, aceite de oliva (1.5%), sal marina, extracto de pimentón picante (emulsionante: E433)"],"ean":"8411145203119"},{"full_name":"QUELY Merienda quelitas y cañitas de chorizo Espuña paquete 68 g","name":"Merienda quelitas y cañitas de chorizo Espuña paquete 68 g","brand":"QUELY ","img":"https://sgfm.elcorteingles.es/SGFM/dctm/MEDIA03/201711/22/00120671500641____1__600x600.jpg","price":"1,19 €","price_unit":"(17,50 € / Kilo)","categories":["Supermercado","Desayunos Dulces y pan","Desayunos, dulces y pan","Pan","Colines, picos y picatostes","QUELY Merienda quelitas y cañitas de chorizo Espuña paquete 68 g"],"general_information":[],"ingredients":[],"ean":"8411145202143"},{"full_name":"QUELY Merienda quelitas y cañitas de fuet Espuña envase 68 g","name":"Merienda quelitas y cañitas de fuet Espuña envase 68 g","brand":"QUELY ","img":"https://sgfm.elcorteingles.es/SGFM/dctm/MEDIA03/201605/18/00120671500567____1__600x600.jpg","price":"1,29 €","price_unit":"(18,97 € / Kilo)","categories":["Supermercado","Desayunos Dulces y pan","Desayunos, dulces y pan","Pan","Colines, picos y picatostes","QUELY Merienda quelitas y cañitas de fuet Espuña envase 68 g"],"general_information":["Denominación del alimento: Pan especial y con salchichón-fuet","Nombre del operador: QUELY, S.A.","Dirección del operador: C/ La Balanguera 1, 07300 Inca, Mallorca, Islas Baleares, España","Cantidad Neta: 68 g"],"ingredients":[" harina de trigo, aceite de girasol (antioxidante E - 320), levadura, aceite de oliva, sal marina, magro de cerdo, grasa de cerdo, E326, E261, sal, dextrosa, pimienta negra, E509, E301, E401, E250, E252 y cultivos del ácido láctico."],"ean":"8411145202112"},{"full_name":"QUELY palitos con aceite de oliva bolsa 50 g","name":"palitos con aceite de oliva bolsa 50 g","brand":"QUELY ","img":"https://sgfm.elcorteingles.es/SGFM/dctm/MEDIA02/CONTENIDOS/201407/18/00120612400893____1__600x600.jpg","price":"0,70 €","price_unit":"(14 € / Kilo)","categories":["Supermercado","Desayunos Dulces y pan","Desayunos, dulces y pan","Pan","Colines, picos y picatostes","QUELY palitos con aceite de oliva bolsa 50 g"],"general_information":["Denominación del alimento: Pan especial con aceite de oliva","Nombre del operador: QUELY, S.A.","Dirección del operador: C/ La Balanguera 1, 07300 Inca, Mallorca, Islas Baleares, España","Cantidad Neta: 50 g"],"ingredients":[" harina de trigo, aceite de girasol alto oleico, aceite de oliva (2.4%), levadura, sal marina"],"ean":"8411145202525"},{"full_name":"QUELY palitos mediterráneos con tomate ajo y orégano bolsa 50 g","name":"palitos mediterráneos con tomate ajo y orégano bolsa 50 g","brand":"QUELY ","img":"https://sgfm.elcorteingles.es/SGFM/dctm/MEDIA02/CONTENIDOS/201407/18/00120612400919____1__600x600.jpg","price":"0,75 €","price_unit":"(15 € / Kilo)","categories":["Supermercado","Desayunos Dulces y pan","Desayunos, dulces y pan","Pan","Colines, picos y picatostes","QUELY palitos mediterráneos con tomate ajo y orégano bolsa 50 g"],"general_information":["Denominación del alimento: Pan especial con aceite de oliva","Nombre del operador: QUELY, S.A.","Dirección del operador: C/ La Balanguera 1, 07300 Inca, Mallorca, Islas Baleares, España","Cantidad Neta: 50 g"],"ingredients":[" harina de trigo, aceite refinado de girasol alto oleico, aceite de oliva (2.4%), levadura, sal marina, ajo en polvo (0,8%), tomate en polvo (0,8%), orégano (0,8%)"],"ean":"8411145202563"},{"full_name":"QUELY palitos con aceitunas negras sabor mediterráneo bolsa 50 g","name":"palitos con aceitunas negras sabor mediterráneo bolsa 50 g","brand":"QUELY ","img":"https://sgfm.elcorteingles.es/SGFM/dctm/MEDIA02/CONTENIDOS/201407/18/00120612400927____1__600x600.jpg","price":"0,59 €","price_unit":"(11,80 € / Kilo)","categories":["Supermercado","Desayunos Dulces y pan","Desayunos, dulces y pan","Pan","Colines, picos y picatostes","QUELY palitos con aceitunas negras sabor mediterráneo bolsa 50 g"],"general_information":["Denominación del alimento: Pan especial con aceite de oliva","Nombre del operador: QUELY, S.A.","Dirección del operador: C/ La Balanguera 1, 07300 Inca, Mallorca, Islas Baleares, España","Cantidad Neta: 50 g"],"ingredients":[" harina de trigo, aceite de girasol alto oleico, ACEITUNA (6%), aceite de oliva (1.49%), levadura, sal marina"],"ean":"8411145202549"},{"full_name":"QUELY palitos con pipas bolsa 50 g","name":"palitos con pipas bolsa 50 g","brand":"QUELY ","img":"https://sgfm.elcorteingles.es/SGFM/dctm/MEDIA02/CONTENIDOS/201407/18/00120612400935____1__600x600.jpg","price":"0,69 €","price_unit":"(13,80 € / Kilo)","categories":["Supermercado","Desayunos Dulces y pan","Desayunos, dulces y pan","Pan","Colines, picos y picatostes","QUELY palitos con pipas bolsa 50 g"],"general_information":["Denominación del alimento: Pan especial con aceite de oliva","Nombre del operador: QUELY, S.A.","Dirección del operador: C/ La Balanguera 1, 07300 Inca, Mallorca, Islas Baleares, España","Cantidad Neta: 50 g"],"ingredients":[" harina de trigo, pipas de girasol (11%)aceite de girasol alto oleico, aceite de oliva (1.49%), levadura, fibra de avena, sal marina"],"ean":"8411145202556"},{"full_name":"QUELY regañás con aceite de oliva bolsa 200 g","name":"regañás con aceite de oliva bolsa 200 g","brand":"QUELY ","img":"https://sgfm.elcorteingles.es/SGFM/dctm/CONTENIDOS/201511/24/00120655302675____1__600x600.jpg","price":"1,21 €","categories":["Supermercado","Desayunos Dulces y pan","Desayunos, dulces y pan","Pan","Colines, picos y picatostes","QUELY regañás con aceite de oliva bolsa 200 g"],"general_information":["Denominación del alimento: Pan especial con aceite de oliva","Nombre del operador: QUELY, S.A.","Dirección del operador: C/ La Balanguera 1, 07300 Inca, Mallorca, Islas Baleares, España","Cantidad Neta: 200 g"],"ingredients":[" harina de trigo, aceite refinado de girasol alto oleico, sal marina, aceite de oliva (1,18%)"],"ean":"8411145202099"},{"full_name":"QUELY regañás con aceite de oliva y ajonjolí bolsa 200 g","name":"regañás con aceite de oliva y ajonjolí bolsa 200 g","brand":"QUELY ","img":"https://sgfm.elcorteingles.es/SGFM/dctm/CONTENIDOS/201511/24/00120655302667____1__600x600.jpg","price":"0,99 €","categories":["Supermercado","Desayunos Dulces y pan","Desayunos, dulces y pan","Pan","Colines, picos y picatostes","QUELY regañás con aceite de oliva y ajonjolí bolsa 200 g"],"general_information":["Denominación del alimento: Pan especial con aceite de oliva","Nombre del operador: QUELY, S.A.","Dirección del operador: C/ La Balanguera 1, 07300 Inca, Mallorca, Islas Baleares, España","Cantidad Neta: 200 g"],"ingredients":[" harina de trigo, aceite refinado de girasol alto oleico, ajonjolí (5,5%) sal marina, aceite de oliva (1,1%)"],"ean":"8411145202105"},{"full_name":"QUELY quelitas con chocolate con leche envase 80 g","name":"quelitas con chocolate con leche envase 80 g","brand":"QUELY ","img":"https://sgfm.elcorteingles.es/SGFM/dctm/MEDIA03/201605/24/00120671500575____1__600x600.jpg","price":"0,99 €","price_unit":"(12,38 € / Kilo)","categories":["Supermercado","Desayunos Dulces y pan","Desayunos, dulces y pan","Pan","Colines, picos y picatostes","QUELY quelitas con chocolate con leche envase 80 g"],"general_information":["Denominación del alimento: Pan especial y chocolate con leche","Nombre del operador: QUELY, S.A.","Dirección del operador: C/ La Balanguera 1, 07300 Inca, Mallorca, Islas Baleares, España","Cantidad Neta: 80 g"],"ingredients":[" Galleta: harina de trigo, aceite refinado de girasol (antioxidante E - 320), levadura, aceite de oliva, sal marina. Chocolate con leche: azúcar, leche entera en polvo (25%), manteca de cacao, cacao en pasta, emulgente: lecitina de soja y aroma natural de vainilla. Cacao 30% mínimo."],"ean":"8411145201566"},{"full_name":"RUBIO piquitos de pan integrales artesanos bolsa 180 g","name":"piquitos de pan integrales artesanos bolsa 180 g","brand":"RUBIO ","img":"https://sgfm.elcorteingles.es/SGFM/00/07/5/0120655300075/0120655300075000g01011.jpg","price":"1,77 €","price_unit":"(9,83 € / Kilo)","categories":["Supermercado","Desayunos Dulces y pan","Desayunos, dulces y pan","Pan","Colines, picos y picatostes","RUBIO piquitos de pan integrales artesanos bolsa 180 g"],"general_information":["Denominación del alimento: Piquito Integral Largo","Nombre del operador: Cruzado en Rubio S.L.","Dirección del operador: Calle Fuente Vieja, 29550, Ardales (Malaga)","Cantidad Neta: 180,0 g"],"ingredients":[" Harina de Trigo, Salvado, Agua, Sal, Levadura, Grasa de soja, Mejorante a base de lecitina de soja y Aceite de Oliva virgen extra. Puede contener trazas de Sésamo."],"conservation":" Conservese en lugar fresco y seco. Una vez abierto se recomienda consumir antes de 10 dias.","ean":"8427254555520"},{"full_name":"RUBIO piquitos de pan normales artesanos bolsa 180 g","name":"piquitos de pan normales artesanos bolsa 180 g","brand":"RUBIO ","img":"https://sgfm.elcorteingles.es/SGFM/00/09/1/0120655300091/0120655300091000g01011.jpg","price":"1,58 €","price_unit":"(8,78 € / Kilo)","categories":["Supermercado","Desayunos Dulces y pan","Desayunos, dulces y pan","Pan","Colines, picos y picatostes","RUBIO piquitos de pan normales artesanos bolsa 180 g"],"general_information":["Denominación del alimento: Piquito Candeal Largo","Nombre del operador: Cruzado en Rubio S.L.","Dirección del operador: Calle Fuente Vieja, 29550, Ardales (Malaga)","Cantidad Neta: 180,0 g"],"ingredients":[" Harina de Trigo, Agua, Sal, Levadura, Grasa de soja, Mejorante a base de lecitina de soja y Aceite de Oliva virgen extra. Puede contener trazas de Sésamo."],"conservation":" Conservese en lugar fresco y seco. Una vez abierto se recomienda consumir antes de 10 dias.","ean":"8427254555513"},{"full_name":"RUBIO piquitos de pan con aceite y sésamo bolsa 150 g","name":"piquitos de pan con aceite y sésamo bolsa 150 g","brand":"RUBIO ","img":"https://sgfm.elcorteingles.es/SGFM/00/05/9/0120655300059/0120655300059000g01011.jpg","price":"1,52 €","price_unit":"(10,13 € / Kilo)","categories":["Supermercado","Desayunos Dulces y pan","Desayunos, dulces y pan","Pan","Colines, picos y picatostes","RUBIO piquitos de pan con aceite y sésamo bolsa 150 g"],"general_information":["Denominación del alimento: Piquitos Sésamo Largo","Nombre del operador: Cruzado en Rubio S.L.","Dirección del operador: Calle Fuente Vieja, 29550, Ardales (Malaga)","Cantidad Neta: 150,0 g"],"ingredients":[" Harina de Trigo, Sésamo, Agua, Sal, Levadura, Grasa de soja, Mejorante a base de lecitina de soja y Aceite de Oliva virgen extra."],"conservation":" Conservese en lugar fresco y seco. Una vez abierto se recomienda consumir antes de 10 dias.","ean":"8427254555599"},{"full_name":"GORI DE MURO galleta de mallorca clásicas receta tradicional paquete 400 g","name":"galleta de mallorca clásicas receta tradicional paquete 400 g","brand":"GORI DE MURO ","img":"https://sgfm.elcorteingles.es/SGFM/dctm/CONTENIDOS/201509/26/00120608201834____1__600x600.jpg","price":"2,15 €","price_unit":"(5,38 € / Kilo)","categories":["Supermercado","Desayunos Dulces y pan","Desayunos, dulces y pan","Pan","Colines, picos y picatostes","GORI DE MURO galleta de mallorca clásicas receta tradicional paquete 400 g"],"general_information":["Denominación del alimento: Galleta marinera clásica","Nombre del operador: Galletes Gori De Muro S.L.","Dirección del operador: Plaça Sant Martí, 8 - 07440 Muro","Cantidad Neta: 400 g"],"ingredients":[" Harina de trigo, manteca, aceite, sal, levadura y aditivo E-320."],"ean":"8422692004265"},{"full_name":"GORI DE MURO galleta de mallorca integrales receta tradicional paquete 400 g","name":"galleta de mallorca integrales receta tradicional paquete 400 g","brand":"GORI DE MURO ","img":"https://sgfm.elcorteingles.es/SGFM/dctm/MEDIA03/201710/19/00120608201842____1__600x600.jpg","price":"2,15 €","price_unit":"(5,38 € / Kilo)","categories":["Supermercado","Desayunos Dulces y pan","Desayunos, dulces y pan","Pan","Colines, picos y picatostes","GORI DE MURO galleta de mallorca integrales receta tradicional paquete 400 g"],"general_information":["Denominación del alimento: Galleta marinera integral","Nombre del operador: Galletes Gori De Muro S.L.","Dirección del operador: Plaça Sant Martí, 8 - 07440 Muro","Cantidad Neta: 400 g"],"ingredients":[" Harina de trigo integral, manteca, aceite, levadura y aditivo E-320."],"ean":"8422692004517"},{"full_name":"GORI DE MURO galletas xeixa de aceite bolsa 300 g","name":"galletas xeixa de aceite bolsa 300 g","brand":"GORI DE MURO ","img":"https://sgfm.elcorteingles.es/SGFM/dctm/MEDIA03/201707/14/00120612401156____1__600x600.jpg","price":"1,99 €","price_unit":"(6,63 € / Kilo)","categories":["Supermercado","Desayunos Dulces y pan","Desayunos, dulces y pan","Pan","Colines, picos y picatostes","GORI DE MURO galletas xeixa de aceite bolsa 300 g"],"general_information":[],"ingredients":[],"ean":"8422692003039"},{"full_name":"GORI DE MURO galletas de centeno y aceite paquete 300 g","name":"galletas de centeno y aceite paquete 300 g","brand":"GORI DE MURO ","img":"https://sgfm.elcorteingles.es/SGFM/dctm/MEDIA03/201709/19/00120612401107____1__600x600.jpg","price":"2,00 €","price_unit":"(6,67 € / Kilo)","categories":["Supermercado","Desayunos Dulces y pan","Desayunos, dulces y pan","Pan","Colines, picos y picatostes","GORI DE MURO galletas de centeno y aceite paquete 300 g"],"general_information":[],"ingredients":[],"ean":"8422692001011"},{"full_name":"GORI DE MURO galletas marineras ecológicas con harina de xeixa paquete 240 g","name":"galletas marineras ecológicas con harina de xeixa paquete 240 g","brand":"GORI DE MURO ","img":"https://sgfm.elcorteingles.es/SGFM/dctm/MEDIA03/201709/08/00120612401081____1__600x600.jpg","price":"2,50 €","price_unit":"(10,42 € / Kilo)","categories":["Supermercado","Desayunos Dulces y pan","Desayunos, dulces y pan","Pan","Colines, picos y picatostes","GORI DE MURO galletas marineras ecológicas con harina de xeixa paquete 240 g"],"general_information":["Denominación del alimento: Galleta marinera ecológica","Nombre del operador: Galletes Gori De Muro S.L.","Dirección del operador: Plaça Sant Martí, 8 - 07440 Muro","Cantidad Neta: 240 g"],"ingredients":[" Harina de xeix, aceite, sal, levadura ecológica."],"ean":"8422692001004"},{"full_name":"GORI DE MURO galletas marineras con romero paquete 240 g","name":"galletas marineras con romero paquete 240 g","brand":"GORI DE MURO ","img":"https://sgfm.elcorteingles.es/SGFM/dctm/MEDIA03/201709/19/00120612401073____1__600x600.jpg","price":"1,70 €","price_unit":"(7,08 € / Kilo)","categories":["Supermercado","Desayunos Dulces y pan","Desayunos, dulces y pan","Pan","Colines, picos y picatostes","GORI DE MURO galletas marineras con romero paquete 240 g"],"general_information":["Denominación del alimento: Galleta marinera con romero","Nombre del operador: Galletes Gori De Muro S.L.","Dirección del operador: Plaça Sant Martí, 8 - 07440 Muro","Cantidad Neta: 240 g"],"ingredients":[" Harina de trigo, manteca, aceite, sal, levadura, aditivo E-320 y brotes de romero."],"ean":"8422692003022"},{"full_name":"GORI DE MURO galleta marinera picante paquete 240 g","name":"galleta marinera picante paquete 240 g","brand":"GORI DE MURO ","img":"https://sgfm.elcorteingles.es/SGFM/dctm/MEDIA03/201709/19/00120612401099____1__600x600.jpg","price":"1,70 €","price_unit":"(7,08 € / Kilo)","categories":["Supermercado","Desayunos Dulces y pan","Desayunos, dulces y pan","Pan","Colines, picos y picatostes","GORI DE MURO galleta marinera picante paquete 240 g"],"general_information":["Denominación del alimento: Galleta marinera picante","Nombre del operador: Galletes Gori De Muro S.L.","Dirección del operador: Plaça Sant Martí, 8 - 07440 Muro","Cantidad Neta: 240 g"],"ingredients":[" Harina de trigo, manteca, aceite, sal, levadura, aditivo E-320 y pimiento picante."],"ean":"8422692003015"},{"full_name":"GREFUSA SNATT'S palitos de trigo con pipas 4 bolsas x 40g pack formato ahorro 160 g","name":"palitos de trigo con pipas 4 bolsas x 40g pack formato ahorro  160 g","brand":"GREFUSA SNATT'S ","img":"https://sgfm.elcorteingles.es/SGFM/dctm/MEDIA02/CONTENIDOS/201412/05/00120655302493____1__600x600.jpg","price":"2,12 €","price_unit":"(13,25 € / Kilo)","categories":["Supermercado","Desayunos Dulces y pan","Desayunos, dulces y pan","Pan","Colines, picos y picatostes","GREFUSA SNATT'S palitos de trigo con pipas 4 bolsas x 40g pack formato ahorro 160 g"],"general_information":["Denominación del alimento: Palitos de pan con semillas de girasol y aceite de oliva (3%)","Nombre del operador: Grefusa S.L","Dirección del operador: Avda de la Llibertat d'Ensenyança nº 20. 46600 Alzira (Valencia)","Cantidad Neta: 160 g","Número de raciones por envase: 4"],"ingredients":[" Harina de trigo ( 65%), aceite de girasol (13%), semillas de girasol (13%), aceite de oliva (3%), levadura y sal. Puede contener: leche, soja, semillas de sésamo,  frutos de càscara y cacahuetes ,"],"conservation":" Conservar en lugar fresco y seco.","ean":"8413164009819"},{"full_name":"GREFUSA SNATT'S palitos de trigo con olivas y sésamo bolsa 60 g","name":"palitos de trigo con olivas y sésamo bolsa 60 g","brand":"GREFUSA SNATT'S ","img":"https://sgfm.elcorteingles.es/SGFM/dctm/MEDIA03/201605/18/00120655302337____2__600x600.jpg","price":"0,89 €","price_unit":"(14,83 € / Kilo)","categories":["Supermercado","Desayunos Dulces y pan","Desayunos, dulces y pan","Pan","Colines, picos y picatostes","GREFUSA SNATT'S palitos de trigo con olivas y sésamo bolsa 60 g"],"general_information":["Denominación del alimento: Palitos de pan con cereales, aceitunas, sésamo y aceite de oliva (3%)","País de origen: España","Nombre del operador: GREFUSA S.L.","Dirección del operador: Av. de la Llibertat d'ensenyança nº 20 46600-Alzira (VALENCIA)","Cantidad Neta: 60 g"],"ingredients":[" Cereales (62%)(harina de TRIGO (90%), AVENA, salvado de TRIGO, salvado de AVENA, fibra de AVENA), aceite de girasol (13%), aceite de oliva (3%), semillas de SÉSAMO (3%), sal, aceitunas verdes deshidratadas  (2%), aceitunas negras deshidratadas (2%), levaduras, semillas de amapola. Puede contener CACAHUETE, LECHE, SOJA."],"conservation":" CONSERVAR EN LUGAR FRESCO Y SECO.","ean":"8413164009888"},{"full_name":"GREFUSA SNATT'S palitos de trigo con pipas paquete 62","name":"palitos de trigo con pipas paquete 62 ","brand":"GREFUSA SNATT'S ","img":"https://sgfm.elcorteingles.es/SGFM/dctm/MEDIA03/201605/18/00120655301586____2__600x600.jpg","price":"0,89 €","price_unit":"(14,35 € / Kilo)","categories":["Supermercado","Desayunos Dulces y pan","Desayunos, dulces y pan","Pan","Colines, picos y picatostes","GREFUSA SNATT'S palitos de trigo con pipas paquete 62"],"general_information":["Denominación del alimento: Palitos de pan con semillas de girasol y aceite de oliva (3%)","País de origen: España","Nombre del operador: GREFUSA S.L.","Dirección del operador: Av. de la Llibertat d'ensenyança nº 20 46600-Alzira (VALENCIA)","Cantidad Neta: 62 g"],"ingredients":[" harina de TRIGO (62%), aceite de girasol (13%), semillas de girasol (13%), aceite de oliva (3%), levadura, sal. Puede contener CACAHUETE, FRUTOS DE CÁSCARA, LECHE, SOJA, SÉSAMO."],"conservation":" CONSERVAR EN LUGAR FRESCO Y SECO.","ean":"8413164005583"},{"full_name":"GREFUSA SNATT'S palitos de trigo integrales con pipas bolsa 55 g","name":"palitos de trigo integrales con pipas bolsa 55 g","brand":"GREFUSA SNATT'S ","img":"https://sgfm.elcorteingles.es/SGFM/dctm/MEDIA03/201605/18/00120655302345____2__600x600.jpg","price":"0,89 €","price_unit":"(16,18 € / Kilo)","categories":["Supermercado","Desayunos Dulces y pan","Desayunos, dulces y pan","Pan","Colines, picos y picatostes","GREFUSA SNATT'S palitos de trigo integrales con pipas bolsa 55 g"],"general_information":["Denominación del alimento: Palitos de pan con harina de trigo integral, semillas de girasol y aceite de oliva (3%)","País de origen: España","Nombre del operador: GREFUSA S.L.","Dirección del operador: Av. de la Llibertat d'ensenyança nº 20 46600-Alzira (VALENCIA)","Cantidad Neta: 55 g"],"ingredients":[" harina de TRIGO integral (35%), harina de TRIGO (33%), aceite de girasol (13%), semillas de girasol (6%), aceite de oliva (3%), sal, levaduras, cebolla deshidratada. Puede contener CACAHUETE, FRUTOS DE CÁSCARA, LECHE, SOJA, SÉSAMO."],"conservation":" CONSERVAR EN LUGAR FRESCO Y SECO.","ean":"8413164009895"},{"full_name":"GREFUSA SNATT'S palitos de trigo con queso paquete 62 g","name":"palitos de trigo con queso paquete 62 g","brand":"GREFUSA SNATT'S ","img":"https://sgfm.elcorteingles.es/SGFM/dctm/MEDIA03/201605/18/00120655301594____2__600x600.jpg","price":"0,89 €","price_unit":"(14,35 € / Kilo)","categories":["Supermercado","Desayunos Dulces y pan","Desayunos, dulces y pan","Pan","Colines, picos y picatostes","GREFUSA SNATT'S palitos de trigo con queso paquete 62 g"],"general_information":["Denominación del alimento: Palitos de pan con queso y aceite de oliva (3%)","País de origen: España","Nombre del operador: GREFUSA S.L.","Dirección del operador: Av. de la Llibertat d'ensenyança nº 20 46600-Alzira (VALENCIA)","Cantidad Neta: 56 g"],"ingredients":[" harina de TRIGO (66%), aceite de girasol (13%), semillas de girasol (13%), QUESO (7%), aceite de oliva (3%), levadura, sal. Puede contener CACAHUETE, FRUTOS DE CÁSCARA, LECHE, SOJA, SÉSAMO."],"conservation":" CONSERVAR EN LUGAR FRESCO Y SECO.","ean":"8413164005002"},{"full_name":"GREFUSA SNATT'S palitos de trigo con chocolate y avellana paquete 68 g","name":"palitos de trigo con chocolate y avellana paquete 68 g","brand":"GREFUSA SNATT'S ","img":"https://sgfm.elcorteingles.es/SGFM/dctm/MEDIA03/201605/18/00120655301602____2__600x600.jpg","price":"0,89 €","price_unit":"(13,09 € / Kilo)","categories":["Supermercado","Desayunos Dulces y pan","Desayunos, dulces y pan","Pan","Colines, picos y picatostes","GREFUSA SNATT'S palitos de trigo con chocolate y avellana paquete 68 g"],"general_information":["Denominación del alimento: Palitos de pan con pepitas de chocolate negro y avellanas (aceite de oliva 3%).","País de origen: España","Nombre del operador: GREFUSA S.L.","Dirección del operador: Av. de la Llibertat d'ensenyança nº 20 46600-Alzira (VALENCIA)","Cantidad Neta: 68 g"],"ingredients":[" harina de TRIGO (59%), pepitas de chocolate negro (13%)(pasta de cacao, azúcar, manteca de cacao), aceite de girasol, aceite de oliva, AVELLANA (2,5%), sal, levadura, azúcar. Puede contener CACAHUETE, FRUTOS DE CÁSCARA, LECHE, SOJA, SÉSAMO."],"conservation":" CONSERVAR EN LUGAR FRESCO Y SECO.","ean":"8413164005590"},{"full_name":"GREFUSA SNATT'S Mediterráneas palitos de trigo con olivas y romero paquete 110 g","name":"Mediterráneas palitos de trigo con olivas y romero paquete 110 g","brand":"GREFUSA SNATT'S ","img":"https://sgfm.elcorteingles.es/SGFM/dctm/MEDIA03/201605/18/00120655302030____1__600x600.jpg","price":"1,06 €","price_unit":"(9,64 € / Kilo)","categories":["Supermercado","Desayunos Dulces y pan","Desayunos, dulces y pan","Pan","Colines, picos y picatostes","GREFUSA SNATT'S Mediterráneas palitos de trigo con olivas y romero paquete 110 g"],"general_information":["Denominación del alimento: Pan con sabor a olivas y romero (aceite de oliva 3%)","País de origen: España","Nombre del operador: GREFUSA S.L.","Dirección del operador: Av. de la Llibertat d'ensenyança nº 20 46600-Alzira (VALENCIA)","Cantidad Neta: 110 g"],"ingredients":[" harina de TRIGO (65%), aceite de girasol (20%), aceite de oliva (3%), levadura, sal, patata deshidratada, azúcar, especias, plantas aromáticas, ajo en polvo, tomate en polvo, aromas naturales, aceitunas negras deshidratadas (0,1%), romero (0,05%), cebolla en polvo, extracto de romero. Puede contener SOJA."],"conservation":" CONSERVAR EN LUGAR FRESCO Y SECO.","ean":"8413164008348"},{"full_name":"GREFUSA SNATT'S Mediterráneas palitos de trigo con tomate y finas hierbas bolsa 110 g","name":"Mediterráneas palitos de trigo con tomate y finas hierbas bolsa 110 g","brand":"GREFUSA SNATT'S ","img":"https://sgfm.elcorteingles.es/SGFM/dctm/MEDIA03/201605/18/00120655302154____1__600x600.jpg","price":"1,06 €","price_unit":"(9,64 € / Kilo)","categories":["Supermercado","Desayunos Dulces y pan","Desayunos, dulces y pan","Pan","Colines, picos y picatostes","GREFUSA SNATT'S Mediterráneas palitos de trigo con tomate y finas hierbas bolsa 110 g"],"general_information":["Denominación del alimento: Pan con tomate, aceite de oliva (3%) y plantas aromaticas","País de origen: España","Nombre del operador: GREFUSA S.L.","Dirección del operador: Av. de la Llibertat d'ensenyança nº 20 46600-Alzira (VALENCIA)","Cantidad Neta: 110 g"],"ingredients":[" harina de TRIGO (66%), aceite de girasol (20%), aceite de oliva (3%), tomate deshidratado (2%), sal, levadura, plantas aromáticas (0,5%). Puede contener SOJA."],"conservation":" CONSERVAR EN LUGAR FRESCO Y SECO.","ean":"8413164008331"},{"full_name":"GREFUSA SNATT'S Mediterráneas palitos de trigo queso con hierbas aromáticas bolsa 110 g","name":"Mediterráneas palitos de trigo queso con hierbas aromáticas bolsa 110 g","brand":"GREFUSA SNATT'S ","img":"https://sgfm.elcorteingles.es/SGFM/02/16/2/0120655302162/0120655302162000g01011.jpg","price":"1,06 €","price_unit":"(9,64 € / Kilo)","categories":["Supermercado","Desayunos Dulces y pan","Desayunos, dulces y pan","Pan","Colines, picos y picatostes","GREFUSA SNATT'S Mediterráneas palitos de trigo queso con hierbas aromáticas bolsa 110 g"],"general_information":["Denominación del alimento: Pan con sabor a queso y plantas aromáticas (aceite de oliva 3%)","País de origen: España","Nombre del operador: GREFUSA S.L.","Dirección del operador: Av. de la Llibertat d'ensenyança nº 20 46600-Alzira (VALENCIA)","Cantidad Neta: 110 g"],"ingredients":[" harina de TRIGO (67%), aceite de girasol (19%), aceite de oliva (3%), suero de LECHE en polvo, levadura, sal, azúcar, extracto de levadura, cebolla deshidratada, aroma natural (LECHE), plantas aromáticas, QUESO en polvo. Puede contener SOJA."],"conservation":" CONSERVAR EN LUGAR FRESCO Y SECO.","ean":"8413164008959"},{"full_name":"GREFUSA SNATT'S minipalitos de espelta y avena con cacahuetes bolsa 120 g","name":"minipalitos de espelta y avena con cacahuetes bolsa 120 g","brand":"GREFUSA SNATT'S ","img":"https://sgfm.elcorteingles.es/SGFM/dctm/MEDIA03/201711/08/00120655304093____1__600x600.jpg","price":"1,50 €            ","price_unit":"(12,08 € / Kilo)","categories":["Supermercado","Desayunos Dulces y pan","Desayunos, dulces y pan","Pan","Colines, picos y picatostes","GREFUSA SNATT'S minipalitos de espelta y avena con cacahuetes bolsa 120 g"],"general_information":[],"ingredients":[],"ean":"8413164012673"},{"full_name":"GREFUSA SNATT'S minipalitos de espelta y avena con pipas bolsa 120 g","name":"minipalitos de espelta y avena con pipas bolsa 120 g","brand":"GREFUSA SNATT'S ","img":"https://sgfm.elcorteingles.es/SGFM/dctm/MEDIA03/201711/08/00120655304085____1__600x600.jpg","price":"1,50 €            ","price_unit":"(12,08 € / Kilo)","categories":["Supermercado","Desayunos Dulces y pan","Desayunos, dulces y pan","Pan","Colines, picos y picatostes","GREFUSA SNATT'S minipalitos de espelta y avena con pipas bolsa 120 g"],"general_information":[],"ingredients":[],"ean":"8413164012666"},{"full_name":"BERTIN OSBORNE Selección picos artesanos 100% natural bolsa 140 g","name":"Selección picos artesanos 100% natural bolsa 140 g","brand":"BERTIN OSBORNE ","img":"https://sgfm.elcorteingles.es/SGFM/dctm/MEDIA03/201706/07/00120655303608____1__600x600.jpg","price":"1,85 €","price_unit":"(13,21 € / Kilo)","categories":["Supermercado","Desayunos Dulces y pan","Desayunos, dulces y pan","Pan","Colines, picos y picatostes","BERTIN OSBORNE Selección picos artesanos 100% natural bolsa 140 g"],"general_information":[],"ingredients":[],"ean":"8427841248187"},{"full_name":"BERTIN OSBORNE Selección Gourmet picos de pan de elaboración artesana 100% natural bolsa 140 g con aceite de oliva virgen extra","name":"Selección Gourmet picos de pan de elaboración artesana 100% natural bolsa 140 g","brand":"BERTIN OSBORNE ","img":"https://sgfm.elcorteingles.es/SGFM/dctm/MEDIA03/201706/07/00120655302592____2__600x600.jpg","price":"1,99 €","price_unit":"(14,21 € / Kilo)","categories":["Supermercado","Desayunos Dulces y pan","Desayunos, dulces y pan","Pan","Colines, picos y picatostes","BERTIN OSBORNE Selección Gourmet picos de pan de elaboración artesana 100% natural bolsa 140 g con aceite de oliva virgen extra"],"general_information":[],"ingredients":[],"ean":"8437014922011"},{"full_name":"BERTIN OSBORNE Selección regañás artesanas 100% natural bolsa 140 g","name":"Selección regañás artesanas 100% natural bolsa 140 g","brand":"BERTIN OSBORNE ","img":"https://sgfm.elcorteingles.es/SGFM/dctm/MEDIA03/201706/07/00120655303590____1__600x600.jpg","price":"1,50 €","price_unit":"(10,71 € / Kilo)","categories":["Supermercado","Desayunos Dulces y pan","Desayunos, dulces y pan","Pan","Colines, picos y picatostes","BERTIN OSBORNE Selección regañás artesanas 100% natural bolsa 140 g"],"general_information":[],"ingredients":[],"ean":"8427841248200"},{"full_name":"EL OBRADOR DE ANTEQUERA picos de pan con aceite de oliva virgen extra ecológico bolsa 140 g","name":"picos de pan con aceite de oliva virgen extra ecológico bolsa 140 g","brand":"EL OBRADOR DE ANTEQUERA ","img":"https://sgfm.elcorteingles.es/SGFM/dctm/MEDIA03/201711/21/00120655304077____1__600x600.jpg","price":"2,19 €","price_unit":"(15,64 € / Kilo)","categories":["Supermercado","Desayunos Dulces y pan","Desayunos, dulces y pan","Pan","Colines, picos y picatostes","EL OBRADOR DE ANTEQUERA picos de pan con aceite de oliva virgen extra ecológico bolsa 140 g"],"general_information":["Denominación del alimento: PICOS ARTESANOS","Nombre del operador: DELICIAS DEL PAN EL OBRADOR DE ANTEQUERA SL","Dirección del operador: LA QUINTA, 24","Cantidad Neta: 140 g"],"ingredients":[" HARINA DE TRIGO, AGUA, ACEITE DE OLIVA VIRGEN EXTRA ECOLÓGICO, SAL MARINA Y LEVADURA NATURAL."],"ean":"8437000574576"},{"full_name":"ALBA bocaditos de pan sabor jamón y tomate bolsa 110 g","name":"bocaditos de pan sabor jamón y tomate bolsa 110 g","brand":"ALBA ","img":"https://sgfm.elcorteingles.es/SGFM/dctm/MEDIA02/CONTENIDOS/201601/22/00120655301826____1__600x600.jpg","price":"1,06 €            ","price_unit":"(8,09 € / Kilo)","categories":["Supermercado","Desayunos Dulces y pan","Desayunos, dulces y pan","Pan","Colines, picos y picatostes","ALBA bocaditos de pan sabor jamón y tomate bolsa 110 g"],"general_information":["Denominación del alimento: Pan con sabor a jamón y tomate","País de origen: España","Nombre del operador: PRODUCTOS ARTESANOS ALBA S.L.","Dirección del operador: Av. de la Llibertat d'ensenyança nº 20 46600-Alzira (VALENCIA)","Cantidad Neta: 110 g"],"ingredients":[" harina de TRIGO, aceite de girasol, aceite de oliva, tomate deshidratado (1,5%), sal, levadura, aroma de jamón. Puede contener CACAHUETE, FRUTOS DE CÁSCARA, LECHE, SOJA, SÉSAMO."],"conservation":" CONSERVAR EN LUGAR FRESCO Y SECO.","ean":"8430777150004"},{"full_name":"ALBA Panetines con sabor a fuet bolsa 90 g","name":"Panetines con sabor a fuet bolsa 90 g","brand":"ALBA ","img":"https://sgfm.elcorteingles.es/SGFM/dctm/MEDIA02/CONTENIDOS/201506/09/00120655302600____1__600x600.jpg","price":"1,10 €            ","price_unit":"(9,89 € / Kilo)","categories":["Supermercado","Desayunos Dulces y pan","Desayunos, dulces y pan","Pan","Colines, picos y picatostes","ALBA Panetines con sabor a fuet bolsa 90 g"],"general_information":["Denominación del alimento: Producto de aperitivo horneado con sabor a salchichón.","País de origen: España","Nombre del operador: PRODUCTOS ARTESANOS ALBA S.L.","Dirección del operador: Av. de la Llibertat d'ensenyança nº 20 46600-Alzira (VALENCIA)","Cantidad Neta: 90 g"],"ingredients":[" harina de TRIGO, harina de maíz, aceite de girasol, salvado de TRIGO, azúcar, sal, suero de LECHE en polvo, aromas (LECHE y LACTOSA), aceite de oliva, potenciadores del sabor (glutamato de monosodio, guanilato disódico, inosinato disódico, pimentón), cebolla, ajo, especias, plantas aromáticas, colorante (extracto de pimentón). Puede contener CACAHUETE, FRUTOS DE CÁSCARA, SOJA."],"conservation":" CONSERVAR EN LUGAR FRESCO Y SECO.","ean":"8430777270009"},{"full_name":"ALBA Gudis mini palitos con Kale con aceite de oliva bolsa 67 g","name":"Gudis mini palitos con Kale con aceite de oliva bolsa 67 g","brand":"ALBA ","img":"https://sgfm.elcorteingles.es/SGFM/dctm/MEDIA03/201709/19/00120655303749____1__600x600.jpg","price":"0,89 €","price_unit":"(13,28 € / Kilo)","categories":["Supermercado","Desayunos Dulces y pan","Desayunos, dulces y pan","Pan","Colines, picos y picatostes","ALBA Gudis mini palitos con Kale con aceite de oliva bolsa 67 g"],"general_information":["Denominación del alimento: Palitos de pan con verduras","País de origen: España","Nombre del operador: PRODUCTOS ARTESANOS ALBA S.L.","Dirección del operador: Av. de la Llibertat d'ensenyança nº 20 46600-Alzira (VALENCIA)","Cantidad Neta: 67 g"],"ingredients":[" harina de TRIGO, aceite de girasol alto oleico, aceite de oliva (3%), sal, levadura, cebolla deshidratada (1,1%), kale deshidratada (1%), pimiento verde deshidratado (1%), tomate deshidratado (1%), pimiento rojo deshidratado (0,7%). Puede contener CACAHUETE, FRUTOS DE CÁSCARA, LECHE, SOJA, Semillas de SÉSAMO."],"conservation":" Conservar en un lugar fresco y seco","ean":"8430777010162"},{"full_name":"ALBA Gudis mini palitos con quinoa y aceite de oliva bolsa 67 g","name":"Gudis mini palitos con quinoa y aceite de oliva bolsa 67 g","brand":"ALBA ","img":"https://sgfm.elcorteingles.es/SGFM/dctm/MEDIA03/201709/19/00120655303731____1__600x600.jpg","price":"0,80 €","price_unit":"(11,94 € / Kilo)","categories":["Supermercado","Desayunos Dulces y pan","Desayunos, dulces y pan","Pan","Colines, picos y picatostes","ALBA Gudis mini palitos con quinoa y aceite de oliva bolsa 67 g"],"general_information":["Denominación del alimento: Palitos de pan con quinoa, sésamo y olivas.","País de origen: España","Nombre del operador: PRODUCTOS ARTESANOS ALBA S.L.","Dirección del operador: Av. de la Llibertat d'ensenyança nº 20 46600-Alzira (VALENCIA)","Cantidad Neta: 67 g"],"ingredients":[" harina de TRIGO, aceite de girasol alto oleico, harina de quinoa (5%), aceite de oliva (3%), semillas de SÉSAMO (3%), salvado de TRIGO, sal, oliva verde deshidratada (1%), oliva negra deshidratada (1%), levadura. Puede contener CACAHUETE, FRUTOS DE CÁSCARA, LECHE, SOJA."],"conservation":" Conservar en un lugar fresco y seco","ean":"8430777010179"},{"full_name":"PICONIL colines con aceite de oliva bolsa 225 g","name":"colines con aceite de oliva bolsa 225 g","brand":"PICONIL ","img":"https://sgfm.elcorteingles.es/SGFM/01/90/9/0120655301909/0120655301909000g01011.jpg","price":"0,79 €","price_unit":"(3,51 € / Kilo)","categories":["Supermercado","Desayunos Dulces y pan","Desayunos, dulces y pan","Pan","Colines, picos y picatostes","PICONIL colines con aceite de oliva bolsa 225 g"],"general_information":[],"ingredients":[],"ean":"8428150006109"},{"full_name":"FRANJUBA picos rústicos bolsa 140 g","name":"picos rústicos bolsa 140 g","brand":"FRANJUBA ","img":"https://sgfm.elcorteingles.es/SGFM/02/00/6/0120655302006/0120655302006000g01011.jpg","price":"1,13 €","price_unit":"(8,07 € / Kilo)","categories":["Supermercado","Desayunos Dulces y pan","Desayunos, dulces y pan","Pan","Colines, picos y picatostes","FRANJUBA picos rústicos bolsa 140 g"],"general_information":["Denominación del alimento: Picos rústicos","Nombre del operador: Franjuba Pan, S.L.","Dirección del operador: Pta. Jerez. Avda de la Patente, 1, 11591 Jerez de la Frotera, Cádiz - España","Cantidad Neta: 140 g"],"ingredients":[" Harina de trigo, agua, levadura y sal."],"conservation":" Conservar cerrado en lugar fresco y seco.","ean":"8428150000299"},{"full_name":"DULCE ALDEA colines bizcochados bolsa 350 g","name":"colines bizcochados bolsa 350 g","brand":"DULCE ALDEA ","price":"1,76 €","price_unit":"(5,03 € / Kilo)","categories":["Supermercado","Desayunos Dulces y pan","Desayunos, dulces y pan","Pan","Colines, picos y picatostes","DULCE ALDEA colines bizcochados bolsa 350 g"],"general_information":[],"ingredients":[],"ean":"8436016742375"},{"full_name":"LA SERENA Selección Gourmet picos de pan paquete 130 g","name":"Selección Gourmet picos de pan paquete 130 g","brand":"LA SERENA ","img":"https://sgfm.elcorteingles.es/SGFM/dctm/MEDIA03/201704/20/00120655302543____1__600x600.jpg","price":"2,01 €","price_unit":"(15,46 € / Kilo)","categories":["Supermercado","Desayunos Dulces y pan","Desayunos, dulces y pan","Pan","Colines, picos y picatostes","LA SERENA Selección Gourmet picos de pan paquete 130 g"],"general_information":["Denominación del alimento: Serenitos","Nombre del operador: Pasteleria Industrial La Serena S.L.","Dirección del operador: Calle Pino Bermejo, 15 - 41016 Sevilla","Cantidad Neta: 130 g","Otras menciones obligatorias en la etiqueta: Con aceite de oliva virgen extra."],"ingredients":[" Harina de trigo, aceite de oliva, agua, levadura, sal, emulgente E-322, antiaglomerante E-170, harina de soja, acido ascorbico y enzimas. Contiene Sfrutos secos ,ajonjoli (sésamo), soja, centeno y glutenS)."],"conservation":" Consérvese en lugar fresco y seco.","ean":"8427841101017"},{"full_name":"HISPALANA picos de pan artesanos tipo Oro bolsa 200 g","name":"picos de pan artesanos tipo Oro bolsa 200 g","brand":"HISPALANA ","img":"https://sgfm.elcorteingles.es/SGFM/dctm/MEDIA02/CONTENIDOS/201506/09/00120655301669____1__600x600.jpg","price":"0,99 €","price_unit":"(4,95 € / Kilo)","categories":["Supermercado","Desayunos Dulces y pan","Desayunos, dulces y pan","Pan","Colines, picos y picatostes","HISPALANA picos de pan artesanos tipo Oro bolsa 200 g"],"general_information":["Denominación del alimento: Picos artesanos","Nombre del operador: Patatas Fritas Hispalana, S.L.","Dirección del operador: Pol. Ind. \"La Red Sur\", calle 41, nº3 (41500 Alcalá de Guadaira, Sevilla)","Cantidad Neta: 200 g"],"ingredients":[" Harina de trigo, agua, sal, levadura y mejorante (harina de trigo, antiaglomerante E170, harina de soja, emulgente E322, agentes de tratamiento ácido ascórbico E300, enzinas)."],"ean":"8426339237979"},{"full_name":"HISPALANA cáscaras regañas con aceite de oliva bolsa 170 g","name":"cáscaras regañas con aceite de oliva bolsa 170 g","brand":"HISPALANA ","img":"https://sgfm.elcorteingles.es/SGFM/dctm/MEDIA03/201604/25/00120655301651____2__600x600.jpg","price":"0,78 €","price_unit":"(4,59 € / Kilo)","categories":["Supermercado","Desayunos Dulces y pan","Desayunos, dulces y pan","Pan","Colines, picos y picatostes","HISPALANA cáscaras regañas con aceite de oliva bolsa 170 g"],"general_information":["Denominación del alimento: Cáscaras con Aceite de Oliva","Nombre del operador: Patatas Fritas Hispalana, S.L.","Dirección del operador: Pol. Ind. \"La Red Sur\", calle 41, nº3 (41500 Alcalá de Guadaira, Sevilla)","Cantidad Neta: 170 g"],"ingredients":[" Harina de trigo, agua, sal, levadura y mejorante (harina de trigo, antiaglomerante E170, harina de soja, emulgente E322, agentes de tratamiento ácido ascórbico E300, enzinas), aceite de oliva (8%) y sésamo.."],"conservation":" Conservar en lugar fresco y seco.","ean":"8426339722000"},{"full_name":"LA GRANJA palitos de pan ecológicos con pipas y aceite de oliva bolsa 150 g","name":"palitos de pan ecológicos con pipas y aceite de oliva bolsa 150 g","brand":"LA GRANJA ","img":"https://sgfm.elcorteingles.es/SGFM/dctm/MEDIA03/201701/16/00120655303020____1__600x600.jpg","price":"2,23 €","categories":["Supermercado","Desayunos Dulces y pan","Desayunos, dulces y pan","Pan","Colines, picos y picatostes","LA GRANJA palitos de pan ecológicos con pipas y aceite de oliva bolsa 150 g"],"general_information":["Denominación del alimento: Palitos ecológicos de pan con pipas y aceite de oliva","Nombre del operador: La Granja Foods 1959, S.L.","Dirección del operador: C/ Trepat, 1 P.I. Clot de Moja 08734 Olèrdola (Barcelona)","Cantidad Neta: 150 g","Otras menciones obligatorias en la etiqueta: B RSIPAC: 20.05623/CAT"],"ingredients":[" harina de trigo*, agua, pipas de girasol* (17%), aceite de girasol alto oleico*, aceite de oliva* (2%), levadura y sal.* Ingredientes procedentes de la Agricultura Ecológica."],"conservation":" Mantener en lugar fresco y seco.","ean":"8421660060128"},{"full_name":"LA GRANJA palitos de pan de espelta con aceite de oliva ecológicos bolsa 150 g","name":"palitos de pan de espelta con aceite de oliva ecológicos bolsa 150 g","brand":"LA GRANJA ","img":"https://sgfm.elcorteingles.es/SGFM/dctm/MEDIA03/201702/02/00120655303038____1__600x600.jpg","price":"2,23 €","categories":["Supermercado","Desayunos Dulces y pan","Desayunos, dulces y pan","Pan","Colines, picos y picatostes","LA GRANJA palitos de pan de espelta con aceite de oliva ecológicos bolsa 150 g"],"general_information":["Denominación del alimento: Palitos ecológicos de pan de espelta con aceite de oliva","Nombre del operador: La Granja Foods 1959, S.L.","Dirección del operador: C/ Trepat, 1 P.I. Clot de Moja 08734 Olèrdola (Barcelona)","Cantidad Neta: 150 g","Otras menciones obligatorias en la etiqueta: B RSIPAC: 20.05623/CAT"],"ingredients":[" Harina de espelta* (65%), agua, aceite de girasol*, aceite de oliva* (1.4%), levadura y sal. *Ingredientes procedentes de la agricultura ecológica."],"conservation":" Mantener en lugar fresco y seco.","ean":"8421660060111"},{"full_name":"NEGRINI grissinis de pan 20 bolsitas individuales de 4 unidades bolsa 240 g","name":"grissinis de pan 20 bolsitas individuales de 4 unidades bolsa 240 g","brand":"NEGRINI ","img":"https://sgfm.elcorteingles.es/SGFM/dctm/MEDIA02/CONTENIDOS/201411/14/00120655301792____1__600x600.jpg","price":"3,65 €","price_unit":"(15,21 € / Kilo)","categories":["Supermercado","Desayunos Dulces y pan","Desayunos, dulces y pan","Pan","Colines, picos y picatostes","NEGRINI grissinis de pan 20 bolsitas individuales de 4 unidades bolsa 240 g"],"general_information":["Denominación del alimento: Palitos de pan con aceites vegetales","Nombre del operador: Negrini S.L.","Dirección del operador: C/Herreros, 5 Pol. Industrial Los Angeles 28906 Getafe (Madrid).","Cantidad Neta: 240 g","Porcentaje de alcohol: 7%","Otras menciones obligatorias en la etiqueta: Otros registros: 40.10735/CAT y 40.00020871/M"],"ingredients":[" harina de trigo tierno, aceites vegetales de palma (5%), levadura, sal extracto de malta de cebada. Puede contener trazas de semilla de sésamo, derivados de la leche."],"conservation":" Conservar en lugar fresco y seco, lejos de rayos del sol y de fuentes de calor.","ean":"8436038190062"},{"full_name":"SAN CARLOS grissini Torino paquete 250 g","name":"grissini Torino paquete 250 g","brand":"SAN CARLOS ","img":"https://sgfm.elcorteingles.es/SGFM/dctm/MEDIA03/201605/24/00120655302220____1__600x600.jpg","price":"4,19 €","price_unit":"(16,76 € / Kilo)","categories":["Supermercado","Desayunos Dulces y pan","Desayunos, dulces y pan","Pan","Colines, picos y picatostes","SAN CARLOS grissini Torino paquete 250 g"],"general_information":["Denominación del alimento: Palitos de pan","País de origen: Italia","Nombre del operador: Ofistrade S.A.","Dirección del operador: C/Buenos Aires 38-40, entlo. C - 08036 Barcelona","Lugar de procedencia del alimento: Italia","Cantidad Neta: 265 g"],"ingredients":[" Harina de trigo, aceite de palma (4,5%), harina de cebada malteada, sal, dextrosa (1,1%) y levadura."],"conservation":" Consérvese en lugar fresco y seco.","ean":"8003130639807"},{"full_name":"MASTRO CESARE grissini de pan artesano tubo 130 g","name":"grissini de pan artesano tubo 130 g","brand":"MASTRO CESARE ","img":"https://sgfm.elcorteingles.es/SGFM/dctm/MEDIA03/201607/19/00120655302907____1__600x600.jpg","price":"4,35 €","price_unit":"(33,46 € / Kilo)","categories":["Supermercado","Desayunos Dulces y pan","Desayunos, dulces y pan","Pan","Colines, picos y picatostes","MASTRO CESARE grissini de pan artesano tubo 130 g"],"general_information":["Denominación del alimento: Palitos de pan","País de origen: Italia","Nombre del operador: Inasa Import S.L","Dirección del operador: Calle Zurbarán 7. entreplanta 4-28010 Madrid","Lugar de procedencia del alimento: Italia","Cantidad Neta: 130 g"],"ingredients":[" Harina de trigo \"0\", agua, aceite de oliva, sal, malta, levadura, Contiene gluten, Puede contener trazas de otro cereales que contienen gluten (centeno, cebada, avena, espalta, kamut o sus variantes hibridos) y productos derivados de la leche, proteína de la leche, soja, semillas de sesamo, nueces y derivados del huevo,"],"ean":"8052439207071"},{"full_name":"CASA MODENA grissini con trozos de sésamo envase 150 g","name":"grissini con trozos de sésamo envase 150 g","brand":"CASA MODENA ","img":"https://sgfm.elcorteingles.es/SGFM/dctm/MEDIA02/CONTENIDOS/201510/29/00120655302519____1__600x600.jpg","price":"3,47 €","price_unit":"(23,13 € / Kilo)","categories":["Supermercado","Desayunos Dulces y pan","Desayunos, dulces y pan","Pan","Colines, picos y picatostes","CASA MODENA grissini con trozos de sésamo envase 150 g"],"general_information":[],"ingredients":[],"ean":"8032732650590"},{"full_name":"CASA MODENA grissini de maiz envase 150 g","name":"grissini de maiz envase 150 g","brand":"CASA MODENA ","img":"https://sgfm.elcorteingles.es/SGFM/dctm/MEDIA02/CONTENIDOS/201510/29/00120655302535____1__600x600.jpg","price":"3,47 €","price_unit":"(23,13 € / Kilo)","categories":["Supermercado","Desayunos Dulces y pan","Desayunos, dulces y pan","Pan","Colines, picos y picatostes","CASA MODENA grissini de maiz envase 150 g"],"general_information":[],"ingredients":[],"ean":"8032732650583"},{"full_name":"CASA MODENA grissini di olive envase 150 g","name":"grissini di olive envase 150 g","brand":"CASA MODENA ","img":"https://sgfm.elcorteingles.es/SGFM/dctm/MEDIA02/CONTENIDOS/201510/29/00120655302501____1__600x600.jpg","price":"3,47 €","price_unit":"(23,13 € / Kilo)","categories":["Supermercado","Desayunos Dulces y pan","Desayunos, dulces y pan","Pan","Colines, picos y picatostes","CASA MODENA grissini di olive envase 150 g"],"general_information":[],"ingredients":[],"ean":"8032732650392"},{"full_name":"CASA MODENA grissini sabor pizza envase 150 g","name":"grissini sabor pizza envase 150 g","brand":"CASA MODENA ","img":"https://sgfm.elcorteingles.es/SGFM/dctm/MEDIA02/CONTENIDOS/201510/29/00120655302527____1__600x600.jpg","price":"3,47 €","price_unit":"(23,13 € / Kilo)","categories":["Supermercado","Desayunos Dulces y pan","Desayunos, dulces y pan","Pan","Colines, picos y picatostes","CASA MODENA grissini sabor pizza envase 150 g"],"general_information":[],"ingredients":[],"ean":"8032732650491"},{"full_name":"FERMO Stralli palitos de pan con harina de espelta integrales y ecológicos paquete 110 g","name":"Stralli palitos de pan con harina de espelta integrales y ecológicos paquete 110 g","brand":"FERMO ","img":"https://sgfm.elcorteingles.es/SGFM/dctm/MEDIA03/201710/25/00120653000453____1__600x600.jpg","price":"2,99 €","price_unit":"(27,18 € / Kilo)","categories":["Supermercado","Desayunos Dulces y pan","Desayunos, dulces y pan","Pan","Colines, picos y picatostes","FERMO Stralli palitos de pan con harina de espelta integrales y ecológicos paquete 110 g"],"general_information":["Denominación del alimento: Pan con harina de espelta integral","País de origen: Italia","Nombre del operador: Inasa Import S.L","Dirección del operador: Calle Zurbarán 7. entreplanta 4-28010 Madrid","Lugar de procedencia del alimento: Italia","Cantidad Neta: 110 g"],"ingredients":[" Harina de espelta integral* (39%), harina de espelta* (39%), aceite de oliva virgen extra italiano* (16%), levadura*, sal, malta de cebada*. *de Agricultura Biológica. Contiene gluten. Puede contener trazas de soja. Producto compatible con régimenes vegetarianos y veganos."],"conservation":" Conservar en lugar fresco y seco. Mantener lejos de fuentes de calor.","ean":"8053323750437"},{"full_name":"FERMO Stralli palitos de pan ecológicos con harina de espelta con sabor a tomate y orégano paquete 120 g","name":"Stralli palitos de pan ecológicos con harina de espelta con sabor a tomate y orégano paquete 120 g","brand":"FERMO ","img":"https://sgfm.elcorteingles.es/SGFM/dctm/MEDIA03/201711/07/00120653000461____6__600x600.jpg","price":"2,99 €","price_unit":"(24,92 € / Kilo)","categories":["Supermercado","Desayunos Dulces y pan","Desayunos, dulces y pan","Pan","Colines, picos y picatostes","FERMO Stralli palitos de pan ecológicos con harina de espelta con sabor a tomate y orégano paquete 120 g"],"general_information":["Denominación del alimento: Pan con harina de espelta, tomate y orégano","País de origen: Italia","Nombre del operador: Inasa Import S.L","Dirección del operador: Calle Zurbarán 7. entreplanta 4-28010 Madrid","Lugar de procedencia del alimento: Italia","Cantidad Neta: 120 g"],"ingredients":[" Harina de espelta*, aceite de oliva virgen extra italiano* (16%), levadura*, polvo de tomate* (2,3%), sal, malta de cebada*, orégano* (0,4%). *de Agricultura Biológica. Contiene gluten. Puede contener trazas de soja. Producto compatible con régimenes vegetarianos y veganos."],"conservation":" Conservar en lugar fresco y seco. Mantener lejos de fuentes de calor.","ean":"8053323750529"},{"full_name":"TD GRISSINI Grissinotti con harina de arroz negro paquete 200 g","name":"Grissinotti con harina de arroz negro paquete 200 g","brand":"TD GRISSINI ","img":"https://sgfm.elcorteingles.es/SGFM/dctm/MEDIA03/201711/07/00120655304010____1__600x600.jpg","price":"3,50 €","price_unit":"(17,50 € / Kilo)","categories":["Supermercado","Desayunos Dulces y pan","Desayunos, dulces y pan","Pan","Colines, picos y picatostes","TD GRISSINI Grissinotti con harina de arroz negro paquete 200 g"],"general_information":["Denominación del alimento: Palitos de pan \"Grissinotti\" con harina de arroz Venere","País de origen: Italia","Nombre del operador: Inasa Import S.L","Dirección del operador: Calle Zurbarán 7. entreplanta 4-28010 Madrid","Lugar de procedencia del alimento: Italia","Cantidad Neta: 200 g"],"ingredients":[" Harina de trigo tipo \"00\", harina de arroz Venere 33%, aceite de oliva, sal yodada, levadura. Puede contener trazas de nueces, sésamo, leche y sus derivados."],"conservation":" Conservar en lugar fresco y seco.","ean":"8032732650422"},{"full_name":"TD GRISSINI Schiacciatine sabor pizza paquete 150 g","name":"Schiacciatine sabor pizza paquete 150 g","brand":"TD GRISSINI ","img":"https://sgfm.elcorteingles.es/SGFM/dctm/MEDIA03/201711/07/00120655304002____1__600x600.jpg","price":"2,60 €","price_unit":"(17,33 € / Kilo)","categories":["Supermercado","Desayunos Dulces y pan","Desayunos, dulces y pan","Pan","Colines, picos y picatostes","TD GRISSINI Schiacciatine sabor pizza paquete 150 g"],"general_information":["Denominación del alimento: Crackers \"Schiacciatine\" con sabor a pizza.","País de origen: Italia","Nombre del operador: Inasa Import S.L","Dirección del operador: Calle Zurbarán 7. entreplanta 4-28010 Madrid","Lugar de procedencia del alimento: Italia","Cantidad Neta: 150 g"],"ingredients":[" Harina de trigo tipo \"00\", aceite de oliva, aceitunas, tomate liofilizado, sal yodada, levadura, orégano. Puede contener trazas de nueces, sésamo, leche y sus derivados."],"conservation":" Conservar en lugar fresco y seco.","ean":"8032732650811"},{"full_name":"MINUTOS regañas artesanas bolsa 220 g","name":"regañas artesanas bolsa 220 g","brand":"MINUTOS ","img":"https://sgfm.elcorteingles.es/SGFM//02/28/7/0120655302287/0120655302287000g01011.jpg","price":"2,15 €            ","price_unit":"(9,73 € / Kilo)","categories":["Supermercado","Desayunos Dulces y pan","Desayunos, dulces y pan","Pan","Colines, picos y picatostes","MINUTOS regañas artesanas bolsa 220 g"],"general_information":[],"ingredients":[],"ean":"8414606383023"},{"full_name":"ALIADA rosquillas de pan bolsa 180 g","name":"rosquillas de pan bolsa 180 g","brand":"ALIADA ","img":"https://sgfm.elcorteingles.es/SGFM/dctm/MEDIA02/CONTENIDOS/201410/14/00120655302436____1__600x600.jpg","price":"0,45 €","price_unit":"(2,50 € / Kilo)","categories":["Supermercado","Desayunos Dulces y pan","Desayunos, dulces y pan","Pan","Rosquillas de pan","ALIADA rosquillas de pan bolsa 180 g"],"general_information":["Denominación del alimento: Pan especial tipo colines.","Nombre del operador: Elaborado para el\nGrupo El Corte Inglés\nHermosilla, 112   28009 Madrid ? España \npor CIF: B-11690104","Cantidad Neta: 180 g","Número de raciones por envase: 6.0"],"ingredients":[" Ingredientes: Harina de trigo, agua, levadura y sal. Puede contener trazas de sésamo, leche y sus derivados (incluida la lactosa) , soja y sulfitos."],"conservation":" Conservar cerrado en lugar seco y fresco","ean":"8433329049917"},{"full_name":"ALIADA rosquillas integrales bolsa 180 g","name":"rosquillas integrales bolsa 180 g","brand":"ALIADA ","img":"https://sgfm.elcorteingles.es/SGFM/dctm/MEDIA02/CONTENIDOS/201410/14/00120655302444____1__600x600.jpg","price":"0,46 €","price_unit":"(2,56 € / Kilo)","categories":["Supermercado","Desayunos Dulces y pan","Desayunos, dulces y pan","Pan","Rosquillas de pan","ALIADA rosquillas integrales bolsa 180 g"],"general_information":["Denominación del alimento: Pan especial tipo colines.","Nombre del operador: Elaborado para el\nGrupo El Corte Inglés\nHermosilla, 112   28009 Madrid ? España  \npor CIF: B-11690104","Cantidad Neta: 180 g","Número de raciones por envase: 6.0"],"ingredients":[" Ingredientes: Harina de trigo, agua, salvado de trigo, levadura y sal. Puede contener trazas de sésamo, leche y sus derivados (incluida la lactosa) , soja y sulfitos."],"conservation":" Conservar cerrado en lugar seco y fresco","ean":"8433329049924"},{"full_name":"HORNO LA GAÑANIA rosquillas de pan finas con aceite de oliva virgen bolsa 125 g","name":"rosquillas de pan finas con aceite de oliva virgen bolsa 125 g","brand":"HORNO LA GAÑANIA ","img":"https://sgfm.elcorteingles.es/SGFM/dctm/MEDIA02/CONTENIDOS/201408/06/00120655302246____1__600x600.jpg","price":"0,77 €","price_unit":"(6,16 € / Kilo)","categories":["Supermercado","Desayunos Dulces y pan","Desayunos, dulces y pan","Pan","Rosquillas de pan","HORNO LA GAÑANIA rosquillas de pan finas con aceite de oliva virgen bolsa 125 g"],"general_information":["Denominación del alimento: Rosquillas pan finas aceite oliva virgen extra","Nombre del operador: Franjuba Pan, S.L.","Dirección del operador: Pta. Jerez. Avda de la Patente, 1, 11591 Jerez de la Frotera, Cádiz - España","Cantidad Neta: 125 g"],"ingredients":[" Harina de trigo, agua, aceite de oliva virgen extra (2%), levadura y sal. Puede contener trazas de sésamo, leche y sus derivados (incluida lactosa), soja y sulfitos."],"conservation":" Conservar cerrado en lugar fresco y seco.","ean":"8428150000077"},{"full_name":"HORNO LA GAÑANIA rosquillas de pan integrales con aceite de oliva bolsa 125 g","name":"rosquillas de pan integrales con aceite de oliva bolsa 125 g","brand":"HORNO LA GAÑANIA ","img":"https://sgfm.elcorteingles.es/SGFM/dctm/MEDIA02/CONTENIDOS/201408/06/00120655302253____1__600x600.jpg","price":"0,77 €","price_unit":"(6,16 € / Kilo)","categories":["Supermercado","Desayunos Dulces y pan","Desayunos, dulces y pan","Pan","Rosquillas de pan","HORNO LA GAÑANIA rosquillas de pan integrales con aceite de oliva bolsa 125 g"],"general_information":["Denominación del alimento: Rosquillas pan integrales aceite oliva virgen","Nombre del operador: Franjuba Pan, S.L.","Dirección del operador: Pta. Jerez. Avda de la Patente, 1, 11591 Jerez de la Frotera, Cádiz - España","Cantidad Neta: 125 g"],"ingredients":[" Harina de trigo, agua, salvado de trigo (10%), levadura, aceite de oliva virgen extra (2%) y sal. Puede contener trazas de sésamo, leche y sus derivados (incluida lactosa), soja y sulfitos."],"conservation":" Conservar cerrado en lugar fresco y seco.","ean":"8428150000084"},{"full_name":"VELARTE rosquilletas de pan largas bolsa 90 g","name":"rosquilletas de pan largas bolsa 90 g","brand":"VELARTE ","img":"https://sgfm.elcorteingles.es/SGFM/dctm/MEDIA02/CONTENIDOS/201407/21/00120655300596____1__600x600.jpg","price":"0,99 €","price_unit":"(11 € / Kilo)","categories":["Supermercado","Desayunos Dulces y pan","Desayunos, dulces y pan","Pan","Rosquillas de pan","VELARTE rosquilletas de pan largas bolsa 90 g"],"general_information":["Denominación del alimento: Barritas de pan crujiente con anises","País de origen: España","Nombre del operador: PRODUCTOS VELARTE S.L.","Dirección del operador: Pol.ind El Bony C/42 s/n 46470 Catarroja (Valencia)","Cantidad Neta: 90,0 g","Número de raciones por envase: 3"],"ingredients":[" Harina de trigo, aceite girasol alto oleico (15%), levadura, sal, aceite de oliva (0,8%), azúcar, anises (0,5%), extracto de malta, antiaglomerante (E-170), antioxidante (E-300), emulgentes (E-471, E-322 (soja)). Puede contener trazas de leche, cacahuete y sésamo."],"ean":"8410998000128"},{"full_name":"SEVILLANOS rosquillas de pan bolsa 250 g","name":"rosquillas de pan bolsa 250 g","brand":"SEVILLANOS ","img":"https://sgfm.elcorteingles.es/SGFM/dctm/MEDIA02/CONTENIDOS/201410/17/00120655300224____1__600x600.jpg","price":"1,20 €","price_unit":"(4,80 € / Kilo)","categories":["Supermercado","Desayunos Dulces y pan","Desayunos, dulces y pan","Pan","Rosquillas de pan","SEVILLANOS rosquillas de pan bolsa 250 g"],"general_information":["Denominación del alimento: Rosquillas","Nombre del operador: Pasteleria Industrial La Serena S.L.","Dirección del operador: Calle Pino Bermejo, 15 - 41016 Sevilla","Cantidad Neta: 250 g"],"ingredients":[" Harina de trigo, grasa comestible vegetal, levadura natural, sal y agua."],"conservation":" Consérvese en lugar fresco y seco.","ean":"8411181151061"},{"full_name":"EL PEÑON rosquillas de pan con ajonjolí bolsa 120 g","name":"rosquillas de pan con ajonjolí bolsa 120 g","brand":"EL PEÑON ","img":"https://sgfm.elcorteingles.es/SGFM/dctm/MEDIA02/CONTENIDOS/201601/04/00120655300232____1__600x600.jpg","price":"1,01 €","price_unit":"(8,42 € / Kilo)","categories":["Supermercado","Desayunos Dulces y pan","Desayunos, dulces y pan","Pan","Rosquillas de pan","EL PEÑON rosquillas de pan con ajonjolí bolsa 120 g"],"general_information":[],"ingredients":[],"ean":"8412509106121"},{"full_name":"LA FERREÑA rosquillas de pan bolsa 250 g","name":"rosquillas de pan bolsa 250 g","brand":"LA FERREÑA ","img":"https://sgfm.elcorteingles.es/SGFM/dctm/MEDIA02/CONTENIDOS/201410/20/00120655300281____1__600x600.jpg","price":"2,24 €","price_unit":"(8,96 € / Kilo)","categories":["Supermercado","Desayunos Dulces y pan","Desayunos, dulces y pan","Pan","Rosquillas de pan","LA FERREÑA rosquillas de pan bolsa 250 g"],"general_information":["Denominación del alimento: Rosquillas","Nombre del operador: Pandieta, S.C.L.","Dirección del operador: C/Rodrigo de Triana, 17 - 30709 Lo Ferro - Roldan (Murcia)","Cantidad Neta: 250,0 g"],"ingredients":[" Harina de trigo, sal, levadura y creciente."],"conservation":" Conservar en lugar seco y fresco.","ean":"8413441101014"},{"full_name":"LA FERREÑA rosquillas de pan integrales bolsa 250 g","name":"rosquillas de pan integrales bolsa 250 g","brand":"LA FERREÑA ","img":"https://sgfm.elcorteingles.es/SGFM/00/41/4/0120655300414/0120655300414000g01011.jpg","price":"2,24 €","price_unit":"(8,96 € / Kilo)","categories":["Supermercado","Desayunos Dulces y pan","Desayunos, dulces y pan","Pan","Rosquillas de pan","LA FERREÑA rosquillas de pan integrales bolsa 250 g"],"general_information":["Denominación del alimento: Rosquillas integrales","Nombre del operador: Pandieta, S.C.L.","Dirección del operador: C/Rodrigo de Triana, 17 - 30709 Lo Ferro - Roldan (Murcia)","Cantidad Neta: 250,0 g"],"ingredients":[" Harina de trigo, sal, levadura y creciente."],"conservation":" Conservar en lugar seco y fresco.","ean":"8413441123481"},{"full_name":"PASTOR rosquillas de pan artesanas bolsa 140 g","name":"rosquillas de pan artesanas bolsa 140 g","brand":"PASTOR ","price":"1,68 €","price_unit":"(12 € / Kilo)","categories":["Supermercado","Desayunos Dulces y pan","Desayunos, dulces y pan","Pan","Rosquillas de pan","PASTOR rosquillas de pan artesanas bolsa 140 g"],"general_information":[],"ingredients":[],"ean":"8423824100008"},{"full_name":"PASTOR rosquillas de pan integrales bolsa 130 g","name":"rosquillas de pan integrales bolsa 130 g","brand":"PASTOR ","price":"1,60 €","price_unit":"(12,31 € / Kilo)","categories":["Supermercado","Desayunos Dulces y pan","Desayunos, dulces y pan","Pan","Rosquillas de pan","PASTOR rosquillas de pan integrales bolsa 130 g"],"general_information":[],"ingredients":[],"ean":"8423824100022"},{"full_name":"JAL rosquillas de pan bolsa 160 g","name":"rosquillas de pan bolsa 160 g","brand":"JAL ","img":"https://sgfm.elcorteingles.es/SGFM/00/11/7/0120655300117/0120655300117000g01011.jpg","price":"1,39 €","price_unit":"(8,69 € / Kilo)","categories":["Supermercado","Desayunos Dulces y pan","Desayunos, dulces y pan","Pan","Rosquillas de pan","JAL rosquillas de pan bolsa 160 g"],"general_information":["Denominación del alimento: Rosquillas normales","Nombre del operador: Julio Alvarez Laliga, S.L.","Dirección del operador: Pol. Ind. Lo bolarín, C/ Siglo XXI S/N, Nave-H6, 30360 La Unión, Murcia.","Lugar de procedencia del alimento: Denominación de origen Murcia","Cantidad Neta: 160 g","Número de raciones por envase: 16"],"ingredients":[" Harina de trigo, agua, sal y levadura."],"conservation":" Consérvese en lugar fresco y seco. Una vez abierto se recomienda consumir antes de 6 semanas.","ean":"8424533000023"},{"full_name":"AIMA rosquilletas con frutos secos envase 70 g","name":"rosquilletas con frutos secos envase 70 g","brand":"AIMA ","img":"https://sgfm.elcorteingles.es/SGFM/dctm/MEDIA03/201609/14/00120655303004____1__600x600.jpg","price":"1,21 €","price_unit":"(17,29 € / Kilo)","categories":["Supermercado","Desayunos Dulces y pan","Desayunos, dulces y pan","Pan","Rosquillas de pan","AIMA rosquilletas con frutos secos envase 70 g"],"general_information":["Denominación del alimento: Rosquilletas frutos secos","Nombre del operador: Garcia Jovani S.L.","Dirección del operador: Polígono industrial Ronda Sur C/ Castillo de Miravet, nave 18-20, 12006, Castellón","Cantidad Neta: 70 g"],"ingredients":[" Harina de trigo (gluten), agua, aceite de girasol alto oleico, pipas y cacahuetes 10%, levadura, mejorante panario (antiaglomerante E-170, emulgentes E-471, lecitina de soja, antioxidante E-300 y encimas) y sal. Puede contener leche, huevo y sésamo."],"conservation":" Conservar en lugar fresco y seco.","ean":"8437004376046"},{"full_name":"AIMA rosquilletas naturales saladas hechas a mano bolsa 65 g","name":"rosquilletas naturales saladas hechas a mano bolsa 65 g","brand":"AIMA ","img":"https://sgfm.elcorteingles.es/SGFM/02/18/8/0120655302188/0120655302188000g01011.jpg","price":"1,19 €","price_unit":"(18,31 € / Kilo)","categories":["Supermercado","Desayunos Dulces y pan","Desayunos, dulces y pan","Pan","Rosquillas de pan","AIMA rosquilletas naturales saladas hechas a mano bolsa 65 g"],"general_information":["Denominación del alimento: Rosquilletas naturales","Nombre del operador: Garcia Jovani S.L.","Dirección del operador: Polígono industrial Ronda Sur C/ Castillo de Miravet, nave 18-20, 12006, Castellón","Cantidad Neta: 65 g"],"ingredients":[" Harina de trigo (gluten), agua, aceite de girasol alto oleico, levadura, mejorante panario (antiaglomerante E-170, emulgentes E-471, lecitina de soja, antioxidante E-300 y encimas) y sal. Puede contener leche, huevo y sésamo."],"conservation":" Conservar en lugar fresco y seco.","ean":"8437004376008"},{"full_name":"AIMA rosquilletas de queso envase 65 g","name":"rosquilletas de queso envase 65 g","brand":"AIMA ","img":"https://sgfm.elcorteingles.es/SGFM/dctm/MEDIA03/201609/14/00120655303012____1__600x600.jpg","price":"1,21 €","price_unit":"(18,62 € / Kilo)","categories":["Supermercado","Desayunos Dulces y pan","Desayunos, dulces y pan","Pan","Rosquillas de pan","AIMA rosquilletas de queso envase 65 g"],"general_information":["Denominación del alimento: Rosquilletas con Queso","Nombre del operador: Garcia Jovani S.L.","Dirección del operador: Polígono industrial Ronda Sur C/ Castillo de Miravet, nave 18-20, 12006, Castellón","Cantidad Neta: 65 g"],"ingredients":[" Harina de trigo (gluten), agua, aceite de girasol alto oleico, levadura,Queso 5% mejorante panario (antiaglomerante E-170, emulgentes E-471, lecitina de soja, antioxidante E-300 y encimas) y sal. Puede contener leche, huevo y sésamo, pipa y cacahuete."],"conservation":" Conservar en lugar fresco y seco.","ean":"8437004376190"},{"full_name":"AIMA mini rosquilletas artesanas hechas a mano bolsa 150 g","name":"mini rosquilletas artesanas hechas a mano bolsa 150 g","brand":"AIMA ","img":"https://sgfm.elcorteingles.es/SGFM/dctm/MEDIA03/201705/12/00120655302196____1__600x600.jpg","price":"1,91 €","price_unit":"(12,73 € / Kilo)","categories":["Supermercado","Desayunos Dulces y pan","Desayunos, dulces y pan","Pan","Rosquillas de pan","AIMA mini rosquilletas artesanas hechas a mano bolsa 150 g"],"general_information":["Denominación del alimento: Mini rosquilletas","Nombre del operador: Garcia Jovani S.L.","Dirección del operador: Polígono industrial Ronda Sur C/ Castillo de Miravet, nave 18-20, 12006, Castellón","Cantidad Neta: 150 g"],"ingredients":[" Harina de trigo (gluten), agua, aceite de girasol alto oleico, levadura, mejorante panario (antiaglomerante E-170, emulgentes E-471, lecitina de soja, antioxidante E-300 y encimas) y sal. Puede contener leche, huevo y sésamo."],"conservation":" Conservar en lugar fresco y seco.","ean":"8437004376121"},{"full_name":"AIMA mini rosquilletas con frutos secos artesanas hechas a mano bolsa 150 g","name":"mini rosquilletas con frutos secos artesanas hechas a mano bolsa 150 g","brand":"AIMA ","img":"https://sgfm.elcorteingles.es/SGFM/02/21/2/0120655302212/0120655302212000g01011.jpg","price":"1,74 €","price_unit":"(11,60 € / Kilo)","categories":["Supermercado","Desayunos Dulces y pan","Desayunos, dulces y pan","Pan","Rosquillas de pan","AIMA mini rosquilletas con frutos secos artesanas hechas a mano bolsa 150 g"],"general_information":["Denominación del alimento: Mini rosquilletas con frutos secos","Nombre del operador: Garcia Jovani S.L.","Dirección del operador: Polígono industrial Ronda Sur C/ Castillo de Miravet, nave 18-20, 12006, Castellón","Cantidad Neta: 150 g"],"ingredients":[" Harina de trigo (gluten), agua, aceite de girasol alto oleico, pipas y cacahuetes 10%, levadura, mejorante panario (antiaglomerante E-170, emulgentes E-471, lecitina de soja, antioxidante E-300 y encimas) y sal. Puede contener leche, huevo y sésamo."],"conservation":" Conservar en lugar fresco y seco.","ean":"8437004376169"},{"full_name":"PUCHOL rosquilletas de pan 13 cereales bolsa 95 g","name":"rosquilletas de pan 13 cereales bolsa 95 g","brand":"PUCHOL ","img":"https://sgfm.elcorteingles.es/SGFM/00/17/4/0120655300174/0120655300174000g01011.jpg","price":"1,51 €","price_unit":"(15,89 € / Kilo)","categories":["Supermercado","Desayunos Dulces y pan","Desayunos, dulces y pan","Pan","Rosquillas de pan","PUCHOL rosquilletas de pan 13 cereales bolsa 95 g"],"general_information":["Denominación del alimento: Tarta de manzana","Nombre del operador: Roscris Beniopa S.L.","Dirección del operador: Sants de la Pedra, 2 - 46715 L'Alquería de la Comtessa - (Valencia)","Cantidad Neta: 160 g","Otras menciones obligatorias en la etiqueta: Una vez descongelado no volver a congelar. Se recomienda consumir antes de las 96 horas posteriores a su cocción."],"ingredients":[" harina de trigo (gluten) [antioxidante E-300], crema pastelera (gluten) [agua, jarabe de glucosa y fructosa, azúcar, almidón (E-1442), grasa vegetal (palma), almidón, estabilizador (E-460 y E-466), colorantes (E-171, E-160 a (ii) y E-160c), sal, conservante (E-202), aroma, corrector de acidez (E-334) y emulgente (E-435)], agua, margarina [grasa vegetal refinada (palma), aceite vegetal refinado (girasol), agua, emulgente (E-471), sal, aroma, acidulante (E-330) y colorante (E-160a)], bandas de manzana [manzanas pelada y acidulante (E-300)] y sal. Contiene gluten. Posibles trazas de frutos secos con cáscara, derivados de la leche, derivados de la soja, sésamo y huevo."],"conservation":" Conservar a -18 °C","ean":"8429618001001"},{"full_name":"EL CORTE INGLES baguettes de pan precocido 2 unidades envase 250 g","name":"baguettes de pan precocido 2 unidades envase 250 g","brand":"EL CORTE INGLES ","img":"https://sgfm.elcorteingles.es/SGFM/dctm/MEDIA03/201610/06/00120652900497____1__600x600.jpg","price":"0,89 €","price_unit":"(3,56 € / Kilo)","categories":["Supermercado","Desayunos Dulces y pan","Desayunos, dulces y pan","Pan","Pan precocido","EL CORTE INGLES baguettes de pan precocido 2 unidades envase 250 g"],"general_information":["Denominación del alimento: Baguettes. Pan precocido","Nombre del operador: Elaborado para \nEl Corte Inglés\npor / FRANJUBA PAN, S.L.\nParque Tecnológico Agroalimentario \nAvda. de la Patente, 1\n11591 Jerez de la Frontera (Cádiz)\nEspaña","Cantidad Neta: 250 g","Número de raciones por envase: 2.0"],"ingredients":[" Ingredientes:  Harina de trigo, agua, levadura, vinagre (sulfitos) de alcohol de melaza, sal y conservador E 282. Puede contener trazas de sésamo, leche y sus derivados (incluida la lactosa) y soja."],"conservation":" Mantener cerrado en lugar fresco, seco y evitar la exposición a la luz. Conservar entre 10ºC y 20ºC.                                          Una vez abierto conservar en frío 3 días como máximo.","ean":"8433329068772"},{"full_name":"EL CORTE INGLES molletes de pan precocidos 2 unidades envase 200 g","name":"molletes de pan precocidos 2 unidades envase 200 g","brand":"EL CORTE INGLES ","img":"https://sgfm.elcorteingles.es/SGFM/dctm/MEDIA03/201612/05/00120652900539____1__600x600.jpg","price":"0,83 €","price_unit":"(4,15 € / Kilo)","categories":["Supermercado","Desayunos Dulces y pan","Desayunos, dulces y pan","Pan","Pan precocido","EL CORTE INGLES molletes de pan precocidos 2 unidades envase 200 g"],"general_information":["Denominación del alimento: Molletes. Pan precocido","Nombre del operador: Elaborado para \nEl Corte Inglés\npor / FRANJUBA PAN, S.L.\nParque Tecnológico Agroalimentario \nAvda. de la Patente, 1\n11591 Jerez de la Frontera (Cádiz)\nEspaña","Cantidad Neta: 200 g","Número de raciones por envase: 2.0"],"ingredients":[" Ingredientes:  Harina de trigo, agua, levadura, vinagre (sulfitos) de alcohol de melaza, sal y conservador E 282. Puede contener trazas de sésamo, leche y sus derivados (incluida la lactosa) y soja."],"conservation":" Mantener cerrado en lugar fresco, seco y evitar la exposición a la luz. Conservar entre 10ºC y 20ºC.                                          Una vez abierto conservar en frío 3 días como máximo.","ean":"8433329068802"},{"full_name":"EL CORTE INGLES panecillos 4 unidades envase 200 g","name":"panecillos 4 unidades envase 200 g","brand":"EL CORTE INGLES ","img":"https://sgfm.elcorteingles.es/SGFM/dctm/MEDIA03/201712/19/00120652900554____1__600x600.jpg","price":"0,93 €","price_unit":"(4,65 € / Kilo)","categories":["Supermercado","Desayunos Dulces y pan","Desayunos, dulces y pan","Pan","Pan precocido","EL CORTE INGLES panecillos 4 unidades envase 200 g"],"general_information":["Denominación del alimento: Panecillos. Pan precocido","Nombre del operador: Elaborado para \nEl Corte Inglés\npor / FRANJUBA PAN, S.L.\nParque Tecnológico Agroalimentario \nAvda. de la Patente, 1\n11591 Jerez de la Frontera (Cádiz)\nEspaña","Cantidad Neta: 200 g","Número de raciones por envase: 4.0"],"ingredients":[" Ingredientes:  Harina de trigo, agua, levadura, vinagre (sulfitos) de alcohol de melaza, sal y conservador E 282. Puede contener trazas de sésamo, leche y sus derivados (incluida la lactosa) y soja."],"conservation":" Mantener cerrado en lugar fresco, seco y evitar la exposición a la luz. Conservar entre 10ºC y 20ºC.                                          Una vez abierto conservar en frío 3 días como máximo.","ean":"8433329068789"},{"full_name":"EL CORTE INGLES panecillos Viena 4 unidades envase 200 g","name":"panecillos Viena 4 unidades envase 200 g","brand":"EL CORTE INGLES ","img":"https://sgfm.elcorteingles.es/SGFM/dctm/MEDIA03/201712/19/00120652900562____1__600x600.jpg","price":"0,91 €","price_unit":"(4,55 € / Kilo)","categories":["Supermercado","Desayunos Dulces y pan","Desayunos, dulces y pan","Pan","Pan precocido","EL CORTE INGLES panecillos Viena 4 unidades envase 200 g"],"general_information":["Denominación del alimento: Panecillos viena. Pan precocido","Nombre del operador: Elaborado para \nEl Corte Inglés\npor / FRANJUBA PAN, S.L.\nParque Tecnológico Agroalimentario \nAvda. de la Patente, 1\n11591 Jerez de la Frontera (Cádiz)\nEspaña","Cantidad Neta: 200 g","Número de raciones por envase: 4.0"],"ingredients":[" Ingredientes:  Harina de trigo, agua, leche condensada, levadura, sal y conservador E 282. Puede contener trazas de sésamo,  soja y sulfitos"],"conservation":" Mantener cerrado en lugar fresco, seco y evitar la exposición a la luz. Conservar entre 10ºC y 20ºC.                                          Una vez abierto conservar en frío 3 días como máximo.","ean":"8433329068796"},{"full_name":"EL CORTE INGLES chapatas de pan 3 unidades envase 195 g","name":"chapatas de pan 3 unidades envase 195 g","brand":"EL CORTE INGLES ","img":"https://sgfm.elcorteingles.es/SGFM/dctm/MEDIA03/201712/19/00120652900570____1__600x600.jpg","price":"0,96 €","price_unit":"(4,92 € / Kilo)","categories":["Supermercado","Desayunos Dulces y pan","Desayunos, dulces y pan","Pan","Pan precocido","EL CORTE INGLES chapatas de pan 3 unidades envase 195 g"],"general_information":["Denominación del alimento: Chapatas. Pan precocido","Nombre del operador: Elaborado para \nEl Corte Inglés\npor / FRANJUBA PAN, S.L.\nParque Tecnológico Agroalimentario \nAvda. de la Patente, 1\n11591 Jerez de la Frontera (Cádiz)\nEspaña","Cantidad Neta: 195 g","Número de raciones por envase: 3.0"],"ingredients":[" Ingredientes:  Harina de trigo, agua, levadura, sal y conservador E 282. Puede contener trazas de sésamo, leche y sus derivados (incluida la lactosa), soja y sulfitos."],"conservation":" Mantener cerrado en lugar fresco, seco y evitar la exposición a la luz. Conservar entre 10ºC y 20ºC.                                          Una vez abierto conservar en frío 3 días como máximo.","ean":"8433329068819"},{"full_name":"QUELY pan baguette precocido 2 unidades bolsa 250 g","name":"pan baguette precocido 2 unidades bolsa 250 g","brand":"QUELY ","img":"https://sgfm.elcorteingles.es/SGFM/dctm/MEDIA02/CONTENIDOS/201411/25/00120652900109____1__600x600.jpg","price":"1,45 €","price_unit":"(5,80 € / Kilo)","categories":["Supermercado","Desayunos Dulces y pan","Desayunos, dulces y pan","Pan","Pan precocido","QUELY pan baguette precocido 2 unidades bolsa 250 g"],"general_information":[],"ingredients":[],"ean":"8411145805009"},{"full_name":"ALIADA pan rallado bolsa 750 g","name":"pan rallado bolsa 750 g","brand":"ALIADA ","img":"https://sgfm.elcorteingles.es/SGFM/dctm/MEDIA02/CONTENIDOS/201408/27/00120668500323____1__600x600.jpg","price":"0,69 €","price_unit":"(0,92 € / Kilo)","categories":["Supermercado","Desayunos Dulces y pan","Desayunos, dulces y pan","Pan","Pan rallado","ALIADA pan rallado bolsa 750 g"],"general_information":["Denominación del alimento: Pan rallado","Nombre del operador: Elaborado para el Grupo El Corte Inglés                                           Hermosilla 112, 28009 Madrid - España,                         por CIF: B80125222","Cantidad Neta: 750 g","Número de raciones por envase: 15"],"ingredients":[" Ingredientes: Harina de trigo, agua, sal y levadura."],"conservation":" Manténgase en sitio seco y fresco.","ean":"8433329022514"},{"full_name":"ALIADA pan rallado casero bolsa 500 g","name":"pan rallado casero bolsa 500 g","brand":"ALIADA ","img":"https://sgfm.elcorteingles.es/SGFM/dctm/MEDIA02/CONTENIDOS/201408/27/00120668500331____1__600x600.jpg","price":"0,88 €","price_unit":"(1,17 € / Kilo)","categories":["Supermercado","Desayunos Dulces y pan","Desayunos, dulces y pan","Pan","Pan rallado","ALIADA pan rallado casero bolsa 500 g"],"general_information":["Denominación del alimento: Pan rallado","Nombre del operador: Elaborado para el Grupo El Corte Inglés                                           Hermosilla 112, 28009 Madrid - España,                         por CIF: B80125222","Cantidad Neta: 500 g","Número de raciones por envase: 10"],"ingredients":[" Ingredientes: Harina de trigo, agua, sal y levadura."],"conservation":" Manténgase en sitio seco y fresco.","ean":"8433329022521"},{"full_name":"ALIADA pan rallado con ajo y perejil bolsa 500 g","name":"pan rallado con ajo y perejil bolsa 500 g","brand":"ALIADA ","img":"https://sgfm.elcorteingles.es/SGFM/dctm/MEDIA02/CONTENIDOS/201408/27/00120668500349____1__600x600.jpg","price":"0,80 €","price_unit":"(1,60 € / Kilo)","categories":["Supermercado","Desayunos Dulces y pan","Desayunos, dulces y pan","Pan","Pan rallado","ALIADA pan rallado con ajo y perejil bolsa 500 g"],"general_information":["Denominación del alimento: Pan rallado con ajo y perejil","Nombre del operador: Elaborado para el Grupo El Corte Inglés                                           Hermosilla 112, 28009 Madrid - España,                         por CIF: B80125222","Cantidad Neta: 500 g","Número de raciones por envase: 10"],"ingredients":[" Ingredientes: Harina de trigo, agua, ajo (1,2%), perejil (1%), sal y levadura."],"conservation":" Manténgase en sitio seco y fresco.","ean":"8433329022538"},{"full_name":"GALLO pan rallado sin gluten bolsa 200 g","name":"pan rallado sin gluten bolsa 200 g","brand":"GALLO ","img":"https://sgfm.elcorteingles.es/SGFM/dctm/MEDIA02/CONTENIDOS/201510/05/00120668500356____1__600x600.jpg","price":"1,71 €","price_unit":"(8,55 € / Kilo)","categories":["Supermercado","Desayunos Dulces y pan","Desayunos, dulces y pan","Pan","Pan rallado","GALLO pan rallado sin gluten bolsa 200 g"],"general_information":["Denominación del alimento: PAN RALLADO SIN GLUTEN","País de origen: España","Nombre del operador: COMERCIAL GALLO S.A.U.","Dirección del operador: Avda Diagonal 468, 4-C. Barcelona. España","Cantidad Neta: 200 g"],"ingredients":[" almidón de maíz, harina de maíz, sal, estabilizante (E-412, E-464, E- 415), gasificante (E-500ii), azúcar, conservador (E-202), agua y levadura"],"conservation":" Guardar en un lugar seco a temperatura ambiente.","ean":"8410069013996"},{"full_name":"FRUMEN pan rallado paquete 750 g","name":"pan rallado paquete 750 g","brand":"FRUMEN ","img":"https://sgfm.elcorteingles.es/SGFM/dctm/MEDIA02/CONTENIDOS/201408/27/00120668500174____1__600x600.jpg","price":"0,89 €","price_unit":"(1,19 € / Kilo)","categories":["Supermercado","Desayunos Dulces y pan","Desayunos, dulces y pan","Pan","Pan rallado","FRUMEN pan rallado paquete 750 g"],"general_information":["Denominación del alimento: Pan rallado","Nombre del operador: DESARROLLOS ALIMENTARIOS, S.A.","Dirección del operador: C/ALUMINIO 7. POL. IND. MIRALCAMPO. 19200 AZUQUECA DE HENARES, ESPAÑA","Cantidad Neta: 750 g"],"ingredients":[" harina de trigo, agua, sal, levadura"],"ean":"8410294100010"},{"full_name":"FRUMEN pan rallado bolsa 250 g","name":"pan rallado bolsa 250 g","brand":"FRUMEN ","img":"https://sgfm.elcorteingles.es/SGFM/dctm/MEDIA02/CONTENIDOS/201408/27/00120668500182____1__600x600.jpg","price":"0,49 €","price_unit":"(1,96 € / Kilo)","categories":["Supermercado","Desayunos Dulces y pan","Desayunos, dulces y pan","Pan","Pan rallado","FRUMEN pan rallado bolsa 250 g"],"general_information":["Denominación del alimento: Pan rallado","Nombre del operador: DESARROLLOS ALIMENTARIOS, S.A.","Dirección del operador: C/ALUMINIO 7. POL. IND. MIRALCAMPO. 19200 AZUQUECA DE HENARES, ESPAÑA","Cantidad Neta: 250 g"],"ingredients":[" harina de trigo, agua, sal, levadura"],"ean":"8410294200123"},{"full_name":"FRUMEN pan rallado con especias bolsa 250 g","name":"pan rallado con especias bolsa 250 g","brand":"FRUMEN ","img":"https://sgfm.elcorteingles.es/SGFM/00/19/0/0120668500190/0120668500190000g01011.jpg","price":"0,69 €","price_unit":"(2,76 € / Kilo)","categories":["Supermercado","Desayunos Dulces y pan","Desayunos, dulces y pan","Pan","Pan rallado","FRUMEN pan rallado con especias bolsa 250 g"],"general_information":["Denominación del alimento: Pan rallado","Nombre del operador: DESARROLLOS ALIMENTARIOS, S.A.","Dirección del operador: C/ALUMINIO 7. POL. IND. MIRALCAMPO. 19200 AZUQUECA DE HENARES, ESPAÑA","Cantidad Neta: 250 g"],"ingredients":[" harina de trigo, agua, sal, levadura, ajo, cebolla, perejil, pimienta"],"ean":"8410294200130"},{"full_name":"FRUMEN pan rallado especial crujiente bolsa 380 g","name":"pan rallado especial crujiente bolsa 380 g","brand":"FRUMEN ","img":"https://sgfm.elcorteingles.es/SGFM/dctm/MEDIA02/CONTENIDOS/201502/17/00120668500315____1__600x600.jpg","price":"0,99 €","price_unit":"(2,61 € / Kilo)","categories":["Supermercado","Desayunos Dulces y pan","Desayunos, dulces y pan","Pan","Pan rallado","FRUMEN pan rallado especial crujiente bolsa 380 g"],"general_information":["Denominación del alimento: Pan rallado","Nombre del operador: DESARROLLOS ALIMENTARIOS, S.A.","Dirección del operador: C/ALUMINIO 7. POL. IND. MIRALCAMPO. 19200 AZUQUECA DE HENARES , ESPAÑA","Cantidad Neta: 380 g"],"ingredients":[" harina de trigo, agua, gluten de trigo, sal, aceite de oliva, levadura y gasificante (E-450i, E-500ii)"],"ean":"8410294200178"},{"full_name":"SANTA RITA pan cracker para rebozados crujientes envase 300 g","name":"pan cracker para rebozados crujientes envase 300 g","brand":"SANTA RITA ","img":"https://sgfm.elcorteingles.es/SGFM/00/27/3/0120668500273/0120668500273000g01011.jpg","price":"2,80 €","price_unit":"(9,33 € / Kilo)","categories":["Supermercado","Desayunos Dulces y pan","Desayunos, dulces y pan","Pan","Pan rallado","SANTA RITA pan cracker para rebozados crujientes envase 300 g"],"general_information":["Denominación del alimento: Crujiente pan cracker","Nombre del operador: Santa Rita Harinas S.L.","Dirección del operador: Ctra. Perales, km. 52,00, Loranca de Tajuña, 19141 Guadalajara","Cantidad Neta: 300 g","Otras menciones obligatorias en la etiqueta: No contiene leche, huevo ni sus derivados"],"ingredients":[" Pan rallado mas grueso, preparado con harina de trigo, agua, levadura biologica, impulsor (e450im e500iim e170) emulgente e472e, antiaglomerante e170, antioxidante e300 y enzimas. Contiene gluten."],"conservation":" Conservar en lugar fresco y seco, (máx. 28° C) aislado del suelo, preservar de rayos solares o fuentes de calor, mantener el envase cerrado","ean":"8414452021001"},{"full_name":"SANTA RITA Panko pan rallado paquete 100 g","name":"Panko pan rallado paquete 100 g","brand":"SANTA RITA ","img":"https://sgfm.elcorteingles.es/SGFM/dctm/MEDIA02/CONTENIDOS/201510/26/00120668500364____1__600x600.jpg","price":"2,00 €            ","price_unit":"(19,90 € / Kilo)","categories":["Supermercado","Desayunos Dulces y pan","Desayunos, dulces y pan","Pan","Pan rallado","SANTA RITA Panko pan rallado paquete 100 g"],"general_information":["Denominación del alimento: Pan escamas panko","Nombre del operador: Santa Rita Harinas S.L.","Dirección del operador: Ctra. Perales, km. 52,00, Loranca de Tajuña, 19141 Guadalajara","Cantidad Neta: 100 g","Otras menciones obligatorias en la etiqueta: No apta para celiacos."],"ingredients":[" Harina de trigo, agua, sal, azucar y levadura"],"conservation":" Conservar en lugar fresco y seco, (máx. 28° C) aislado del suelo, preservar de rayos solares o fuentes de calor, mantener el envase cerrado","ean":"8414452021049"},{"full_name":"QUELY Picada pan rallado para rebozar con ajo y perejil bolsa 225 g","name":"Picada pan rallado para rebozar con ajo y perejil bolsa 225 g","brand":"QUELY ","img":"https://sgfm.elcorteingles.es/SGFM/dctm/MEDIA03/201710/26/00120612400661____1__600x600.jpg","price":"1,35 €","price_unit":"(6 € / Kilo)","categories":["Supermercado","Desayunos Dulces y pan","Desayunos, dulces y pan","Pan","Pan rallado","QUELY Picada pan rallado para rebozar con ajo y perejil bolsa 225 g"],"general_information":["Denominación del alimento: Pan especial rallado","Nombre del operador: QUELY, S.A.","Dirección del operador: C/ La Balanguera 1, 07300 Inca, Mallorca, Islas Baleares, España","Cantidad Neta: 225 g"],"ingredients":[" harina de trigo, harina integral de trigo, aceite refinado de girasol (antioxidante E-320), ajo granulado (4.6%), fécula de patata, ajo, harina de arroz, maltodextrina, dextrosa, espesante E-414, aroma natural de ajo, antiaglomerante E-551, perejil (2.7%), levadura, sal marina, aceite de oliva, sésamo, pipas de girasol"],"ean":"8411145201733"},{"full_name":"QUELY Picada pan rallado preparado para rebozar extra crujiente bolsa 225 g","name":"Picada pan rallado preparado para rebozar extra crujiente bolsa 225 g","brand":"QUELY ","img":"https://sgfm.elcorteingles.es/SGFM/dctm/MEDIA02/CONTENIDOS/201504/10/00120668500083____1__600x600.jpg","price":"1,15 €","price_unit":"(5,11 € / Kilo)","categories":["Supermercado","Desayunos Dulces y pan","Desayunos, dulces y pan","Pan","Pan rallado","QUELY Picada pan rallado preparado para rebozar extra crujiente bolsa 225 g"],"general_information":["Denominación del alimento: Pan especial rallado","Nombre del operador: QUELY, S.A.","Dirección del operador: C/ La Balanguera 1, 07300 Inca, Mallorca, Islas Baleares, España","Cantidad Neta: 225 g"],"ingredients":[" harina de trigo, harina integral de trigo, aceite refinado de girasol (antioxidante E-320), levadura, sal marina, aceite de oliva, sésamo, pipas de girasol"],"ean":"8411145201726"}]