[{"full_name":"EL CORTE INGLES pasta italiana penne rigate paquete 500 g","name":"pasta italiana penne rigate paquete 500 g","brand":"EL CORTE INGLES ","img":"https://sgfm.elcorteingles.es/SGFM/dctm/MEDIA03/201609/23/00118004404721____1__600x600.jpg","price":"1,46 €            ","price_unit":"(2,80 € / Kilo)","categories":["Supermercado","Alimentación General","Pastas y masas","Macarrones","EL CORTE INGLES pasta italiana penne rigate paquete 500 g"],"general_information":["Denominación del alimento: Pasta de sémola de trigo duro","Lugar de procedencia del alimento: Producto de Italia","Cantidad Neta: 500 g","Número de raciones por envase: 6 aproximadame"],"ingredients":[" Ingredientes: Sémola de trigo, agua Puede contener trazas de huevos"],"conservation":" Conservar en lugar fresco y seco","ean":"8433329073196"},{"full_name":"ALIADA macarrones paquete 500 g","name":"macarrones paquete 500 g","brand":"ALIADA ","img":"https://sgfm.elcorteingles.es/SGFM/dctm/MEDIA02/CONTENIDOS/201408/21/00118003501055____2__600x600.jpg","price":"0,51 €","price_unit":"(1,02 € / Kilo)","categories":["Supermercado","Alimentación General","Pastas y masas","Macarrones","ALIADA macarrones paquete 500 g"],"general_information":["Denominación del alimento: Pasta alimentícia de calidad superior","Cantidad Neta: 500 g","Número de raciones por envase: 5"],"ingredients":[" Ingredientes: Sémola de trigo duro. Puede contener trazas de huevo."],"conservation":" Conservar en un lugar fresco y seco.","ean":"8433329040402"},{"full_name":"ALIADA macarrones paquete 1 kg","name":"macarrones paquete 1 kg","brand":"ALIADA ","img":"https://sgfm.elcorteingles.es/SGFM/dctm/MEDIA03/201702/03/00118003501105____1__600x600.jpg","price":"0,75 €","price_unit":"(0,75 € / Kilo)","categories":["Supermercado","Alimentación General","Pastas y masas","Macarrones","ALIADA macarrones paquete 1 kg"],"general_information":["Denominación del alimento: Pasta alimenticia de calidad superior","Cantidad Neta: 1 Kilogramos","Número de raciones por envase: 10"],"ingredients":[" Ingredientes: Sémola de trigo duro. Puede contener trazas de huevo."],"conservation":" Conservar en un lugar fresco y seco.","ean":"8433329040457"},{"full_name":"ALIADA macarrones con vegetales paquete 500 g","name":"macarrones con vegetales paquete 500 g","brand":"ALIADA ","img":"https://sgfm.elcorteingles.es/SGFM/00/22/0/0118003600220/0118003600220000g01011.jpg","price":"0,89 €","price_unit":"(1,78 € / Kilo)","categories":["Supermercado","Alimentación General","Pastas y masas","Macarrones","ALIADA macarrones con vegetales paquete 500 g"],"general_information":["Denominación del alimento: Pasta alimenticia compuesta de calidad superior","Cantidad Neta: 500 g","Número de raciones por envase: 5"],"ingredients":[" Ingredientes: Pasta simple (sémola de trigo duro), pasta al tomate (sémola de trigo duro, tomate deshidratado (3%)) y pasta a la espinaca (sémola de trigo duro y espinacas deshidratadas (2%)). Puede contener trazas de huevo."],"conservation":" Conservar en un lugar fresco y seco.","ean":"8433329040563"},{"full_name":"GALLO macarrones plumas nº3 paquete 500 g","name":"macarrones plumas nº3 paquete 500 g","brand":"GALLO ","img":"https://sgfm.elcorteingles.es/SGFM/dctm/MEDIA03/201606/13/00200103502720____1__600x600.jpg","price":"0,96 €","price_unit":"(1,92 € / Kilo)","categories":["Supermercado","Alimentación General","Pastas y masas","Macarrones","GALLO macarrones plumas nº3 paquete 500 g"],"general_information":["Denominación del alimento: PASTA ALIMENTICIA DE CALIDAD SUPERIOR","País de origen: España","Nombre del operador: COMERCIAL GALLO, S.A.U.","Dirección del operador: Avda Diagonal 468, 4-C. Barcelona. España","Cantidad Neta: 600 g"],"ingredients":[" Sémola de trigo duro. Puede contener trazas de huevo."],"conservation":" Mantener en lugar fresco y seco","ean":"8410069014726"},{"full_name":"GALLO macarrones rayados paquete 1 kg","name":"macarrones rayados paquete 1 kg","brand":"GALLO ","img":"https://sgfm.elcorteingles.es/SGFM/dctm/MEDIA02/CONTENIDOS/201507/06/00200103502555____1__600x600.jpg","price":"1,76 €","price_unit":"(1,76 € / Kilo)","categories":["Supermercado","Alimentación General","Pastas y masas","Macarrones","GALLO macarrones rayados paquete 1 kg"],"general_information":["Denominación del alimento: PASTA ALIMENTICIA DE CALIDAD SUPERIOR","País de origen: España","Nombre del operador: COMERCIAL GALLO, S.A.U.","Dirección del operador: Avda Diagonal 468, 4-C. Barcelona. España","Cantidad Neta: 1000 g"],"ingredients":[" Sémola de trigo duro. Puede contener trazas de huevo."],"conservation":" Conservar en lugar fresco y seco","ean":"8410069014603"},{"full_name":"GALLO macarrones nº6 paquete 1 kg","name":"macarrones nº6 paquete 1 kg","brand":"GALLO ","img":"https://sgfm.elcorteingles.es/SGFM/dctm/MEDIA02/CONTENIDOS/201507/06/00118003502392____1__600x600.jpg","price":"1,76 €","price_unit":"(1,76 € / Kilo)","categories":["Supermercado","Alimentación General","Pastas y masas","Macarrones","GALLO macarrones nº6 paquete 1 kg"],"general_information":["Denominación del alimento: PASTA ALIMENTICIA DE CALIDAD SUPERIOR","País de origen: España","Nombre del operador: COMERCIAL GALLO, S.A.U.","Dirección del operador: Avda Diagonal 468, 4-C. Barcelona. España","Cantidad Neta: 1000 g"],"ingredients":[" Sémola de trigo duro. Puede contener trazas de huevo."],"conservation":" Mantener en lugar fresco y seco","ean":"8410069003263"},{"full_name":"GALLO macarrones plumas nº 6 paquete 500 g","name":"macarrones plumas nº 6 paquete 500 g","brand":"GALLO ","img":"https://sgfm.elcorteingles.es/SGFM/dctm/MEDIA03/201709/14/00118003501204____1__600x600.jpg","price":"0,96 €","price_unit":"(1,92 € / Kilo)","categories":["Supermercado","Alimentación General","Pastas y masas","Macarrones","GALLO macarrones plumas nº 6 paquete 500 g"],"general_information":["Denominación del alimento: PASTA ALIMENTICIA DE CALIDAD SUPERIOR","País de origen: España","Nombre del operador: COMERCIAL GALLO, S.A.U.","Dirección del operador: Avda Diagonal 468, 4-C. Barcelona. España","Cantidad Neta: 600 g"],"ingredients":[" Sémola de trigo duro. Puede contener trazas de huevo."],"conservation":" Mantener en lugar fresco y seco","ean":"8410069014702"},{"full_name":"GALLO Sedalis macarrones pluma 3 minutos paquete 400 g","name":"Sedalis macarrones pluma 3 minutos paquete 400 g","brand":"GALLO ","img":"https://sgfm.elcorteingles.es/SGFM/dctm/MEDIA03/201709/14/00118003502327____3__600x600.jpg","price":"0,95 €","price_unit":"(2,38 € / Kilo)","categories":["Supermercado","Alimentación General","Pastas y masas","Macarrones","GALLO Sedalis macarrones pluma 3 minutos paquete 400 g"],"general_information":["Denominación del alimento: PASTA ALIMENTICIA DE CALIDAD SUPERIOR","País de origen: España","Nombre del operador: COMERCIAL GALLO, S.A.U.","Dirección del operador: Avda Diagonal 468, 4-C. Barcelona. España","Cantidad Neta: 400 g"],"ingredients":[" Sémola de trigo duro. Puede contener trazas de huevo."],"conservation":" Mantener en lugar fresco y seco","ean":"8410069014368"},{"full_name":"BARILLA macarrones penne rigate sin gluten caja 400 g","name":"macarrones penne rigate sin gluten caja 400 g","brand":"BARILLA ","img":"https://sgfm.elcorteingles.es/SGFM/dctm/MEDIA03/201709/04/00118003502772____5__600x600.jpg","price":"2,28 €","price_unit":"(5,70 € / Kilo)","categories":["Supermercado","Alimentación General","Pastas y masas","Macarrones","BARILLA macarrones penne rigate sin gluten caja 400 g"],"general_information":[],"ingredients":[],"ean":"8076809545457"},{"full_name":"GALLO macarrones plumas rayadas integrales paquete 500 g","name":"macarrones plumas rayadas integrales paquete 500 g","brand":"GALLO ","img":"https://sgfm.elcorteingles.es/SGFM/dctm/MEDIA03/201606/22/00118004404408____1__600x600.jpg","price":"1,38 €","price_unit":"(2,76 € / Kilo)","categories":["Supermercado","Alimentación General","Pastas y masas","Macarrones","GALLO macarrones plumas rayadas integrales paquete 500 g"],"general_information":["Denominación del alimento: PASTA ALIMENTICIA INTEGRAL","País de origen: España","Nombre del operador: COMERCIAL GALLO, S.A.U.","Dirección del operador: Avda Diagonal 468, 4-C. Barcelona. España","Cantidad Neta: 500 g"],"ingredients":[" Sémola integral de trigo duro. Puede contener trazas de huevo."],"conservation":" Mantener en lugar fresco y seco","ean":"8410069008213"},{"full_name":"GALLO Ensaladas macarrones con vegetales paquete 500 g","name":"Ensaladas macarrones con vegetales paquete 500 g","brand":"GALLO ","img":"https://sgfm.elcorteingles.es/SGFM/dctm/MEDIA03/201706/16/00118003600287____2__600x600.jpg","price":"1,35 €","price_unit":"(2,70 € / Kilo)","categories":["Supermercado","Alimentación General","Pastas y masas","Macarrones","GALLO Ensaladas macarrones con vegetales paquete 500 g"],"general_information":["Denominación del alimento: PASTA ALIMENTICIA DE CALIDAD SUPERIOR. PASTA ALIMENTICIA COMPUESTA A LAS ESPINACAS. PASTA ALIMENTICIA COMPUESTA AL TOMATE.","País de origen: España","Nombre del operador: COMERCIAL GALLO, S.A.U.","Dirección del operador: Avda Diagonal 468, 4-C. Barcelona. España","Cantidad Neta: 500 g"],"ingredients":[" Pasta alimenticia de calidad superior. Ingredientes: sémola de trigo duro. Pasta alimenticia compuesta a las espinacas. Ingredientes: sémola de trigo duro, espinacas deshidratadas (2,5%). Pasta alimenticia compuesta al tomate. Ingredientes: sémola de trigo duro, tomate concentrado 28/30ºBrix(5%). Puede contener trazas de huevo."],"conservation":" Mantener en lugar fresco y seco","ean":"8410069006226"},{"full_name":"GALLO Bio macarrones 100% agricultura ecológica paquete 500 g","name":"Bio macarrones 100% agricultura ecológica paquete 500 g","brand":"GALLO ","img":"https://sgfm.elcorteingles.es/SGFM/dctm/MEDIA03/201710/25/00118004600237____1__600x600.jpg","price":"1,64 €","price_unit":"(3,28 € / Kilo)","categories":["Supermercado","Alimentación General","Pastas y masas","Macarrones","GALLO Bio macarrones 100% agricultura ecológica paquete 500 g"],"general_information":["Denominación del alimento: PASTA ALIMENTICIA DE CALIDAD SUPERIOR","País de origen: España","Nombre del operador: COMERCIAL GALLO, S.A.U.","Dirección del operador: Avda Diagonal 468, 4-C. Barcelona. España","Cantidad Neta: 500 g"],"ingredients":[" Sémola de trigo duro ecológico. Puede contener trazas de huevo."],"conservation":" Mantener en lugar fresco y seco","ean":"8410069015761"},{"full_name":"BARILLA macarrones caja 500 g","name":"macarrones caja 500 g","brand":"BARILLA ","img":"https://sgfm.elcorteingles.es/SGFM/dctm/MEDIA02/CONTENIDOS/201408/20/00118003501352____1__600x600.jpg","price":"1,28 €","price_unit":"(2,56 € / Kilo)","categories":["Supermercado","Alimentación General","Pastas y masas","Macarrones","BARILLA macarrones caja 500 g"],"general_information":[],"ingredients":[],"ean":"8076809534949"},{"full_name":"BARILLA macarrones penne rigate caja 1 kg","name":"macarrones penne rigate caja 1 kg","brand":"BARILLA ","img":"https://sgfm.elcorteingles.es/SGFM/dctm/MEDIA02/CONTENIDOS/201412/10/00118003502293____2__600x600.jpg","price":"2,44 €","price_unit":"(2,44 € / Kilo)","categories":["Supermercado","Alimentación General","Pastas y masas","Macarrones","BARILLA macarrones penne rigate caja 1 kg"],"general_information":["Denominación del alimento: PASTA ALIMENTICIA DE SÉMOLA DE TRIGO DURO","País de origen: Italia","Nombre del operador: Barilla G. e R. Fratelli","Dirección del operador: Via Mantova 166, Parma - Italy","Cantidad Neta: 1000 g"],"ingredients":[" Sémola de TRIGO duro, agua. Puede contener trazas de huevo si se ha producido en la fábrica indicada con la letra (A) indicada junto a la fecha de caducidad."],"conservation":" Conservar en lugar fresco y seco","ean":"8076800105735"},{"full_name":"BARILLA macarrones penne rigate caja 500 g","name":"macarrones penne rigate caja 500 g","brand":"BARILLA ","img":"https://sgfm.elcorteingles.es/SGFM/dctm/MEDIA02/CONTENIDOS/201408/20/00118003501303____1__600x600.jpg","price":"1,28 €","price_unit":"(2,56 € / Kilo)","categories":["Supermercado","Alimentación General","Pastas y masas","Macarrones","BARILLA macarrones penne rigate caja 500 g"],"general_information":["Denominación del alimento: PASTA ALIMENTICIA DE SÉMOLA DE TRIGO DURO","País de origen: Austria","Dirección del operador: Barilla G. e R. Fratelli Società per Azioni Via Mantova 166, Parma - Italy","Cantidad Neta: 500 g"],"ingredients":[],"conservation":" Conservar en lugar fresco y seco","ean":"8076802085738"},{"full_name":"BARILLA macarrón pennette rigate integral paquete 500 g","name":"macarrón pennette rigate integral paquete 500 g","brand":"BARILLA ","img":"https://sgfm.elcorteingles.es/SGFM/dctm/MEDIA02/CONTENIDOS/201505/27/00118003501808____1__600x600.jpg","price":"1,58 €","price_unit":"(3,16 € / Kilo)","categories":["Supermercado","Alimentación General","Pastas y masas","Macarrones","BARILLA macarrón pennette rigate integral paquete 500 g"],"general_information":["Denominación del alimento: PASTA ALIMENTICIA DE SÉMOLA INTEGRAL DE TRIGO DURO","País de origen: Italia","Nombre del operador: Barilla G. e R. Fratelli","Dirección del operador: Via Mantova 166, Parma - Italy","Cantidad Neta: 500 g"],"ingredients":[" Sémola integral de TRIGO duro, agua. Puede contener trazas de huevo si se ha producido en la fábrica indicada con la letra (A) indicada junto a la fecha de caducidad."],"conservation":" Conservar en lugar fresco y seco","ean":"8076809529433"},{"full_name":"GAROFALO macarrón penne ziti rigate paquete 500 g","name":"macarrón penne ziti rigate paquete 500 g","brand":"GAROFALO ","img":"https://sgfm.elcorteingles.es/SGFM/dctm/MEDIA03/201704/19/00118004404515____2__600x600.jpg","price":"1,52 €","price_unit":"(3,04 € / Kilo)","categories":["Supermercado","Alimentación General","Pastas y masas","Macarrones","GAROFALO macarrón penne ziti rigate paquete 500 g"],"general_information":["Denominación del alimento: Pasta de semola de trigo duro","Nombre del operador: Herba Ricemills. S.L.U.","Dirección del operador: C/ Real. 43 - 41920 San Juan de Aznalfarache (Sevilla)","Cantidad Neta: 500 g"],"ingredients":[" Sémola de trigo duro Contiene gluten"],"conservation":" Almacenar en lugar fresco y seco. Preservar de la luz solar.","ean":"8000139910234"},{"full_name":"GAROFALO macarrón penne ziti ecológico envase 500 g","name":"macarrón penne ziti ecológico envase 500 g","brand":"GAROFALO ","img":"https://sgfm.elcorteingles.es/SGFM/dctm/MEDIA03/201704/19/00118004600187____2__600x600.jpg","price":"2,35 €","price_unit":"(4,70 € / Kilo)","categories":["Supermercado","Alimentación General","Pastas y masas","Macarrones","GAROFALO macarrón penne ziti ecológico envase 500 g"],"general_information":["Denominación del alimento: Pasta de semola de trigo duro orgánica","Nombre del operador: Herba Ricemills. S.L.U.","Dirección del operador: C/ Real. 43 - 41920 San Juan de Aznalfarache (Sevilla)","Cantidad Neta: 500 g"],"ingredients":[" Sémola de trigo duro orgánica Contiene gluten"],"conservation":" Almacenar en lugar fresco y seco. Preservar de la luz solar.","ean":"8000139910951"},{"full_name":"GAROFALO macarrones elicoidali envase 500 g","name":"macarrones elicoidali envase 500 g","brand":"GAROFALO ","img":"https://sgfm.elcorteingles.es/SGFM/dctm/MEDIA03/201704/17/00118004403335____2__600x600.jpg","price":"1,52 €","price_unit":"(3,04 € / Kilo)","categories":["Supermercado","Alimentación General","Pastas y masas","Macarrones","GAROFALO macarrones elicoidali envase 500 g"],"general_information":["Denominación del alimento: Pasta de semola de trigo duro","Nombre del operador: Herba Ricemills. S.L.U.","Dirección del operador: C/ Real. 43 - 41920 San Juan de Aznalfarache (Sevilla)","Cantidad Neta: 500 g"],"ingredients":[" Sémola de trigo duro Contiene gluten"],"conservation":" Almacenar en lugar fresco y seco. Preservar de la luz solar.","ean":"8000139910180"},{"full_name":"ROMERO macarrón pluma paquete 500 g","name":"macarrón pluma paquete 500 g","brand":"ROMERO ","img":"https://sgfm.elcorteingles.es/SGFM/01/26/1/0118003501261/0118003501261000g01011.jpg","price":"0,82 €","price_unit":"(1,64 € / Kilo)","categories":["Supermercado","Alimentación General","Pastas y masas","Macarrones","ROMERO macarrón pluma paquete 500 g"],"general_information":["Denominación del alimento: Pasta alimenticia de calidad superior","País de origen: España","Nombre del operador: ROMERO","Dirección del operador: Avd. de Madrid nº43-50360 DAROCA (Zaragoza)","Lugar de procedencia del alimento: Fabricado en España","Cantidad Neta: 500 g"],"ingredients":[" Semola de trigo duro. Puede contener trazas de huevo."],"conservation":" Conservar en lugar fresco y seco","ean":"8410693014222"},{"full_name":"SANDRO DESII macarrones napolitanos paquete 250 g","name":"macarrones napolitanos paquete 250 g","brand":"SANDRO DESII ","img":"https://sgfm.elcorteingles.es/SGFM/04/27/5/0118004404275/0118004404275000g01011.jpg","price":"2,90 €","price_unit":"(11,60 € / Kilo)","categories":["Supermercado","Alimentación General","Pastas y masas","Macarrones","SANDRO DESII macarrones napolitanos paquete 250 g"],"general_information":["Denominación del alimento: Macarrones Napolitanos","Nombre del operador: La Torinese S.L","Dirección del operador: Calle Manyans, 1, 08292, Esparreguera (Barcelona)","Cantidad Neta: 250 g"],"ingredients":[" Sémola de trigo duro, huevo 5%."],"conservation":" Conservar a temperatura ambiente en lugar seco. Preservar de la luz intensa.","ean":"8426254108965"},{"full_name":"MAESTRO DI MODENA macarron penne paquete 500 g","name":"macarron penne paquete 500 g","brand":"MAESTRO DI MODENA ","img":"https://sgfm.elcorteingles.es/SGFM/04/24/2/0118004404242/0118004404242000g01011.jpg","price":"2,90 €","price_unit":"(5,80 € / Kilo)","categories":["Supermercado","Alimentación General","Pastas y masas","Macarrones","MAESTRO DI MODENA macarron penne paquete 500 g"],"general_information":[],"ingredients":[],"ean":"8437013161930"},{"full_name":"DELVERDE penne zita rigate paquete 500 g","name":"penne zita rigate paquete 500 g","brand":"DELVERDE ","img":"https://sgfm.elcorteingles.es/SGFM/dctm/MEDIA02/CONTENIDOS/201601/26/00200104404512____2__600x600.jpg","price":"1,85 €","price_unit":"(3,70 € / Kilo)","categories":["Supermercado","Alimentación General","Pastas y masas","Macarrones","DELVERDE penne zita rigate paquete 500 g"],"general_information":["Denominación del alimento: Pasta de sémola de trigo duro.","Nombre del operador: Negrini S.L.","Dirección del operador: C/Herreros, 5 Pol. Industrial Los Angeles 28906 Getafe (Madrid).","Cantidad Neta: 500 g","Otras menciones obligatorias en la etiqueta: Otros registros: 40.10735/CAT y 40.00020871/M"],"ingredients":[" sémola de trigo duro, agua. Cereales que contienen gluten y productos derivados."],"conservation":" Conservar en lugar fresco y seco.","ean":"8006680040321"},{"full_name":"DELVERDE macarrones penne rigate integral paquete 500 g","name":"macarrones penne rigate integral paquete 500 g","brand":"DELVERDE ","img":"https://sgfm.elcorteingles.es/SGFM/dctm/MEDIA03/201709/06/00200104404850____1__600x600.jpg","price":"2,40 €","price_unit":"(4,80 € / Kilo)","categories":["Supermercado","Alimentación General","Pastas y masas","Macarrones","DELVERDE macarrones penne rigate integral paquete 500 g"],"general_information":[],"ingredients":[],"ean":"8006680051457"},{"full_name":"EL CORTE INGLES pasta italiana espagueti paquete 500 g","name":"pasta italiana espagueti paquete 500 g","brand":"EL CORTE INGLES ","img":"https://sgfm.elcorteingles.es/SGFM/dctm/MEDIA03/201609/23/00118004404697____1__600x600.jpg","price":"1,46 €            ","price_unit":"(2,80 € / Kilo)","categories":["Supermercado","Alimentación General","Pastas y masas","Espaguetis","EL CORTE INGLES pasta italiana espagueti paquete 500 g"],"general_information":["Denominación del alimento: Pasta de sémola de trigo duro","Lugar de procedencia del alimento: Producto de Italia","Cantidad Neta: 500 g","Número de raciones por envase: 6 aproximadame"],"ingredients":[" Ingredientes: Sémola de trigo, agua Puede contener trazas de huevos"],"conservation":" Conservar en lugar fresco y seco","ean":"8433329073172"},{"full_name":"EL CORTE INGLES pasta italiana spaghettini paquete 500 g","name":"pasta italiana spaghettini paquete 500 g","brand":"EL CORTE INGLES ","img":"https://sgfm.elcorteingles.es/SGFM/dctm/MEDIA03/201609/23/00118004404705____1__600x600.jpg","price":"1,46 €            ","price_unit":"(2,80 € / Kilo)","categories":["Supermercado","Alimentación General","Pastas y masas","Espaguetis","EL CORTE INGLES pasta italiana spaghettini paquete 500 g"],"general_information":["Denominación del alimento: Pasta de sémola de trigo duro","Lugar de procedencia del alimento: Producto de Italia","Cantidad Neta: 500 g","Número de raciones por envase: 6 aproximadame"],"ingredients":[" Ingredientes: Sémola de trigo, agua Puede contener trazas de huevos"],"conservation":" Conservar en lugar fresco y seco","ean":"8433329073165"},{"full_name":"EL CORTE INGLES pasta italiana spaguetti al nero di seppia paquete 500 g","name":"pasta italiana spaguetti al nero di seppia paquete 500 g","brand":"EL CORTE INGLES ","img":"https://sgfm.elcorteingles.es/SGFM/dctm/MEDIA03/201702/02/00118004404754____1__600x600.jpg","price":"3,39 €            ","price_unit":"(6,64 € / Kilo)","categories":["Supermercado","Alimentación General","Pastas y masas","Espaguetis","EL CORTE INGLES pasta italiana spaguetti al nero di seppia paquete 500 g"],"general_information":["Denominación del alimento: Pasta de sémola de trigo duro a la tinta de sepia","Lugar de procedencia del alimento: Producto de Italia","Cantidad Neta: 500 g","Número de raciones por envase: 6 aproximadame"],"ingredients":[" Ingredientes: Sémola de trigo, agua, tinta de sepia (3%) Puede contener trazas de huevos"],"conservation":" Conservar en lugar fresco y seco","ean":"8433329073226"},{"full_name":"ALIADA espaguetis paquete 500 g","name":"espaguetis paquete 500 g","brand":"ALIADA ","img":"https://sgfm.elcorteingles.es/SGFM/01/06/3/0118003501063/0118003501063000g01011.jpg","price":"0,51 €","price_unit":"(1,02 € / Kilo)","categories":["Supermercado","Alimentación General","Pastas y masas","Espaguetis","ALIADA espaguetis paquete 500 g"],"general_information":["Denominación del alimento: Pasta alimentícia de calidad superior","Cantidad Neta: 500 g","Número de raciones por envase: 6 - 7"],"ingredients":[" Ingredientes: Sémola de trigo duro. Puede contener trazas de huevo."],"conservation":" Conservar en un lugar fresco y seco.","ean":"8433329040419"},{"full_name":"GALLO Sedalis espagueti con vegetales 3 minutos paquete 400 g","name":"Sedalis espagueti con vegetales 3 minutos paquete 400 g","brand":"GALLO ","img":"https://sgfm.elcorteingles.es/SGFM/dctm/MEDIA03/201709/14/00118003600535____7__600x600.jpg","price":"1,36 €            ","price_unit":"(3,25 € / Kilo)","categories":["Supermercado","Alimentación General","Pastas y masas","Espaguetis","GALLO Sedalis espagueti con vegetales 3 minutos paquete 400 g"],"general_information":["Denominación del alimento: PASTA ALIMENTICIA DE CALIDAD SUPERIOR. PASTA ALIMENTICIA COMPUESTA A LAS ESPINACAS. PASTA ALIMENTICIA COMPUESTA AL TOMATE.","País de origen: España","Nombre del operador: COMERCIAL GALLO, S.A.U.","Dirección del operador: Avda Diagonal 468, 4-C. Barcelona. España","Cantidad Neta: 400 g"],"ingredients":[" Pasta alimenticia de calidad superior. Ingredientes: sémola de trigo duro. Pasta alimenticia compuesta a las espinacas. Ingredientes: sémola de trigo duro, espinacas deshidratadas (2,5%). Pasta alimenticia compuesta al tomate. Ingredientes: sémola de trigo duro, tomate concentrado 28/30ºBrix(5%). Puede contener trazas de huevo."],"conservation":" Mantener en lugar fresco y seco","ean":"8410069015259"},{"full_name":"GALLO espaguetis nº3 paquete 1 kg","name":"espaguetis nº3 paquete 1 kg","brand":"GALLO ","img":"https://sgfm.elcorteingles.es/SGFM/dctm/MEDIA02/CONTENIDOS/201507/06/00118003502384____1__600x600.jpg","price":"1,76 €","price_unit":"(1,76 € / Kilo)","categories":["Supermercado","Alimentación General","Pastas y masas","Espaguetis","GALLO espaguetis nº3 paquete 1 kg"],"general_information":["Denominación del alimento: PASTA ALIMENTICIA DE CALIDAD SUPERIOR","País de origen: España","Nombre del operador: COMERCIAL GALLO, S.A.U.","Dirección del operador: Avda Diagonal 468, 4-C. Barcelona. España","Cantidad Neta: 1000 g"],"ingredients":[" Sémola de trigo duro. Puede contener trazas de huevo."],"conservation":" Mantener en lugar fresco y seco","ean":"8410069003454"},{"full_name":"GALLO espaguetis nº 3 paquete 500 g","name":"espaguetis nº 3 paquete 500 g","brand":"GALLO ","img":"https://sgfm.elcorteingles.es/SGFM/dctm/MEDIA03/201709/14/00118003501170____6__600x600.jpg","price":"0,96 €","price_unit":"(1,92 € / Kilo)","categories":["Supermercado","Alimentación General","Pastas y masas","Espaguetis","GALLO espaguetis nº 3 paquete 500 g"],"general_information":["Denominación del alimento: PASTA ALIMENTICIA DE CALIDAD SUPERIOR","País de origen: España","Nombre del operador: COMERCIAL GALLO, S.A.U.","Dirección del operador: Avda Diagonal 468, 4-C. Barcelona. España","Cantidad Neta: 500 g"],"ingredients":[" Sémola de trigo duro. Puede contener trazas de huevo."],"conservation":" Mantener en lugar fresco y seco","ean":"8410069002457"},{"full_name":"GALLO espagueti  sin gluten envase 500 g","name":"espagueti  sin gluten envase 500 g","brand":"GALLO ","img":"https://sgfm.elcorteingles.es/SGFM/dctm/MEDIA03/201706/16/00118003501774____1__600x600.jpg","price":"1,85 €","price_unit":"(3,70 € / Kilo)","categories":["Supermercado","Alimentación General","Pastas y masas","Espaguetis","GALLO espagueti  sin gluten envase 500 g"],"general_information":["Denominación del alimento: PASTA DE HARINA DE MAÍZ Y HARINA DE ARROZ","País de origen: España","Nombre del operador: COMERCIAL GALLO, S.A.U.","Dirección del operador: Avda Diagonal 468, 4-C. Barcelona. España","Cantidad Neta: 500 g"],"ingredients":[" Harina de maíz (80%), harina de arroz (19,25%), emulgente (mono y diglicéridos de ácidos grasos)."],"conservation":" Mantener en lugar fresco y seco","ean":"8410069015426"},{"full_name":"GALLO espaguetis integrales paquete 500 g","name":"espaguetis integrales paquete 500 g","brand":"GALLO ","img":"https://sgfm.elcorteingles.es/SGFM/dctm/MEDIA03/201606/22/00118004404416____1__600x600.jpg","price":"1,38 €","price_unit":"(2,76 € / Kilo)","categories":["Supermercado","Alimentación General","Pastas y masas","Espaguetis","GALLO espaguetis integrales paquete 500 g"],"general_information":["Denominación del alimento: PASTA ALIMENTICIA INTEGRAL","País de origen: España","Nombre del operador: COMERCIAL GALLO, S.A.U.","Dirección del operador: Avda Diagonal 468, 4-C. Barcelona. España","Cantidad Neta: 500 g"],"ingredients":[" Sémola integral de trigo duro. Puede contener trazas de huevo."],"conservation":" Mantener en lugar fresco y seco","ean":"8410069008459"},{"full_name":"GALLO Sedalis espaguetti 3 minutos paquete 400 g","name":"Sedalis espaguetti 3 minutos paquete 400 g","brand":"GALLO ","img":"https://sgfm.elcorteingles.es/SGFM/dctm/MEDIA03/201709/14/00118003502194____2__600x600.jpg","price":"0,95 €","price_unit":"(2,38 € / Kilo)","categories":["Supermercado","Alimentación General","Pastas y masas","Espaguetis","GALLO Sedalis espaguetti 3 minutos paquete 400 g"],"general_information":["Denominación del alimento: PASTA ALIMENTICIA DE CALIDAD SUPERIOR","País de origen: España","Nombre del operador: COMERCIAL GALLO, S.A.U.","Dirección del operador: Avda Diagonal 468, 4-C. Barcelona. España","Cantidad Neta: 400 g"],"ingredients":[" Sémola de trigo duro. Puede contener trazas de huevo."],"conservation":" Mantener en lugar fresco y seco","ean":"8410069013873"},{"full_name":"GALLO Bio espaguetis 100% agricultura ecológica paquete 500 g","name":"Bio espaguetis 100% agricultura ecológica paquete 500 g","brand":"GALLO ","img":"https://sgfm.elcorteingles.es/SGFM/dctm/MEDIA03/201710/25/00118004600211____1__600x600.jpg","price":"1,64 €","price_unit":"(3,28 € / Kilo)","categories":["Supermercado","Alimentación General","Pastas y masas","Espaguetis","GALLO Bio espaguetis 100% agricultura ecológica paquete 500 g"],"general_information":["Denominación del alimento: PASTA ALIMENTICIA DE CALIDAD SUPERIOR","País de origen: España","Nombre del operador: COMERCIAL GALLO, S.A.U.","Dirección del operador: Avda Diagonal 468, 4-C. Barcelona. España","Cantidad Neta: 500 g"],"ingredients":[" Sémola de trigo duro ecológico. Puede contener trazas de huevo."],"conservation":" Mantener en lugar fresco y seco","ean":"8410069015754"},{"full_name":"BARILLA espagueti nº5 caja 1 kg","name":"espagueti nº5 caja 1 kg","brand":"BARILLA ","img":"https://sgfm.elcorteingles.es/SGFM/dctm/MEDIA02/CONTENIDOS/201412/10/00118003502285____2__600x600.jpg","price":"2,44 €","price_unit":"(2,44 € / Kilo)","categories":["Supermercado","Alimentación General","Pastas y masas","Espaguetis","BARILLA espagueti nº5 caja 1 kg"],"general_information":["Denominación del alimento: PASTA ALIMENTICIA DE SÉMOLA DE TRIGO DURO","País de origen: Italia","Nombre del operador: Barilla G. e R. Fratelli","Dirección del operador: Via Mantova 166, Parma - Italy","Cantidad Neta: 1000 g"],"ingredients":[" Sémola de TRIGO duro, agua. Puede contener trazas de huevo si se ha producido en la fábrica indicada con la letra (A) indicada junto a la fecha de caducidad."],"conservation":" Conservar en lugar fresco y seco","ean":"8076800105056"},{"full_name":"BARILLA espagueti nº 5 caja 500 g","name":"espagueti nº 5 caja 500 g","brand":"BARILLA ","img":"https://sgfm.elcorteingles.es/SGFM/dctm/MEDIA02/CONTENIDOS/201408/20/00118003501295____1__600x600.jpg","price":"1,28 €","price_unit":"(2,56 € / Kilo)","categories":["Supermercado","Alimentación General","Pastas y masas","Espaguetis","BARILLA espagueti nº 5 caja 500 g"],"general_information":["Denominación del alimento: PASTA ALIMENTICIA DE SÉMOLA DE TRIGO DURO","País de origen: Italia","Nombre del operador: Barilla G. e R. Fratelli","Dirección del operador: Via Mantova 166, Parma - Italy","Cantidad Neta: 500 g"],"ingredients":[" Sémola de TRIGO duro, agua. Puede contener trazas de huevo si se ha producido en la fábrica indicada con la letra (A) indicada junto a la fecha de caducidad."],"conservation":" Conservar en lugar fresco y seco","ean":"8076800195057"},{"full_name":"BARILLA espagueti nº5 sin gluten caja 400 g","name":"espagueti nº5 sin gluten caja 400 g","brand":"BARILLA ","img":"https://sgfm.elcorteingles.es/SGFM/dctm/MEDIA03/201709/04/00118003502764____5__600x600.jpg","price":"2,28 €","price_unit":"(5,70 € / Kilo)","categories":["Supermercado","Alimentación General","Pastas y masas","Espaguetis","BARILLA espagueti nº5 sin gluten caja 400 g"],"general_information":[],"ingredients":[],"ean":"8076809545440"},{"full_name":"BARILLA spaguettoni nº 7 caja 500 g","name":"spaguettoni nº 7 caja 500 g","brand":"BARILLA ","img":"https://sgfm.elcorteingles.es/SGFM/dctm/MEDIA02/CONTENIDOS/201408/20/00118003501329____1__600x600.jpg","price":"1,28 €","price_unit":"(2,56 € / Kilo)","categories":["Supermercado","Alimentación General","Pastas y masas","Espaguetis","BARILLA spaguettoni nº 7 caja 500 g"],"general_information":["Denominación del alimento: PASTA ALIMENTICIA DE SÉMOLA DE TRIGO DURO","País de origen: Italia","Nombre del operador: Barilla G. e R. Fratelli","Dirección del operador: Via Mantova 166, Parma - Italy","Cantidad Neta: 500 g"],"ingredients":[" Sémola de TRIGO duro, agua. Puede contener trazas de huevo si se ha producido en la fábrica indicada con la letra (A) indicada junto a la fecha de caducidad."],"conservation":" Conservar en lugar fresco y seco","ean":"8076808150072"},{"full_name":"BARILLA espagueti nº 5 integral paquete 500 g","name":"espagueti nº 5 integral paquete 500 g","brand":"BARILLA ","img":"https://sgfm.elcorteingles.es/SGFM/dctm/MEDIA02/CONTENIDOS/201505/27/00118003501782____1__600x600.jpg","price":"1,58 €","price_unit":"(3,16 € / Kilo)","categories":["Supermercado","Alimentación General","Pastas y masas","Espaguetis","BARILLA espagueti nº 5 integral paquete 500 g"],"general_information":["Denominación del alimento: PASTA ALIMENTICIA DE SÉMOLA INTEGRAL DE TRIGO DURO","País de origen: Italia","Nombre del operador: Barilla G. e R. Fratelli","Dirección del operador: Via Mantova 166, Parma - Italy","Cantidad Neta: 500 g"],"ingredients":[" Sémola integral de TRIGO duro, agua. Puede contener trazas de huevo si se ha producido en la fábrica indicada con la letra (A) indicada junto a la fecha de caducidad."],"conservation":" Conservar en lugar fresco y seco","ean":"8076809529419"},{"full_name":"GAROFALO espagueti envase 500 g","name":"espagueti envase 500 g","brand":"GAROFALO ","img":"https://sgfm.elcorteingles.es/SGFM/dctm/MEDIA03/201704/19/00118004404135____1__600x600.jpg","price":"1,52 €","price_unit":"(3,04 € / Kilo)","categories":["Supermercado","Alimentación General","Pastas y masas","Espaguetis","GAROFALO espagueti envase 500 g"],"general_information":["Denominación del alimento: Pasta de semola de trigo duro","Nombre del operador: Herba Ricemills. S.L.U.","Dirección del operador: C/ Real. 43 - 41920 San Juan de Aznalfarache (Sevilla)","Cantidad Neta: 500 g"],"ingredients":[" Sémola de trigo duro Contiene gluten"],"conservation":" Almacenar en lugar fresco y seco. Preservar de la luz solar.","ean":"8000139910142"},{"full_name":"GAROFALO espagueti ecológico paquete 500 g","name":"espagueti ecológico paquete 500 g","brand":"GAROFALO ","img":"https://sgfm.elcorteingles.es/SGFM/dctm/MEDIA03/201704/20/00118004600203____2__600x600.jpg","price":"2,35 €","price_unit":"(4,70 € / Kilo)","categories":["Supermercado","Alimentación General","Pastas y masas","Espaguetis","GAROFALO espagueti ecológico paquete 500 g"],"general_information":["Denominación del alimento: Pasta de semola de trigo duro orgánica","Nombre del operador: Herba Ricemills. S.L.U.","Dirección del operador: C/ Real. 43 - 41920 San Juan de Aznalfarache (Sevilla)","Cantidad Neta: 500 g"],"ingredients":[" Sémola de trigo duro orgánica Contiene gluten"],"conservation":" Almacenar en lugar fresco y seco. Preservar de la luz solar.","ean":"8000139912979"},{"full_name":"GAROFALO espagueti nero di sepia envase 500 g","name":"espagueti nero di sepia envase 500 g","brand":"GAROFALO ","img":"https://sgfm.elcorteingles.es/SGFM/dctm/MEDIA03/201704/20/00118004403202____1__600x600.jpg","price":"4,30 €","price_unit":"(8,60 € / Kilo)","categories":["Supermercado","Alimentación General","Pastas y masas","Espaguetis","GAROFALO espagueti nero di sepia envase 500 g"],"general_information":["Denominación del alimento: Pasta de semola de trigo duro","Nombre del operador: Herba Ricemills. S.L.U.","Dirección del operador: C/ Real. 43 - 41920 San Juan de Aznalfarache (Sevilla)","Cantidad Neta: 500 g"],"ingredients":[" Sémola de trigo duro y tinta de Sepia 4% Contiene gluten"],"conservation":" Almacenar en lugar fresco y seco. Preservar de la luz solar.","ean":"8000139911507"},{"full_name":"DE CECCO spaghetti nº12 bolsa 500 g","name":"spaghetti nº12 bolsa 500 g","brand":"DE CECCO ","img":"https://sgfm.elcorteingles.es/SGFM/03/93/9/0118004403939/0118004403939000g01011.jpg","price":"2,45 €","price_unit":"(4,90 € / Kilo)","categories":["Supermercado","Alimentación General","Pastas y masas","Espaguetis","DE CECCO spaghetti nº12 bolsa 500 g"],"general_information":[],"ingredients":[],"ean":"8001250120120"},{"full_name":"ROMERO espagueti largo paquete 500 g","name":"espagueti largo paquete 500 g","brand":"ROMERO ","img":"https://sgfm.elcorteingles.es/SGFM/01/34/5/0118003501345/0118003501345000g01011.jpg","price":"0,82 €","price_unit":"(1,64 € / Kilo)","categories":["Supermercado","Alimentación General","Pastas y masas","Espaguetis","ROMERO espagueti largo paquete 500 g"],"general_information":["Denominación del alimento: Pasta alimenticia de calidad superior","País de origen: España","Nombre del operador: ROMERO","Dirección del operador: Avd. de Madrid nº43-50360 DAROCA (Zaragoza)","Lugar de procedencia del alimento: Fabricado en España","Cantidad Neta: 500 g"],"ingredients":[" Semola de trigo duro. Puede contener trazas de huevo."],"conservation":" Conservar en lugar fresco y seco","ean":"8410693010125"},{"full_name":"ROMERO espagueti nero di sepia paquete 500 g","name":"espagueti nero di sepia paquete 500 g","brand":"ROMERO ","img":"https://sgfm.elcorteingles.es/SGFM/04/25/9/0118004404259/0118004404259000g01011.jpg","price":"2,65 €","price_unit":"(5,30 € / Kilo)","categories":["Supermercado","Alimentación General","Pastas y masas","Espaguetis","ROMERO espagueti nero di sepia paquete 500 g"],"general_information":["Denominación del alimento: Pasta alimenticia compuesta de calidad superior con tinta de sepia","País de origen: España","Nombre del operador: ROMERO","Dirección del operador: Avd. de Madrid nº43-50360 DAROCA (Zaragoza)","Lugar de procedencia del alimento: Fabricado en España","Cantidad Neta: 500 g"],"ingredients":[" Semola de trigo duro y tinta de sepia deshidratada (3%). Puede contener trazas de huevo."],"conservation":" Conservar en lugar fresco y seco","ean":"8410693801006"},{"full_name":"MAESTRO DI MODENA espagueti paquete 500 g","name":"espagueti paquete 500 g","brand":"MAESTRO DI MODENA ","img":"https://sgfm.elcorteingles.es/SGFM/04/07/7/0118004404077/0118004404077000g01011.jpg","price":"3,30 €","price_unit":"(6,60 € / Kilo)","categories":["Supermercado","Alimentación General","Pastas y masas","Espaguetis","MAESTRO DI MODENA espagueti paquete 500 g"],"general_information":[],"ingredients":[],"ean":"8437012391406"},{"full_name":"MAESTRO DI MODENA pasta italiana espagueti al basilico paquete 500 g","name":"pasta italiana espagueti al basilico paquete 500 g","brand":"MAESTRO DI MODENA ","img":"https://sgfm.elcorteingles.es/SGFM/04/15/0/0118004404150/0118004404150000g01011.jpg","price":"3,85 €","price_unit":"(7,70 € / Kilo)","categories":["Supermercado","Alimentación General","Pastas y masas","Espaguetis","MAESTRO DI MODENA pasta italiana espagueti al basilico paquete 500 g"],"general_information":[],"ingredients":[],"ean":"8437013161107"},{"full_name":"MAESTRO DI MODENA pasta italiana espagueti ajo & perejil paquete 500 g","name":"pasta italiana espagueti ajo & perejil paquete 500 g","brand":"MAESTRO DI MODENA ","img":"https://sgfm.elcorteingles.es/SGFM/04/17/6/0118004404176/0118004404176000g01011.jpg","price":"3,85 €","price_unit":"(7,70 € / Kilo)","categories":["Supermercado","Alimentación General","Pastas y masas","Espaguetis","MAESTRO DI MODENA pasta italiana espagueti ajo & perejil paquete 500 g"],"general_information":[],"ingredients":[],"ean":"8437012391949"},{"full_name":"MAESTRO DI MODENA pasta italiana espagueti al peperoncino paquete 500 g","name":"pasta italiana espagueti al peperoncino paquete 500 g","brand":"MAESTRO DI MODENA ","img":"https://sgfm.elcorteingles.es/SGFM/04/18/4/0118004404184/0118004404184000g01011.jpg","price":"3,00 €","price_unit":"(6 € / Kilo)","categories":["Supermercado","Alimentación General","Pastas y masas","Espaguetis","MAESTRO DI MODENA pasta italiana espagueti al peperoncino paquete 500 g"],"general_information":[],"ingredients":[],"ean":"8437013161114"},{"full_name":"MAESTRO DI MODENA pasta italiana espagueti nero di sepia paquete 500 g","name":"pasta italiana espagueti nero di sepia paquete 500 g","brand":"MAESTRO DI MODENA ","img":"https://sgfm.elcorteingles.es/SGFM/04/19/2/0118004404192/0118004404192000g01011.jpg","price":"4,25 €","price_unit":"(8,50 € / Kilo)","categories":["Supermercado","Alimentación General","Pastas y masas","Espaguetis","MAESTRO DI MODENA pasta italiana espagueti nero di sepia paquete 500 g"],"general_information":[],"ingredients":[],"ean":"8437012391932"},{"full_name":"DELVERDE spaguettini bronzo paquete 500 g","name":"spaguettini bronzo paquete 500 g","brand":"DELVERDE ","img":"https://sgfm.elcorteingles.es/SGFM/dctm/MEDIA02/CONTENIDOS/201601/26/00200104404504____2__600x600.jpg","price":"1,85 €","price_unit":"(3,70 € / Kilo)","categories":["Supermercado","Alimentación General","Pastas y masas","Espaguetis","DELVERDE spaguettini bronzo paquete 500 g"],"general_information":["Denominación del alimento: Pasta de sémola de trigo duro.","Nombre del operador: Negrini S.L.","Dirección del operador: C/Herreros, 5 Pol. Industrial Los Angeles 28906 Getafe (Madrid).","Cantidad Neta: 500 g","Otras menciones obligatorias en la etiqueta: Otros registros: 40.10735/CAT y 40.00020871/M"],"ingredients":[" sémola de trigo duro, agua. Cereales que contienen gluten y productos derivados."],"conservation":" Conservar en lugar fresco y seco.","ean":"8006680040031"},{"full_name":"DELVERDE spaguetti a nido paquete 250 g","name":"spaguetti a nido paquete 250 g","brand":"DELVERDE ","img":"https://sgfm.elcorteingles.es/SGFM/dctm/MEDIA03/201709/06/00200104404876____1__600x600.jpg","price":"1,75 €","price_unit":"(3,50 € / Kilo)","categories":["Supermercado","Alimentación General","Pastas y masas","Espaguetis","DELVERDE spaguetti a nido paquete 250 g"],"general_information":[],"ingredients":[],"ean":"8006680040093"},{"full_name":"DELVERDE spaguetti integral paquete 500 g","name":"spaguetti integral paquete 500 g","brand":"DELVERDE ","img":"https://sgfm.elcorteingles.es/SGFM/dctm/MEDIA03/201709/06/00200104404868____1__600x600.jpg","price":"2,40 €","price_unit":"(4,80 € / Kilo)","categories":["Supermercado","Alimentación General","Pastas y masas","Espaguetis","DELVERDE spaguetti integral paquete 500 g"],"general_information":[],"ingredients":[],"ean":"8006680051419"},{"full_name":"ALIADA tallarines envase 500 g","name":"tallarines envase 500 g","brand":"ALIADA ","img":"https://sgfm.elcorteingles.es/SGFM/01/07/1/0118003501071/0118003501071000g01011.jpg","price":"0,51 €","price_unit":"(1,02 € / Kilo)","categories":["Supermercado","Alimentación General","Pastas y masas","Tallarines","ALIADA tallarines envase 500 g"],"general_information":["Denominación del alimento: Pasta alimentícia de calidad superior","Cantidad Neta: 500 g","Número de raciones por envase: 6 - 7"],"ingredients":[" Ingredientes: Sémola de trigo duro. Puede contener trazas de huevo."],"conservation":" Conservar en un lugar fresco y seco.","ean":"8433329040426"},{"full_name":"GALLO tallarines paquete 1 kg","name":"tallarines paquete 1 kg","brand":"GALLO ","img":"https://sgfm.elcorteingles.es/SGFM/dctm/MEDIA02/CONTENIDOS/201507/06/00200103502563____1__600x600.jpg","price":"1,76 €","price_unit":"(1,76 € / Kilo)","categories":["Supermercado","Alimentación General","Pastas y masas","Tallarines","GALLO tallarines paquete 1 kg"],"general_information":["Denominación del alimento: PASTA ALIMENTICIA DE CALIDAD SUPERIOR","País de origen: España","Nombre del operador: COMERCIAL GALLO, S.A.U.","Dirección del operador: Avda Diagonal 468, 4-C. Barcelona. España","Cantidad Neta: 1000 g"],"ingredients":[" Sémola de trigo duro. Puede contener trazas de huevo."],"conservation":" Conservar en lugar fresco y seco","ean":"8410069014627"},{"full_name":"GALLO tallarines nº 3 paquete 500 g","name":"tallarines nº 3 paquete 500 g","brand":"GALLO ","img":"https://sgfm.elcorteingles.es/SGFM/dctm/MEDIA02/CONTENIDOS/201506/24/00118003501162____1__600x600.jpg","price":"0,96 €","price_unit":"(1,92 € / Kilo)","categories":["Supermercado","Alimentación General","Pastas y masas","Tallarines","GALLO tallarines nº 3 paquete 500 g"],"general_information":["Denominación del alimento: PASTA ALIMENTICIA DE CALIDAD SUPERIOR","País de origen: España","Nombre del operador: COMERCIAL GALLO, S.A.U.","Dirección del operador: Avda Diagonal 468, 4-C. Barcelona. España","Cantidad Neta: 500 g"],"ingredients":[" Sémola de trigo duro. Puede contener trazas de huevo."],"conservation":" Mantener en lugar fresco y seco","ean":"8410069002433"},{"full_name":"ALIADA fideo mediano envase 500 g","name":"fideo mediano envase 500 g","brand":"ALIADA ","img":"https://sgfm.elcorteingles.es/SGFM/00/62/0/0118003900620/0118003900620000g01011.jpg","price":"0,72 €","price_unit":"(1,44 € / Kilo)","categories":["Supermercado","Alimentación General","Pastas y masas","Fideos","ALIADA fideo mediano envase 500 g"],"general_information":["Denominación del alimento: Pasta alimenticia de calidad superior","Cantidad Neta: 500 g","Número de raciones por envase: 16 - 17"],"ingredients":[" Ingredientes: Sémola de trigo duro. Puede contener trazas de huevo."],"conservation":" Conservar en un lugar fresco y seco.","ean":"8433329040488"},{"full_name":"ALIADA fideo cabellin envase 750 g","name":"fideo cabellin envase 750 g","brand":"ALIADA ","img":"https://sgfm.elcorteingles.es/SGFM/00/65/3/0118003900653/0118003900653000g01011.jpg","price":"0,64 €","price_unit":"(0,85 € / Kilo)","categories":["Supermercado","Alimentación General","Pastas y masas","Fideos","ALIADA fideo cabellin envase 750 g"],"general_information":["Denominación del alimento: Pasta alimenticia de calidad superior","Cantidad Neta: 750 g","Número de raciones por envase: 18 - 19"],"ingredients":[" Ingredientes: Sémola de trigo duro. Puede contener trazas de huevo."],"conservation":" Conservar en un lugar fresco y seco.","ean":"8433329040518"},{"full_name":"GALLO fideo nº0 paquete 1 kg","name":"fideo nº0 paquete 1 kg","brand":"GALLO ","img":"https://sgfm.elcorteingles.es/SGFM/dctm/MEDIA02/CONTENIDOS/201507/06/00118003900745____1__600x600.jpg","price":"1,76 €","price_unit":"(1,76 € / Kilo)","categories":["Supermercado","Alimentación General","Pastas y masas","Fideos","GALLO fideo nº0 paquete 1 kg"],"general_information":["Denominación del alimento: PASTA ALIMENTICIA DE CALIDAD SUPERIOR","País de origen: España","Nombre del operador: COMERCIAL GALLO, S.A.U.","Dirección del operador: Avda Diagonal 468, 4-C. Barcelona. España","Cantidad Neta: 1000 g"],"ingredients":[" Sémola de trigo duro. Puede contener trazas de huevo."],"conservation":" Mantener en lugar fresco y seco","ean":"8410069003287"},{"full_name":"GALLO fideos nº 0 paquete 500 g","name":"fideos nº 0 paquete 500 g","brand":"GALLO ","img":"https://sgfm.elcorteingles.es/SGFM/dctm/MEDIA02/CONTENIDOS/201505/26/00118003900075____1__600x600.jpg","price":"0,96 €","price_unit":"(1,92 € / Kilo)","categories":["Supermercado","Alimentación General","Pastas y masas","Fideos","GALLO fideos nº 0 paquete 500 g"],"general_information":["Denominación del alimento: PASTA ALIMENTICIA DE CALIDAD SUPERIOR","País de origen: España","Nombre del operador: COMERCIAL GALLO, S.A.U.","Dirección del operador: Avda Diagonal 468, 4-C. Barcelona. España","Cantidad Neta: 600 g"],"ingredients":[" Sémola de trigo duro. Puede contener trazas de huevo."],"conservation":" Mantener en lugar fresco y seco","ean":"8410069016027"},{"full_name":"GALLO fideos nº 4 paquete 500 g","name":"fideos nº 4 paquete 500 g","brand":"GALLO ","img":"https://sgfm.elcorteingles.es/SGFM/dctm/MEDIA02/CONTENIDOS/201505/26/00118003900471____1__600x600.jpg","price":"0,96 €","price_unit":"(1,92 € / Kilo)","categories":["Supermercado","Alimentación General","Pastas y masas","Fideos","GALLO fideos nº 4 paquete 500 g"],"general_information":["Denominación del alimento: PASTA ALIMENTICIA DE CALIDAD SUPERIOR","País de origen: España","Nombre del operador: COMERCIAL GALLO, S.A.U.","Dirección del operador: Avda Diagonal 468, 4-C. Barcelona. España","Cantidad Neta: 500 g"],"ingredients":[" Sémola de trigo duro. Puede contener trazas de huevo."],"conservation":" Mantener en lugar fresco y seco","ean":"8410069002327"},{"full_name":"GALLO fideo fideuá paquete 500 g","name":"fideo fideuá paquete 500 g","brand":"GALLO ","img":"https://sgfm.elcorteingles.es/SGFM/dctm/MEDIA02/CONTENIDOS/201505/26/00118003900125____1__600x600.jpg","price":"0,96 €","price_unit":"(1,92 € / Kilo)","categories":["Supermercado","Alimentación General","Pastas y masas","Fideos","GALLO fideo fideuá paquete 500 g"],"general_information":["Denominación del alimento: PASTA ALIMENTICIA DE CALIDAD SUPERIOR","País de origen: España","Nombre del operador: COMERCIAL GALLO, S.A.U.","Dirección del operador: Avda Diagonal 468, 4-C. Barcelona. España","Cantidad Neta: 500 g"],"ingredients":[" Sémola de trigo duro. Puede contener trazas de huevo."],"conservation":" Mantener en lugar fresco y seco","ean":"8410069002587"},{"full_name":"GALLO fideos sin gluten paquete 500 g","name":"fideos sin gluten paquete 500 g","brand":"GALLO ","img":"https://sgfm.elcorteingles.es/SGFM/dctm/MEDIA03/201706/16/00118003900299____6__600x600.jpg","price":"1,85 €","price_unit":"(3,70 € / Kilo)","categories":["Supermercado","Alimentación General","Pastas y masas","Fideos","GALLO fideos sin gluten paquete 500 g"],"general_information":[],"ingredients":[],"ean":"8410069015402"},{"full_name":"GALLO fideos nº 2 paquete 500 g","name":"fideos nº 2 paquete 500 g","brand":"GALLO ","img":"https://sgfm.elcorteingles.es/SGFM/dctm/MEDIA02/CONTENIDOS/201505/26/00118003900604____1__600x600.jpg","price":"0,96 €","price_unit":"(1,92 € / Kilo)","categories":["Supermercado","Alimentación General","Pastas y masas","Fideos","GALLO fideos nº 2 paquete 500 g"],"general_information":["Denominación del alimento: PASTA ALIMENTICIA DE CALIDAD SUPERIOR","País de origen: España","Nombre del operador: COMERCIAL GALLO, S.A.U.","Dirección del operador: Avda Diagonal 468, 4-C. Barcelona. España","Cantidad Neta: 500 g"],"ingredients":[" Sémola de trigo duro. Puede contener trazas de huevo."],"conservation":" Mantener en lugar fresco y seco","ean":"8410069002303"},{"full_name":"GALLO Bio fideos 100% agricultura ecológica paquete 500 g","name":"Bio fideos 100% agricultura ecológica paquete 500 g","brand":"GALLO ","img":"https://sgfm.elcorteingles.es/SGFM/dctm/MEDIA03/201710/25/00118004600229____1__600x600.jpg","price":"1,64 €","price_unit":"(3,28 € / Kilo)","categories":["Supermercado","Alimentación General","Pastas y masas","Fideos","GALLO Bio fideos 100% agricultura ecológica paquete 500 g"],"general_information":["Denominación del alimento: PASTA ALIMENTICIA DE CALIDAD SUPERIOR","País de origen: España","Nombre del operador: COMERCIAL GALLO, S.A.U.","Dirección del operador: Avda Diagonal 468, 4-C. Barcelona. España","Cantidad Neta: 500 g"],"ingredients":[" Sémola de trigo duro ecológico. Puede contener trazas de huevo."],"conservation":" Mantener en lugar fresco y seco","ean":"8410069015778"},{"full_name":"ROMERO fideo cabello paquete 500 g","name":"fideo cabello paquete 500 g","brand":"ROMERO ","img":"https://sgfm.elcorteingles.es/SGFM/00/14/1/0118003900141/0118003900141000g01011.jpg","price":"0,82 €","price_unit":"(1,64 € / Kilo)","categories":["Supermercado","Alimentación General","Pastas y masas","Fideos","ROMERO fideo cabello paquete 500 g"],"general_information":["Denominación del alimento: Pasta alimenticia de calidad superior","País de origen: España","Nombre del operador: ROMERO","Dirección del operador: Avd. de Madrid nº43-50360 DAROCA (Zaragoza)","Lugar de procedencia del alimento: Fabricado en España","Cantidad Neta: 500 g"],"ingredients":[" Semola de trigo duro. Puede contener trazas de huevo."],"conservation":" Conservar en lugar fresco y seco","ean":"8410693013027"},{"full_name":"ROMERO fideo fideuá paquete 500 g","name":"fideo fideuá paquete 500 g","brand":"ROMERO ","img":"https://sgfm.elcorteingles.es/SGFM/00/69/5/0118003900695/0118003900695000g01011.jpg","price":"0,82 €","price_unit":"(1,64 € / Kilo)","categories":["Supermercado","Alimentación General","Pastas y masas","Fideos","ROMERO fideo fideuá paquete 500 g"],"general_information":["Cantidad Neta: 500 g"],"ingredients":[" Sémola de trigo duro."],"conservation":"Modo de empleo: Hervir la pasta en abundante agua hirviendo, removiendo de vez en cuando, durante 10 minutos aproximadamente , escurrir bien y condimentar al gusto.","ean":"8410693013324"},{"full_name":"SANDRO DESII fideo fideuá fumet pescado paquete 250 g","name":"fideo fideuá fumet pescado paquete 250 g","brand":"SANDRO DESII ","img":"https://sgfm.elcorteingles.es/SGFM/00/64/6/0118004400646/0118004400646000g01011.jpg","price":"3,98 €","price_unit":"(15,92 € / Kilo)","categories":["Supermercado","Alimentación General","Pastas y masas","Fideos","SANDRO DESII fideo fideuá fumet pescado paquete 250 g"],"general_information":["Denominación del alimento: Fideua con Fumet de Pescado","Nombre del operador: La Torinese S.L","Dirección del operador: Calle Manyans, 1, 08292, Esparreguera (Barcelona)","Cantidad Neta: 250 g"],"ingredients":[" Sémola de trigo duro, huevos, caldo de pescado 2% (agua de cocción de rape, bacalao, cebolla, zanahoria, tomate, hinojo, puerro, apio, ajo, aceite de oliva, sal), ajo, pimentón."],"conservation":" Conservar a temperatura ambiente en lugar seco. Preservar de la luz intensa.","ean":"8426254015805"},{"full_name":"SANDRO DESII fideos tinta de calamar paquete 250 g","name":"fideos tinta de calamar paquete 250 g","brand":"SANDRO DESII ","img":"https://sgfm.elcorteingles.es/SGFM/00/59/6/0118004400596/0118004400596000g01011.jpg","price":"3,95 €","price_unit":"(13,62 € / Kilo)","categories":["Supermercado","Alimentación General","Pastas y masas","Fideos","SANDRO DESII fideos tinta de calamar paquete 250 g"],"general_information":["Denominación del alimento: Fideua de Tinta de Calamar","Nombre del operador: La Torinese S.L","Dirección del operador: Calle Manyans, 1, 08292, Esparreguera (Barcelona)","Cantidad Neta: 250 g"],"ingredients":[" Sémola de trigo duro, huevo, tinta de calamar 2%, ajo."],"conservation":" Conservar a temperatura ambiente en lugar seco. Preservar de la luz intensa.","ean":"8426254015829"},{"full_name":"ALIADA pasta para sopa maravilla envase 500 g","name":"pasta para sopa maravilla envase 500 g","brand":"ALIADA ","img":"https://sgfm.elcorteingles.es/SGFM/00/63/8/0118003900638/0118003900638000g01011.jpg","price":"0,60 €","price_unit":"(1,20 € / Kilo)","categories":["Supermercado","Alimentación General","Pastas y masas","Pastas para sopa","ALIADA pasta para sopa maravilla envase 500 g"],"general_information":["Denominación del alimento: Pasta alimenticia de calidad superior","Cantidad Neta: 500 g","Número de raciones por envase: 12 - 13"],"ingredients":[" Ingredientes: Sémola de trigo duro. Puede contener trazas de huevo."],"conservation":" Conservar en un lugar fresco y seco.","ean":"8433329040495"},{"full_name":"ALIADA pastas para sopa estrellas envase 500 g","name":"pastas para sopa estrellas envase 500 g","brand":"ALIADA ","img":"https://sgfm.elcorteingles.es/SGFM/00/64/6/0118003900646/0118003900646000g01011.jpg","price":"0,79 €","price_unit":"(1,58 € / Kilo)","categories":["Supermercado","Alimentación General","Pastas y masas","Pastas para sopa","ALIADA pastas para sopa estrellas envase 500 g"],"general_information":["Denominación del alimento: Pasta alimenticia de calidad superior","Cantidad Neta: 500 g","Número de raciones por envase: 12 - 13"],"ingredients":[" Ingredientes: Sémola de trigo duro. Puede contener trazas de huevo."],"conservation":" Conservar en un lugar fresco y seco.","ean":"8433329040501"},{"full_name":"GALLO pasta para sopa maravilla paquete 500 g","name":"pasta para sopa maravilla paquete 500 g","brand":"GALLO ","img":"https://sgfm.elcorteingles.es/SGFM/dctm/MEDIA02/CONTENIDOS/201506/24/00118003900042____1__600x600.jpg","price":"0,96 €","price_unit":"(1,92 € / Kilo)","categories":["Supermercado","Alimentación General","Pastas y masas","Pastas para sopa","GALLO pasta para sopa maravilla paquete 500 g"],"general_information":["Denominación del alimento: PASTA ALIMENTICIA DE CALIDAD SUPERIOR","País de origen: España","Nombre del operador: COMERCIAL GALLO, S.A.U.","Dirección del operador: Avda Diagonal 468, 4-C. Barcelona. España","Cantidad Neta: 500 g"],"ingredients":[" Sémola de trigo duro. Puede contener trazas de huevo."],"conservation":" Mantener en lugar fresco y seco","ean":"8410069002020"},{"full_name":"GALLO pasta para sopa estrellas paquete 500 g","name":"pasta para sopa estrellas paquete 500 g","brand":"GALLO ","img":"https://sgfm.elcorteingles.es/SGFM/dctm/MEDIA02/CONTENIDOS/201505/26/00118003900059____1__600x600.jpg","price":"0,96 €","price_unit":"(1,92 € / Kilo)","categories":["Supermercado","Alimentación General","Pastas y masas","Pastas para sopa","GALLO pasta para sopa estrellas paquete 500 g"],"general_information":["Denominación del alimento: PASTA ALIMENTICIA DE CALIDAD SUPERIOR","País de origen: España","Nombre del operador: COMERCIAL GALLO, S.A.U.","Dirección del operador: Avda Diagonal 468, 4-C. Barcelona. España","Cantidad Neta: 500 g"],"ingredients":[" Sémola de trigo duro. Puede contener trazas de huevo."],"conservation":" Mantener en lugar fresco y seco","ean":"8410069002044"},{"full_name":"ROMERO pasta para sopa tiburones paquete 500 g","name":"pasta para sopa tiburones paquete 500 g","brand":"ROMERO ","img":"https://sgfm.elcorteingles.es/SGFM/01/36/0/0118003501360/0118003501360000g01011.jpg","price":"0,82 €","price_unit":"(1,64 € / Kilo)","categories":["Supermercado","Alimentación General","Pastas y masas","Pastas para sopa","ROMERO pasta para sopa tiburones paquete 500 g"],"general_information":["Denominación del alimento: Pasta seca a base de Trigo","Nombre del operador: PASTAS ALIMENTICIAS ROMERO S.A","Dirección del operador: Avda.Madrid, 43. 50360 DAROCA. ZARAGOZA (ESPAÑA)","Cantidad Neta: 500 g"],"ingredients":[" Sémola de trigo duro."],"conservation":"Modo de empleo: Hervir la pasta en abundante agua hirviendo, removiendo de vez en cuando, durante 10 minutos aproximadamente , escurrir bien y condimentar al gusto.","ean":"8410693012624"},{"full_name":"ROMERO pasta para sopa maravilla paquete 500 g","name":"pasta para sopa maravilla paquete 500 g","brand":"ROMERO ","img":"https://sgfm.elcorteingles.es/SGFM/00/16/6/0118003900166/0118003900166000g01011.jpg","price":"0,82 €","price_unit":"(1,64 € / Kilo)","categories":["Supermercado","Alimentación General","Pastas y masas","Pastas para sopa","ROMERO pasta para sopa maravilla paquete 500 g"],"general_information":["Denominación del alimento: Pasta seca a base de Trigo","Nombre del operador: PASTAS ALIMENTICIAS ROMERO S.A","Dirección del operador: Avda.Madrid, 43,   50360 DAROCA. ZARAGOZA (ESPAÑA)","Cantidad Neta: 500 g"],"ingredients":[" Sémola de trigo duro."],"conservation":"Modo de empleo: Hervir la pasta en abundante agua hirviendo, removiendo de vez en cuando, durante 8 minutos aproximadamente , escurrir bien y condimentar al gusto.","ean":"8410693011023"},{"full_name":"ROMERO pasta para sopa pepitas paquete 500 g","name":"pasta para sopa pepitas paquete 500 g","brand":"ROMERO ","img":"https://sgfm.elcorteingles.es/SGFM/00/70/3/0118003900703/0118003900703000g01011.jpg","price":"0,82 €","price_unit":"(1,64 € / Kilo)","categories":["Supermercado","Alimentación General","Pastas y masas","Pastas para sopa","ROMERO pasta para sopa pepitas paquete 500 g"],"general_information":["Denominación del alimento: Pasta seca a base de Trigo","Nombre del operador: PASTAS ALIMENTICIAS ROMERO S.A","Dirección del operador: Avda.Madrid, 43,   50360 DAROCA. ZARAGOZA (ESPAÑA)","Cantidad Neta: 500 g"],"ingredients":[" Sémola de trigo duro."],"conservation":"Modo de empleo: Hervir la pasta en abundante agua hirviendo, removiendo de vez en cuando, durante 8 minutos aproximadamente , escurrir bien y condimentar al gusto.","ean":"8410693011221"},{"full_name":"ALIADA macarrones al huevo paquete 500 g","name":"macarrones al huevo paquete 500 g","brand":"ALIADA ","img":"https://sgfm.elcorteingles.es/SGFM/01/12/1/0118003501121/0118003501121000g01011.jpg","price":"0,99 €","price_unit":"(1,98 € / Kilo)","categories":["Supermercado","Alimentación General","Pastas y masas","Pasta al huevo","ALIADA macarrones al huevo paquete 500 g"],"general_information":["Denominación del alimento: Pasta alimenticia compuesta de calidad superior","Cantidad Neta: 500 g","Número de raciones por envase: 5"],"ingredients":[" Ingredientes: Sémola de trigo duro y huevo (13%)."],"conservation":" Conservar en un lugar fresco y seco.","ean":"8433329040525"},{"full_name":"ALIADA espaguetis al huevo paquete 500 g","name":"espaguetis al huevo paquete 500 g","brand":"ALIADA ","img":"https://sgfm.elcorteingles.es/SGFM/01/13/9/0118003501139/0118003501139000g01011.jpg","price":"0,99 €","price_unit":"(1,98 € / Kilo)","categories":["Supermercado","Alimentación General","Pastas y masas","Pasta al huevo","ALIADA espaguetis al huevo paquete 500 g"],"general_information":["Denominación del alimento: Pasta alimenticia compuesta de calidad superior","Cantidad Neta: 500 g","Número de raciones por envase: 6 - 7"],"ingredients":[" Ingredientes: Sémola de trigo duro y huevo (13%)."],"conservation":" Conservar en un lugar fresco y seco.","ean":"8433329040532"},{"full_name":"ALIADA espirales al huevo paquete 500 g","name":"espirales al huevo paquete 500 g","brand":"ALIADA ","img":"https://sgfm.elcorteingles.es/SGFM/01/14/7/0118003501147/0118003501147000g01011.jpg","price":"0,93 €","price_unit":"(1,86 € / Kilo)","categories":["Supermercado","Alimentación General","Pastas y masas","Pasta al huevo","ALIADA espirales al huevo paquete 500 g"],"general_information":["Denominación del alimento: Pasta alimenticia compuesta de calidad superior","Cantidad Neta: 500 g","Número de raciones por envase: 6 - 7"],"ingredients":[" Ingredientes: Sémola de trigo duro y huevo (13%). Puede contener trazas de huevo."],"conservation":" Conservar en un lugar fresco y seco.","ean":"8433329040549"},{"full_name":"ALIADA nidos al huevo paquete 400 g","name":"nidos al huevo paquete 400 g","brand":"ALIADA ","img":"https://sgfm.elcorteingles.es/SGFM/01/15/4/0118003501154/0118003501154000g01011.jpg","price":"0,97 €","price_unit":"(2,42 € / Kilo)","categories":["Supermercado","Alimentación General","Pastas y masas","Pasta al huevo","ALIADA nidos al huevo paquete 400 g"],"general_information":["Denominación del alimento: Pasta alimenticia compuesta de calidad superior","Cantidad Neta: 400 g","Número de raciones por envase: 5"],"ingredients":[" Ingredientes: Sémola de trigo duro y huevo (13%). Puede contener trazas de huevo."],"conservation":" Conservar en un lugar fresco y seco.","ean":"8433329040556"},{"full_name":"GALLO pasta fettuccine al huevo paquete 500 g","name":"pasta fettuccine al huevo paquete 500 g","brand":"GALLO ","img":"https://sgfm.elcorteingles.es/SGFM/01/88/1/0118003501881/0118003501881000g01011.jpg","price":"1,48 €","price_unit":"(2,96 € / Kilo)","categories":["Supermercado","Alimentación General","Pastas y masas","Pasta al huevo","GALLO pasta fettuccine al huevo paquete 500 g"],"general_information":["Denominación del alimento: PASTA ALIMENTICIA AL HUEVO","País de origen: España","Nombre del operador: COMERCIAL GALLO, S.A.U.","Dirección del operador: Avda Diagonal 468, 4-C. Barcelona. España","Cantidad Neta: 500 g"],"ingredients":[" Sémola de trigo duro, huevos (13%)"],"conservation":" Mantener en lugar fresco y seco","ean":"8410069010346"},{"full_name":"GALLO pasta tagliata al huevo paquete 500 g","name":"pasta tagliata al huevo paquete 500 g","brand":"GALLO ","img":"https://sgfm.elcorteingles.es/SGFM/01/87/0/0200103501870/0200103501870000g01011.jpg","price":"1,48 €","price_unit":"(2,96 € / Kilo)","categories":["Supermercado","Alimentación General","Pastas y masas","Pasta al huevo","GALLO pasta tagliata al huevo paquete 500 g"],"general_information":[],"ingredients":[],"ean":"8410069010438"},{"full_name":"GALLO espaguettini al huevo paquete 500 g","name":"espaguettini al huevo paquete 500 g","brand":"GALLO ","img":"https://sgfm.elcorteingles.es/SGFM/01/21/2/0118003501212/0118003501212000g01011.jpg","price":"1,48 €","price_unit":"(2,96 € / Kilo)","categories":["Supermercado","Alimentación General","Pastas y masas","Pasta al huevo","GALLO espaguettini al huevo paquete 500 g"],"general_information":["Denominación del alimento: PASTA ALIMENTICIA AL HUEVO","País de origen: España","Nombre del operador: COMERCIAL GALLO, S.A.U.","Dirección del operador: Avda Diagonal 468, 4-C. Barcelona. España","Cantidad Neta: 500 g"],"ingredients":[" Sémola de trigo duro, huevos (13%)"],"conservation":" Mantener en lugar fresco y seco","ean":"8410069006455"},{"full_name":"GALLO maccheroni al huevo paquete 500 g","name":"maccheroni al huevo paquete 500 g","brand":"GALLO ","img":"https://sgfm.elcorteingles.es/SGFM/01/22/0/0118003501220/0118003501220000g01011.jpg","price":"1,48 €","price_unit":"(2,96 € / Kilo)","categories":["Supermercado","Alimentación General","Pastas y masas","Pasta al huevo","GALLO maccheroni al huevo paquete 500 g"],"general_information":["Denominación del alimento: PASTA ALIMENTICIA AL HUEVO","País de origen: España","Nombre del operador: COMERCIAL GALLO, S.A.U.","Dirección del operador: Avda Diagonal 468, 4-C. Barcelona. España","Cantidad Neta: 500 g"],"ingredients":[" Sémola de trigo duro, huevos (13%)"],"conservation":" Mantener en lugar fresco y seco","ean":"8410069006264"},{"full_name":"GALLO galet de Navidad al huevo caja 450 g","name":"galet de Navidad al huevo caja 450 g","brand":"GALLO ","img":"https://sgfm.elcorteingles.es/SGFM/dctm/MEDIA03/201612/08/00118003501428____4__600x600.jpg","price":"1,59 €","price_unit":"(3,53 € / Kilo)","categories":["Supermercado","Alimentación General","Pastas y masas","Pasta al huevo","GALLO galet de Navidad al huevo caja 450 g"],"general_information":["Denominación del alimento: PASTA ALIMENTICIA AL HUEVO","País de origen: España","Nombre del operador: COMERCIAL GALLO, S.A.U.","Dirección del operador: Avda Diagonal 468, 4-C. Barcelona. España","Cantidad Neta: 450 g"],"ingredients":[" Sémola de trigo duro, huevos (16,7%)"],"conservation":" Mantener en lugar fresco y seco","ean":"8410069006196"},{"full_name":"BARILLA tagliatelle al huevo caja 500 g","name":"tagliatelle al huevo caja 500 g","brand":"BARILLA ","img":"https://sgfm.elcorteingles.es/SGFM/02/18/6/0118003502186/0118003502186000g01011.jpg","price":"2,28 €","price_unit":"(4,56 € / Kilo)","categories":["Supermercado","Alimentación General","Pastas y masas","Pasta al huevo","BARILLA tagliatelle al huevo caja 500 g"],"general_information":["Denominación del alimento: PASTA ALIMENTICIA DE SÉMOLA DE TRIGO DURO AL HUEVO","País de origen: Italia","Nombre del operador: Barilla G. e R. Fratelli","Dirección del operador: Via Mantova 166, Parma - Italy","Cantidad Neta: 500 g"],"ingredients":[" Sémola de TRIGO duro, HUEVO (19,36%)."],"conservation":" Conservar en lugar fresco y seco","ean":"8076808201293"},{"full_name":"DELVERDE tagliatelle al huevo paquete 250 g","name":"tagliatelle al huevo paquete 250 g","brand":"DELVERDE ","img":"https://sgfm.elcorteingles.es/SGFM/dctm/MEDIA03/201710/17/00118004403558____3__600x600.jpg","price":"1,75 €","price_unit":"(7 € / Kilo)","categories":["Supermercado","Alimentación General","Pastas y masas","Pasta al huevo","DELVERDE tagliatelle al huevo paquete 250 g"],"general_information":["Denominación del alimento: Pasta de sémola de trigo duro con huevo.","Nombre del operador: Negrini S.L.","Dirección del operador: C/Herreros, 5 Pol. Industrial Los Angeles 28906 Getafe (Madrid).","Cantidad Neta: 250 g","Otras menciones obligatorias en la etiqueta: Otros registros: 40.10735/CAT y 40.00020871/M"],"ingredients":[" sémola de trigo duro, huevos (19%), agua. Cereales que contienen gluten y productos derivados. Huevos y productos a base de huevos."],"conservation":" Conservar en lugar fresco y seco.","ean":"8006680040918"},{"full_name":"DELVERDE fettuccine al huevo paquete 250 g","name":"fettuccine al huevo paquete 250 g","brand":"DELVERDE ","img":"https://sgfm.elcorteingles.es/SGFM/dctm/MEDIA03/201710/17/00118004403541____2__600x600.jpg","price":"1,75 €","price_unit":"(7 € / Kilo)","categories":["Supermercado","Alimentación General","Pastas y masas","Pasta al huevo","DELVERDE fettuccine al huevo paquete 250 g"],"general_information":["Denominación del alimento: Pasta de sémola de trigo duro con huevo.","Nombre del operador: Negrini S.L.","Dirección del operador: C/Herreros, 5 Pol. Industrial Los Angeles 28906 Getafe (Madrid).","Cantidad Neta: 250 g","Otras menciones obligatorias en la etiqueta: Otros registros: 40.10735/CAT y 40.00020871/M"],"ingredients":[" sémola de trigo duro, huevos (19%), agua. Cereales que contienen gluten y productos derivados. Huevos y productos a base de huevos."],"conservation":" Conservar en lugar fresco y seco.","ean":"8006680040895"},{"full_name":"MARCO CASTIGLIONE parpadelle al huevo paquete 250 g","name":"parpadelle al huevo paquete 250 g","brand":"MARCO CASTIGLIONE ","img":"https://sgfm.elcorteingles.es/SGFM/00/49/7/0118004400497/0118004400497000g01011.jpg","price":"2,00 €","price_unit":"(8 € / Kilo)","categories":["Supermercado","Alimentación General","Pastas y masas","Pasta al huevo","MARCO CASTIGLIONE parpadelle al huevo paquete 250 g"],"general_information":[],"ingredients":[],"ean":"8436007945099"},{"full_name":"MARCO CASTIGLIONE tagliolini al huevo paquete 250 g","name":"tagliolini al huevo paquete 250 g","brand":"MARCO CASTIGLIONE ","img":"https://sgfm.elcorteingles.es/SGFM/00/50/5/0118004400505/0118004400505000g01011.jpg","price":"2,00 €","price_unit":"(8 € / Kilo)","categories":["Supermercado","Alimentación General","Pastas y masas","Pasta al huevo","MARCO CASTIGLIONE tagliolini al huevo paquete 250 g"],"general_information":[],"ingredients":[],"ean":"8436007945112"},{"full_name":"SANDRO DESII manicotti al huevo paquete 500 g","name":"manicotti al huevo paquete 500 g","brand":"SANDRO DESII ","img":"https://sgfm.elcorteingles.es/SGFM/dctm/MEDIA02/CONTENIDOS/201508/27/00200104404553____1__600x600.jpg","price":"3,25 €","price_unit":"(6,50 € / Kilo)","categories":["Supermercado","Alimentación General","Pastas y masas","Pasta al huevo","SANDRO DESII manicotti al huevo paquete 500 g"],"general_information":[],"ingredients":[],"ean":"8426254111255"},{"full_name":"SANDRO DESII nastrini al huevo paquete 500 g","name":"nastrini al huevo paquete 500 g","brand":"SANDRO DESII ","img":"https://sgfm.elcorteingles.es/SGFM/dctm/MEDIA02/CONTENIDOS/201508/26/00200104404587____1__600x600.jpg","price":"3,70 €","price_unit":"(7,40 € / Kilo)","categories":["Supermercado","Alimentación General","Pastas y masas","Pasta al huevo","SANDRO DESII nastrini al huevo paquete 500 g"],"general_information":[],"ingredients":[],"ean":"8426254111224"},{"full_name":"LOS LOSITOS tagliolini al huevo caja 250 g","name":"tagliolini al huevo caja 250 g","brand":"LOS LOSITOS ","img":"https://sgfm.elcorteingles.es/SGFM/dctm/MEDIA03/201604/12/00118004404614____1__600x600.jpg","price":"3,85 €","categories":["Supermercado","Alimentación General","Pastas y masas","Pasta al huevo","LOS LOSITOS tagliolini al huevo caja 250 g"],"general_information":["Denominación del alimento: Pasta tagliolini al huevo-Los Lositos","País de origen: Italia","Nombre del operador: Inasa Import S.L","Dirección del operador: Calle Zurbarán 7. entreplanta 4-28010 Madrid","Lugar de procedencia del alimento: Italia","Cantidad Neta: 250 g","Número de raciones por envase: 2"],"ingredients":[" Sémola de trigo duro, huevos 22%, Contiene gluten y huevos, Puede contener trazas de productos a base de moluscos,"],"conservation":" Almacenar en un lugar fresco y seco.","ean":"8437013738026"},{"full_name":"EL CORTE INGLES pasta italiana farfalle paquete 500 g","name":"pasta italiana farfalle paquete 500 g","brand":"EL CORTE INGLES ","img":"https://sgfm.elcorteingles.es/SGFM/dctm/MEDIA03/201609/23/00118004404747____1__600x600.jpg","price":"1,46 €            ","price_unit":"(2,80 € / Kilo)","categories":["Supermercado","Alimentación General","Pastas y masas","Pastas diversas","EL CORTE INGLES pasta italiana farfalle paquete 500 g"],"general_information":["Denominación del alimento: Pasta de sémola de trigo duro","Lugar de procedencia del alimento: Producto de Italia","Cantidad Neta: 500 g","Número de raciones por envase: 6 aproximadame"],"ingredients":[" Ingredientes: Sémola de trigo, agua Puede contener trazas de huevos"],"conservation":" Conservar en lugar fresco y seco","ean":"8433329073219"},{"full_name":"EL CORTE INGLES pasta italiana radiatori paquete 500 g","name":"pasta italiana radiatori paquete 500 g","brand":"EL CORTE INGLES ","img":"https://sgfm.elcorteingles.es/SGFM/dctm/MEDIA03/201609/23/00118004404713____1__600x600.jpg","price":"1,46 €            ","price_unit":"(2,80 € / Kilo)","categories":["Supermercado","Alimentación General","Pastas y masas","Pastas diversas","EL CORTE INGLES pasta italiana radiatori paquete 500 g"],"general_information":["Denominación del alimento: Pasta de sémola de trigo duro","Lugar de procedencia del alimento: Producto de Italia","Cantidad Neta: 500 g","Número de raciones por envase: 6 aproximadame"],"ingredients":[" Ingredientes: Sémola de trigo, agua Puede contener trazas de huevos"],"conservation":" Conservar en lugar fresco y seco","ean":"8433329073189"},{"full_name":"EL CORTE INGLES pasta italiana maccheroni paquete 500 g","name":"pasta italiana maccheroni paquete 500 g","brand":"EL CORTE INGLES ","img":"https://sgfm.elcorteingles.es/SGFM/dctm/MEDIA03/201609/23/00118004404739____1__600x600.jpg","price":"1,46 €            ","price_unit":"(2,80 € / Kilo)","categories":["Supermercado","Alimentación General","Pastas y masas","Pastas diversas","EL CORTE INGLES pasta italiana maccheroni paquete 500 g"],"general_information":["Denominación del alimento: Pasta de sémola de trigo duro","Lugar de procedencia del alimento: Producto de Italia","Cantidad Neta: 500 g","Número de raciones por envase: 6 aproximadame"],"ingredients":[" Ingredientes: Sémola de trigo, agua Puede contener trazas de huevos"],"conservation":" Conservar en lugar fresco y seco","ean":"8433329073202"},{"full_name":"ALIADA espirales envase 500 g","name":"espirales envase 500 g","brand":"ALIADA ","img":"https://sgfm.elcorteingles.es/SGFM/01/09/7/0118003501097/0118003501097000g01011.jpg","price":"0,63 €","price_unit":"(1,26 € / Kilo)","categories":["Supermercado","Alimentación General","Pastas y masas","Pastas diversas","ALIADA espirales envase 500 g"],"general_information":["Denominación del alimento: Pasta alimenticia de calidad superior","Cantidad Neta: 500 g","Número de raciones por envase: 6 - 7"],"ingredients":[" Ingredientes: Sémola de trigo duro. Puede contener trazas de huevo."],"conservation":" Conservar en un lugar fresco y seco.","ean":"8433329040440"},{"full_name":"ALIADA tiburón/conchas envase 500 g","name":"tiburón/conchas envase 500 g","brand":"ALIADA ","img":"https://sgfm.elcorteingles.es/SGFM/01/08/9/0118003501089/0118003501089000g01011.jpg","price":"0,60 €","price_unit":"(1,20 € / Kilo)","categories":["Supermercado","Alimentación General","Pastas y masas","Pastas diversas","ALIADA tiburón/conchas envase 500 g"],"general_information":["Denominación del alimento: Pasta alimenticia de calidad superior","Cantidad Neta: 500 g","Número de raciones por envase: 5"],"ingredients":[" Ingredientes: Sémola de trigo duro. Puede contener trazas de huevo."],"conservation":" Conservar en un lugar fresco y seco.","ean":"8433329040433"},{"full_name":"ALIADA pajaritas con vegetales paquete 500 g","name":"pajaritas con vegetales paquete 500 g","brand":"ALIADA ","img":"https://sgfm.elcorteingles.es/SGFM/00/23/8/0118003600238/0118003600238000g01011.jpg","price":"0,89 €","price_unit":"(1,78 € / Kilo)","categories":["Supermercado","Alimentación General","Pastas y masas","Pastas diversas","ALIADA pajaritas con vegetales paquete 500 g"],"general_information":["Denominación del alimento: Pasta alimenticia compuesta de calidad superior","Cantidad Neta: 500 g","Número de raciones por envase: 6 - 7"],"ingredients":[" Ingredientes: Pasta simple (sémola de trigo duro), pasta al tomate (sémola de trigo duro, tomate deshidratado (3%)) y pasta a la espinaca (sémola de trigo duro y espinacas deshidratadas (2%)). Puede contener trazas de huevo."],"conservation":" Conservar en un lugar fresco y seco.","ean":"8433329040570"},{"full_name":"ALIADA espirales con vegetales paquete 750 g","name":"espirales con vegetales paquete 750 g","brand":"ALIADA ","img":"https://sgfm.elcorteingles.es/SGFM/00/25/3/0118003600253/0118003600253000g01011.jpg","price":"0,85 €","price_unit":"(1,13 € / Kilo)","categories":["Supermercado","Alimentación General","Pastas y masas","Pastas diversas","ALIADA espirales con vegetales paquete 750 g"],"general_information":["Denominación del alimento: Pasta alimenticia compuesta de calidad superior","Cantidad Neta: 750 g","Número de raciones por envase: 9 - 10"],"ingredients":[" Ingredientes: Pasta simple (sémola de trigo duro), pasta al tomate (sémola de trigo duro, tomate deshidratado (3%)), pasta a la espinaca (sémola de trigo duro y espinacas deshidratadas (2%)). Puede contener trazas de huevo."],"conservation":" Conservar en un lugar fresco y seco.","ean":"8433329040594"},{"full_name":"ALIADA letras con vegetales paquete 500 g","name":"letras con vegetales paquete 500 g","brand":"ALIADA ","img":"https://sgfm.elcorteingles.es/SGFM/00/24/6/0118003600246/0118003600246000g01011.jpg","price":"0,99 €","price_unit":"(1,98 € / Kilo)","categories":["Supermercado","Alimentación General","Pastas y masas","Pastas diversas","ALIADA letras con vegetales paquete 500 g"],"general_information":["Denominación del alimento: Pasta alimenticia compuesta de calidad superior","Cantidad Neta: 500 g","Número de raciones por envase: 10"],"ingredients":[" Ingredientes: Pasta simple (sémola de trigo duro), pasta al tomate (sémola de trigo duro, tomate deshidratado (3%)), pasta a la espinaca (sémola de trigo duro y espinacas deshidratadas (2%)). Puede contener trazas de huevo."],"conservation":" Conservar en un lugar fresco y seco.","ean":"8433329040587"},{"full_name":"BARILLA pasta bavette caja 500 g","name":"pasta bavette caja 500 g","brand":"BARILLA ","img":"https://sgfm.elcorteingles.es/SGFM/01/45/1/0118003501451/0118003501451000g01011.jpg","price":"1,28 €","price_unit":"(2,56 € / Kilo)","categories":["Supermercado","Alimentación General","Pastas y masas","Pastas diversas","BARILLA pasta bavette caja 500 g"],"general_information":["Denominación del alimento: PASTA ALIMENTICIA DE SÉMOLA DE TRIGO DURO","País de origen: Italia","Nombre del operador: Barilla G. e R. Fratelli","Dirección del operador: Via Mantova 166, Parma - Italy","Cantidad Neta: 500 g"],"ingredients":[" Sémola de TRIGO duro, agua. Puede contener trazas de huevo si se ha producido en la fábrica indicada con la letra (A) indicada junto a la fecha de caducidad."],"conservation":" Conservar en lugar fresco y seco","ean":"8076800195132"},{"full_name":"BARILLA capellini nº 1 caja 500 g","name":"capellini nº 1 caja 500 g","brand":"BARILLA ","img":"https://sgfm.elcorteingles.es/SGFM/02/17/8/0118003502178/0118003502178000g01011.jpg","price":"1,28 €","price_unit":"(2,56 € / Kilo)","categories":["Supermercado","Alimentación General","Pastas y masas","Pastas diversas","BARILLA capellini nº 1 caja 500 g"],"general_information":["Denominación del alimento: PASTA ALIMENTICIA DE SÉMOLA DE TRIGO DURO","País de origen: Italia","Nombre del operador: Barilla G. e R. Fratelli","Dirección del operador: Via Mantova 166, Parma - Italy","Cantidad Neta: 500 g"],"ingredients":[" Sémola de TRIGO duro, agua. Puede contener trazas de huevo si se ha producido en la fábrica indicada con la letra (A) indicada junto a la fecha de caducidad."],"conservation":" Conservar en lugar fresco y seco","ean":"8076800195019"},{"full_name":"BARILLA fusilli envase 500 g","name":"fusilli envase 500 g","brand":"BARILLA ","img":"https://sgfm.elcorteingles.es/SGFM/dctm/MEDIA02/CONTENIDOS/201408/20/00118003501311____1__600x600.jpg","price":"1,28 €","price_unit":"(2,56 € / Kilo)","categories":["Supermercado","Alimentación General","Pastas y masas","Pastas diversas","BARILLA fusilli envase 500 g"],"general_information":[],"ingredients":[],"ean":"8076809523486"},{"full_name":"BARILLA farfalle caja 500 g","name":"farfalle caja 500 g","brand":"BARILLA ","img":"https://sgfm.elcorteingles.es/SGFM/dctm/MEDIA02/CONTENIDOS/201408/20/00118003501287____1__600x600.jpg","price":"1,28 €","price_unit":"(2,56 € / Kilo)","categories":["Supermercado","Alimentación General","Pastas y masas","Pastas diversas","BARILLA farfalle caja 500 g"],"general_information":[],"ingredients":[],"ean":"8076809516440"},{"full_name":"BARILLA tortiglioni caja 500 g","name":"tortiglioni caja 500 g","brand":"BARILLA ","img":"https://sgfm.elcorteingles.es/SGFM/01/02/2/0118003501022/0118003501022000g01011.jpg","price":"1,28 €","price_unit":"(2,56 € / Kilo)","categories":["Supermercado","Alimentación General","Pastas y masas","Pastas diversas","BARILLA tortiglioni caja 500 g"],"general_information":["Denominación del alimento: PASTA ALIMENTICIA DE SÉMOLA DE TRIGO DURO","País de origen: Italia","Nombre del operador: Barilla G. e R. Fratelli","Dirección del operador: Via Mantova 166, Parma - Italy","Cantidad Neta: 500 g"],"ingredients":[" Sémola de TRIGO duro, agua. Puede contener trazas de huevo si se ha producido en la fábrica indicada con la letra (A) indicada junto a la fecha de caducidad."],"conservation":" Conservar en lugar fresco y seco","ean":"8076802085837"},{"full_name":"BARILLA tagliatelle caja 500 g","name":"tagliatelle caja 500 g","brand":"BARILLA ","img":"https://sgfm.elcorteingles.es/SGFM/dctm/MEDIA03/201603/31/00118003502442____1__600x600.jpg","price":"2,28 €","price_unit":"(4,56 € / Kilo)","categories":["Supermercado","Alimentación General","Pastas y masas","Pastas diversas","BARILLA tagliatelle caja 500 g"],"general_information":["Denominación del alimento: PASTA ALIMENTICIA DE SÉMOLA DE TRIGO DURO","País de origen: Italia","Nombre del operador: Barilla G. e R. Fratelli","Dirección del operador: Via Mantova 166, Parma - Italy","Cantidad Neta: 500 g"],"ingredients":[" Sémola de TRIGO duro, agua. Puede contener trazas de huevo si se ha producido en la fábrica indicada con la letra (A) indicada junto a la fecha de caducidad."],"conservation":" Conservar en lugar fresco y seco","ean":"8076809523714"},{"full_name":"BARILLA Collezione Orecchiette caja 500 g","name":"Collezione Orecchiette caja 500 g","brand":"BARILLA ","img":"https://sgfm.elcorteingles.es/SGFM/dctm/MEDIA03/201709/04/00118003502749____5__600x600.jpg","price":"1,65 €","price_unit":"(3,30 € / Kilo)","categories":["Supermercado","Alimentación General","Pastas y masas","Pastas diversas","BARILLA Collezione Orecchiette caja 500 g"],"general_information":[],"ingredients":[],"ean":"8076809519977"},{"full_name":"BARILLA Collezione Mafalda Corte caja 500 g","name":"Collezione Mafalda Corte caja 500 g","brand":"BARILLA ","img":"https://sgfm.elcorteingles.es/SGFM/dctm/MEDIA03/201709/04/00118003502756____5__600x600.jpg","price":"1,65 €","price_unit":"(3,30 € / Kilo)","categories":["Supermercado","Alimentación General","Pastas y masas","Pastas diversas","BARILLA Collezione Mafalda Corte caja 500 g"],"general_information":[],"ingredients":[],"ean":"8076809542975"},{"full_name":"EL PAVO galets de Navidad bolsa 250 g","name":"galets de Navidad bolsa 250 g","brand":"EL PAVO ","img":"https://sgfm.elcorteingles.es/SGFM/01/41/7/0200103501417/0200103501417000g01011.jpg","price":"0,95 €","price_unit":"(3,80 € / Kilo)","categories":["Supermercado","Alimentación General","Pastas y masas","Pastas diversas","EL PAVO galets de Navidad bolsa 250 g"],"general_information":["Denominación del alimento: Galets al huevo.","Nombre del operador: Gallina Blanca S.A.U","Dirección del operador: Pl. Europa 42 (08902 Hospitalet de Llobregat, Barcelona).","Cantidad Neta: 250 g"],"ingredients":[" Sémola de trigo duro y huevo entero pasteurizado (15% por kg de sémola)"],"conservation":" Conservar en lugar fresco y seco, y al abrigo de la luz.","ean":"8410173006143"},{"full_name":"DELVERDE tagliatelle integrali bio paquete 250 g","name":"tagliatelle integrali bio paquete 250 g","brand":"DELVERDE ","img":"https://sgfm.elcorteingles.es/SGFM/dctm/MEDIA02/CONTENIDOS/201601/26/00118004404499____2__600x600.jpg","price":"1,75 €","price_unit":"(7 € / Kilo)","categories":["Supermercado","Alimentación General","Pastas y masas","Pastas diversas","DELVERDE tagliatelle integrali bio paquete 250 g"],"general_information":["Denominación del alimento: Pasta integral biologica","Nombre del operador: Negrini S.L.","Dirección del operador: C/Herreros, 5 Pol. Industrial Los Angeles 28906 Getafe (Madrid).","Cantidad Neta: 250 g"],"ingredients":[" Semola de trigo duro. Contiene Cereales con gluten y productos derivados. Puede contener huevos y productos lacteos."],"conservation":" Conservar en lugar fresco y seco.","ean":"8006680041823"},{"full_name":"DELVERDE tagliatelle a las espincacas paquete 250 g","name":"tagliatelle a las espincacas paquete 250 g","brand":"DELVERDE ","img":"https://sgfm.elcorteingles.es/SGFM/dctm/MEDIA03/201710/17/00118004403566____2__600x600.jpg","price":"1,75 €","price_unit":"(7 € / Kilo)","categories":["Supermercado","Alimentación General","Pastas y masas","Pastas diversas","DELVERDE tagliatelle a las espincacas paquete 250 g"],"general_information":["Denominación del alimento: Pasta de sémola de trigo duro con espinacas.","Nombre del operador: Negrini S.L.","Dirección del operador: C/Herreros, 5 Pol. Industrial Los Angeles 28906 Getafe (Madrid).","Cantidad Neta: 250 g","Otras menciones obligatorias en la etiqueta: Otros registros: 40.10735/CAT y 40.00020871/M"],"ingredients":[" sémola de trigo duro, espinacas deshidratadas (2%), agua. Cereales que contienen gluten y productos derivados."],"conservation":" Conservar en lugar fresco y seco.","ean":"8006680051341"},{"full_name":"DELVERDE tortiglioni envase 500 g","name":"tortiglioni envase 500 g","brand":"DELVERDE ","img":"https://sgfm.elcorteingles.es/SGFM/dctm/MEDIA03/201710/16/00118004404382____2__600x600.jpg","price":"1,85 €","price_unit":"(3,70 € / Kilo)","categories":["Supermercado","Alimentación General","Pastas y masas","Pastas diversas","DELVERDE tortiglioni envase 500 g"],"general_information":["Denominación del alimento: Pasta de sémola de trigo duro.","Nombre del operador: Negrini S.L.","Dirección del operador: C/Herreros, 5 Pol. Industrial Los Angeles 28906 Getafe (Madrid).","Cantidad Neta: 500 g","Otras menciones obligatorias en la etiqueta: Otros registros: 40.10735/CAT y 40.00020871/M"],"ingredients":[" sémola de trigo duro, agua. Cereales que contienen gluten y productos derivados."],"conservation":" Conservar en lugar fresco y seco.","ean":"8006680040376"},{"full_name":"DELVERDE farfalle paquete 500 g","name":"farfalle paquete 500 g","brand":"DELVERDE ","img":"https://sgfm.elcorteingles.es/SGFM/dctm/MEDIA03/201710/16/00118004404473____2__600x600.jpg","price":"1,85 €","price_unit":"(3,70 € / Kilo)","categories":["Supermercado","Alimentación General","Pastas y masas","Pastas diversas","DELVERDE farfalle paquete 500 g"],"general_information":["Denominación del alimento: Pasta de sémola de trigo duro.","Nombre del operador: Negrini S.L.","Dirección del operador: C/Herreros, 5 Pol. Industrial Los Angeles 28906 Getafe (Madrid).","Cantidad Neta: 500 g","Otras menciones obligatorias en la etiqueta: Otros registros: 40.10735/CAT y 40.00020871/M"],"ingredients":[" sémola de trigo duro, agua. Cereales que contienen gluten y productos derivados."],"conservation":" Conservar en lugar fresco y seco.","ean":"8006680042226"},{"full_name":"DELVERDE linguine paquete 500 g","name":"linguine paquete 500 g","brand":"DELVERDE ","img":"https://sgfm.elcorteingles.es/SGFM/dctm/MEDIA03/201710/17/00118004404481____2__600x600.jpg","price":"1,85 €","price_unit":"(3,70 € / Kilo)","categories":["Supermercado","Alimentación General","Pastas y masas","Pastas diversas","DELVERDE linguine paquete 500 g"],"general_information":["Denominación del alimento: Pasta de sémola de trigo duro.","Nombre del operador: Negrini S.L.","Dirección del operador: C/Herreros, 5 Pol. Industrial Los Angeles 28906 Getafe (Madrid).","Cantidad Neta: 500 g","Otras menciones obligatorias en la etiqueta: Otros registros: 40.10735/CAT y 40.00020871/M"],"ingredients":[" sémola de trigo duro, agua. Cereales que contienen gluten y productos derivados."],"conservation":" Conservar en lugar fresco y seco.","ean":"8006680040116"},{"full_name":"DELVERDE mezzi rigatoni paquete 500 g","name":"mezzi rigatoni paquete 500 g","brand":"DELVERDE ","img":"https://sgfm.elcorteingles.es/SGFM/dctm/MEDIA03/201710/16/00118004404507____2__600x600.jpg","price":"1,85 €","price_unit":"(3,70 € / Kilo)","categories":["Supermercado","Alimentación General","Pastas y masas","Pastas diversas","DELVERDE mezzi rigatoni paquete 500 g"],"general_information":["Denominación del alimento: Pasta de semola de trigo duro","Nombre del operador: Negrini S.L.","Dirección del operador: C/Herreros, 5 Pol. Industrial Los Angeles 28906 Getafe (Madrid).","Cantidad Neta: 500 g"],"ingredients":[" Sémola de trigo duro, agua. Cereales que contienen gluten y productos derivados."],"conservation":" Conservar en lugar fresco y seco.","ean":"8006680040208"},{"full_name":"GALLO pasta tiburón paquete 500 g","name":"pasta tiburón paquete 500 g","brand":"GALLO ","img":"https://sgfm.elcorteingles.es/SGFM/dctm/MEDIA03/201709/14/00118003900711____1__600x600.jpg","price":"0,96 €","price_unit":"(1,92 € / Kilo)","categories":["Supermercado","Alimentación General","Pastas y masas","Pastas diversas","GALLO pasta tiburón paquete 500 g"],"general_information":["Denominación del alimento: PASTA ALIMENTICIA DE CALIDAD SUPERIOR","País de origen: España","Nombre del operador: COMERCIAL GALLO, S.A.U.","Dirección del operador: Avda Diagonal 468, 4-C. Barcelona. España","Cantidad Neta: 500 g"],"ingredients":[" Sémola de trigo duro. Puede contener trazas de huevo."],"conservation":" Mantener en lugar fresco y seco","ean":"8410069002167"},{"full_name":"GALLO Gourmet pasta tagliatelle al nero di sepia envase 250 g","name":"Gourmet pasta tagliatelle al nero di sepia envase 250 g","brand":"GALLO ","img":"https://sgfm.elcorteingles.es/SGFM/dctm/MEDIA03/201709/14/00118004403137____1__600x600.jpg","price":"1,95 €","price_unit":"(7,80 € / Kilo)","categories":["Supermercado","Alimentación General","Pastas y masas","Pastas diversas","GALLO Gourmet pasta tagliatelle al nero di sepia envase 250 g"],"general_information":["Denominación del alimento: PASTA ALIMENTICIA DE SÉMOLA DE TRIGO DURO CON TINTA DE SEPIA","País de origen: Italia","Nombre del operador: COMERCIAL GALLO, S.A.U.","Dirección del operador: Avda Diagonal 468, 4-C. Barcelona. España","Cantidad Neta: 250 g"],"ingredients":[" Sémola de trigo duro, tinta de sepia 3% y sal. Puede contener trazas de huevo"],"conservation":"Modo de empleo: Cocción 5 minutos al punto y 6 minutos suave","ean":"8410069010285"},{"full_name":"GALLO Ensaladas pajaritas con vegetales paquete 500 g","name":"Ensaladas pajaritas con vegetales paquete 500 g","brand":"GALLO ","img":"https://sgfm.elcorteingles.es/SGFM/dctm/MEDIA03/201706/16/00118003600329____3__600x600.jpg","price":"1,35 €","price_unit":"(2,70 € / Kilo)","categories":["Supermercado","Alimentación General","Pastas y masas","Pastas diversas","GALLO Ensaladas pajaritas con vegetales paquete 500 g"],"general_information":["Denominación del alimento: PASTA ALIMENTICIA DE CALIDAD SUPERIOR. PASTA ALIMENTICIA COMPUESTA A LAS ESPINACAS. PASTA ALIMENTICIA COMPUESTA AL TOMATE.","País de origen: España","Nombre del operador: COMERCIAL GALLO, S.A.U.","Dirección del operador: Avda Diagonal 468, 4-C. Barcelona. España","Cantidad Neta: 600 g"],"ingredients":[" Pasta alimenticia de calidad superior. Ingredientes: sémola de trigo duro. Pasta alimenticia compuesta a las espinacas. Ingredientes: sémola de trigo duro, espinacas deshidratadas (2,5%). Pasta alimenticia compuesta al tomate. Ingredientes: sémola de trigo duro, tomate concentrado 28/30ºBrix(5%). Puede contener trazas de huevo."],"conservation":" Mantener en lugar fresco y seco","ean":"8410069010537"},{"full_name":"GALLO Ensaladas conchitas con tomate y espinacas paquete 500 g","name":"Ensaladas conchitas con tomate y espinacas paquete 500 g","brand":"GALLO ","img":"https://sgfm.elcorteingles.es/SGFM/dctm/MEDIA03/201703/31/00118003600543____1__600x600.jpg","price":"1,35 €","categories":["Supermercado","Alimentación General","Pastas y masas","Pastas diversas","GALLO Ensaladas conchitas con tomate y espinacas paquete 500 g"],"general_information":["Denominación del alimento: PASTA ALIMENTICIA DE CALIDAD SUPERIOR. PASTA ALIMENTICIA COMPUESTA A LAS ESPINACAS. PASTA ALIMENTICIA COMPUESTA AL TOMATE.","País de origen: España","Nombre del operador: COMERCIAL GALLO, S.A.U.","Dirección del operador: Avda Diagonal 468, 4-C. Barcelona. España","Cantidad Neta: 500 g"],"ingredients":[" Pasta alimenticia de calidad superior. Ingredientes: sémola de trigo duro. Pasta alimenticia compuesta a las espinacas. Ingredientes: sémola de trigo duro, espinacas deshidratadas (2,5%). Pasta alimenticia compuesta al tomate. Ingredientes: sémola de trigo duro, tomate concentrado 28/30ºBrix(5%). Puede contener trazas de huevo."],"conservation":" Mantener en lugar fresco y seco","ean":"8410069015853"},{"full_name":"GALLO Ensaladas margaritas con tomate y espinacas paquete 750 g","name":"Ensaladas margaritas con tomate y espinacas paquete 750 g","brand":"GALLO ","img":"https://sgfm.elcorteingles.es/SGFM/dctm/MEDIA03/201706/16/00118003600550____6__600x600.jpg","price":"1,80 €","categories":["Supermercado","Alimentación General","Pastas y masas","Pastas diversas","GALLO Ensaladas margaritas con tomate y espinacas paquete 750 g"],"general_information":["Denominación del alimento: PASTA ALIMENTICIA DE CALIDAD SUPERIOR. PASTA ALIMENTICIA COMPUESTA A LAS ESPINACAS. PASTA ALIMENTICIA COMPUESTA AL TOMATE.","País de origen: España","Nombre del operador: COMERCIAL GALLO, S.A.U.","Dirección del operador: Avda Diagonal 468, 4-C. Barcelona. España","Cantidad Neta: 750 g"],"ingredients":[" Pasta alimenticia de calidad superior. Ingredientes: sémola de trigo duro. Pasta alimenticia compuesta a las espinacas. Ingredientes: sémola de trigo duro, espinacas deshidratadas (2,5%). Pasta alimenticia compuesta al tomate. Ingredientes: sémola de trigo duro, tomate concentrado 28/30ºBrix(5%). Puede contener trazas de huevo."],"conservation":" Conservar en lugar fresco y seco","ean":"8410069015266"},{"full_name":"GALLO Ensaladas margaritas con vegetales paquete 500 g","name":"Ensaladas margaritas con vegetales paquete 500 g","brand":"GALLO ","img":"https://sgfm.elcorteingles.es/SGFM/dctm/MEDIA03/201706/16/00118003600303____2__600x600.jpg","price":"1,35 €","price_unit":"(2,70 € / Kilo)","categories":["Supermercado","Alimentación General","Pastas y masas","Pastas diversas","GALLO Ensaladas margaritas con vegetales paquete 500 g"],"general_information":["Denominación del alimento: PASTA ALIMENTICIA DE CALIDAD SUPERIOR. PASTA ALIMENTICIA COMPUESTA A LAS ESPINACAS. PASTA ALIMENTICIA COMPUESTA AL TOMATE.","País de origen: España","Nombre del operador: COMERCIAL GALLO, S.A.U.","Dirección del operador: Avda Diagonal 468, 4-C. Barcelona. España","Cantidad Neta: 500 g"],"ingredients":[" Pasta alimenticia de calidad superior. Ingredientes: sémola de trigo duro. Pasta alimenticia compuesta a las espinacas. Ingredientes: sémola de trigo duro, espinacas deshidratadas (2,5%). Pasta alimenticia compuesta al tomate. Ingredientes: sémola de trigo duro, tomate concentrado 28/30ºBrix(5%). Puede contener trazas de huevo."],"conservation":" Mantener en lugar fresco y seco","ean":"8410069006608"},{"full_name":"GALLO Ensaladas tulipanes con vegetales envase 500 g","name":"Ensaladas tulipanes con vegetales envase 500 g","brand":"GALLO ","img":"https://sgfm.elcorteingles.es/SGFM/dctm/MEDIA03/201706/16/00118003600154____2__600x600.jpg","price":"1,35 €","price_unit":"(2,70 € / Kilo)","categories":["Supermercado","Alimentación General","Pastas y masas","Pastas diversas","GALLO Ensaladas tulipanes con vegetales envase 500 g"],"general_information":["Denominación del alimento: PASTA ALIMENTICIA DE CALIDAD SUPERIOR. PASTA ALIMENTICIA COMPUESTA A LAS ESPINACAS. PASTA ALIMENTICIA COMPUESTA AL TOMATE.","País de origen: España","Nombre del operador: COMERCIAL GALLO, S.A.U.","Dirección del operador: Avda Diagonal 468, 4-C. Barcelona. España","Cantidad Neta: 500 g"],"ingredients":[" Pasta alimenticia de calidad superior. Ingredientes: sémola de trigo duro. Pasta alimenticia compuesta a las espinacas. Ingredientes: sémola de trigo duro, espinacas deshidratadas (2,5%). Pasta alimenticia compuesta al tomate. Ingredientes: sémola de trigo duro, tomate concentrado 28/30ºBrix(5%). Puede contener trazas de huevo."],"conservation":" Mantener en lugar fresco y seco","ean":"8410069010308"},{"full_name":"GALLO Ensaladas hélices con vegetales paquete 500 g","name":"Ensaladas hélices con vegetales paquete 500 g","brand":"GALLO ","img":"https://sgfm.elcorteingles.es/SGFM/dctm/MEDIA03/201706/16/00118003600311____2__600x600.jpg","price":"1,35 €","price_unit":"(2,70 € / Kilo)","categories":["Supermercado","Alimentación General","Pastas y masas","Pastas diversas","GALLO Ensaladas hélices con vegetales paquete 500 g"],"general_information":["Denominación del alimento: PASTA ALIMENTICIA DE CALIDAD SUPERIOR. PASTA ALIMENTICIA COMPUESTA A LAS ESPINACAS. PASTA ALIMENTICIA COMPUESTA AL TOMATE.","País de origen: España","Nombre del operador: COMERCIAL GALLO, S.A.U.","Dirección del operador: Avda Diagonal 468, 4-C. Barcelona. España","Cantidad Neta: 600 g"],"ingredients":[" Pasta alimenticia de calidad superior. Ingredientes: sémola de trigo duro. Pasta alimenticia compuesta a las espinacas. Ingredientes: sémola de trigo duro, espinacas deshidratadas (2,5%). Pasta alimenticia compuesta al tomate. Ingredientes: sémola de trigo duro, tomate concentrado 28/30ºBrix(5%). Puede contener trazas de huevo."],"conservation":" Conservar en lugar fresco y seco","ean":"8410069000569"},{"full_name":"GALLO Ensaladas hélices con vegetales paquete 750 g","name":"Ensaladas hélices con vegetales paquete 750 g","brand":"GALLO ","img":"https://sgfm.elcorteingles.es/SGFM/dctm/MEDIA03/201706/16/00118003600428____2__600x600.jpg","price":"1,80 €","price_unit":"(2,40 € / Kilo)","categories":["Supermercado","Alimentación General","Pastas y masas","Pastas diversas","GALLO Ensaladas hélices con vegetales paquete 750 g"],"general_information":["Denominación del alimento: PASTA ALIMENTICIA DE CALIDAD SUPERIOR. PASTA ALIMENTICIA COMPUESTA A LAS ESPINACAS. PASTA ALIMENTICIA COMPUESTA AL TOMATE.","País de origen: España","Nombre del operador: COMERCIAL GALLO, S.A.U.","Dirección del operador: Avda Diagonal 468, 4-C. Barcelona. España","Cantidad Neta: 750 g"],"ingredients":[" Pasta alimenticia de calidad superior. Ingredientes: sémola de trigo duro. Pasta alimenticia compuesta a las espinacas. Ingredientes: sémola de trigo duro, espinacas deshidratadas (2,5%). Pasta alimenticia compuesta al tomate. Ingredientes: sémola de trigo duro, tomate concentrado 28/30ºBrix(5%). Puede contener trazas de huevo."],"conservation":" Mantener en lugar fresco y seco","ean":"8410069010889"},{"full_name":"GALLO macarrones sin gluten paquete 500 g","name":"macarrones sin gluten paquete 500 g","brand":"GALLO ","img":"https://sgfm.elcorteingles.es/SGFM/dctm/MEDIA03/201706/16/00118003501477____1__600x600.jpg","price":"1,85 €","price_unit":"(3,70 € / Kilo)","categories":["Supermercado","Alimentación General","Pastas y masas","Pastas diversas","GALLO macarrones sin gluten paquete 500 g"],"general_information":[],"ingredients":[],"ean":"8410069015440"},{"full_name":"GALLO Sedalis hélices con tomate y espinacas 3 minutos paquete 400 g","name":"Sedalis hélices con tomate y espinacas 3 minutos paquete 400 g","brand":"GALLO ","img":"https://sgfm.elcorteingles.es/SGFM/dctm/MEDIA03/201709/14/00118003600501____7__600x600.jpg","price":"1,35 €","price_unit":"(3,38 € / Kilo)","categories":["Supermercado","Alimentación General","Pastas y masas","Pastas diversas","GALLO Sedalis hélices con tomate y espinacas 3 minutos paquete 400 g"],"general_information":["Denominación del alimento: PASTA ALIMENTICIA DE CALIDAD SUPERIOR. PASTA ALIMENTICIA COMPUESTA A LAS ESPINACAS. PASTA ALIMENTICIA COMPUESTA AL TOMATE.","País de origen: España","Nombre del operador: COMERCIAL GALLO, S.A.U.","Dirección del operador: Avda Diagonal 468, 4-C. Barcelona. España","Cantidad Neta: 400 g"],"ingredients":[" Pasta alimenticia de calidad superior. Ingredientes: sémola de trigo duro. Pasta alimenticia compuesta a las espinacas. Ingredientes: sémola de trigo duro, espinacas deshidratadas (2,5%). Pasta alimenticia compuesta al tomate. Ingredientes: sémola de trigo duro, tomate concentrado 28/30ºBrix(5%). Puede contener trazas de huevo."],"conservation":" Mantener en lugar fresco y seco","ean":"8410069014306"},{"full_name":"GALLO Bio helicés con vegetales 100% agricultura ecológica paquete 500 g","name":"Bio helicés con vegetales 100% agricultura ecológica paquete 500 g","brand":"GALLO ","img":"https://sgfm.elcorteingles.es/SGFM/dctm/MEDIA03/201710/25/00118004600245____1__600x600.jpg","price":"1,64 €","price_unit":"(3,28 € / Kilo)","categories":["Supermercado","Alimentación General","Pastas y masas","Pastas diversas","GALLO Bio helicés con vegetales 100% agricultura ecológica paquete 500 g"],"general_information":["Denominación del alimento: PASTA ALIMENTICIA. PASTA ALIMENTICIA A LAS ESPINACAS. PASTA ALIMENTICIA AL TOMATE.","País de origen: Italia","Nombre del operador: COMERCIAL GALLO, S.A.U.","Dirección del operador: Avda Diagonal 468, 4-C. Barcelona. España","Cantidad Neta: 500 g"],"ingredients":[" Pasta alimenticia de calidad superior. Ingredientes: sémola de trigo duro ecológico. Pasta alimenticia compuesta a las espinacas. Ingredientes: sémola de trigo duro ecológico, espinaca ecológica deshidratada(1,5%). Pasta alimenticia compuesta al tomate. Ingredientes: sémola de trigo duro ecológico, tomate ecológico deshidratado (3%). Puede contener trazas de huevo."],"conservation":" Mantener en lugar fresco y seco","ean":"8410069015792"},{"full_name":"MARCO CASTIGLIONE macheroni sapori envase 250 g","name":"macheroni sapori envase 250 g","brand":"MARCO CASTIGLIONE ","img":"https://sgfm.elcorteingles.es/SGFM/00/52/1/0118004400521/0118004400521000g01011.jpg","price":"1,55 €","price_unit":"(6,20 € / Kilo)","categories":["Supermercado","Alimentación General","Pastas y masas","Pastas diversas","MARCO CASTIGLIONE macheroni sapori envase 250 g"],"general_information":[],"ingredients":[],"ean":"8436007945600"},{"full_name":"MARCO CASTIGLIONE radiatores sapori paquete 250 g","name":"radiatores sapori paquete 250 g","brand":"MARCO CASTIGLIONE ","img":"https://sgfm.elcorteingles.es/SGFM/00/46/3/0118004400463/0118004400463000g01011.jpg","price":"2,51 €","price_unit":"(10,04 € / Kilo)","categories":["Supermercado","Alimentación General","Pastas y masas","Pastas diversas","MARCO CASTIGLIONE radiatores sapori paquete 250 g"],"general_information":[],"ingredients":[],"ean":"8436007945020"},{"full_name":"MARCO CASTIGLIONE tagliatelle sepia paquete 250 g","name":"tagliatelle sepia paquete 250 g","brand":"MARCO CASTIGLIONE ","img":"https://sgfm.elcorteingles.es/SGFM/00/56/2/0118004400562/0118004400562000g01011.jpg","price":"2,12 €","price_unit":"(8,48 € / Kilo)","categories":["Supermercado","Alimentación General","Pastas y masas","Pastas diversas","MARCO CASTIGLIONE tagliatelle sepia paquete 250 g"],"general_information":[],"ingredients":[],"ean":"8436007945068"},{"full_name":"DIVELLA gomiti 53 paquete 500 g","name":"gomiti 53 paquete 500 g","brand":"DIVELLA ","img":"https://sgfm.elcorteingles.es/SGFM/02/06/1/0118003502061/0118003502061000g01011.jpg","price":"1,29 €","price_unit":"(2,58 € / Kilo)","categories":["Supermercado","Alimentación General","Pastas y masas","Pastas diversas","DIVELLA gomiti 53 paquete 500 g"],"general_information":[],"ingredients":[],"ean":"8005121000535"},{"full_name":"DIVELLA farfalle 85 paquete 500 g","name":"farfalle 85 paquete 500 g","brand":"DIVELLA ","img":"https://sgfm.elcorteingles.es/SGFM/02/08/7/0118003502087/0118003502087000g01011.jpg","price":"2,35 €","price_unit":"(4,70 € / Kilo)","categories":["Supermercado","Alimentación General","Pastas y masas","Pastas diversas","DIVELLA farfalle 85 paquete 500 g"],"general_information":[],"ingredients":[],"ean":"8005121002850"},{"full_name":"DIVELLA fetuccini 90 paquete 500 g","name":"fetuccini 90 paquete 500 g","brand":"DIVELLA ","img":"https://sgfm.elcorteingles.es/SGFM/02/09/5/0118003502095/0118003502095000g01011.jpg","price":"2,35 €","price_unit":"(4,70 € / Kilo)","categories":["Supermercado","Alimentación General","Pastas y masas","Pastas diversas","DIVELLA fetuccini 90 paquete 500 g"],"general_information":[],"ingredients":[],"ean":"8005121000900"},{"full_name":"DIVELLA capelli d'angelo paquete 500 g","name":"capelli d'angelo paquete 500 g","brand":"DIVELLA ","img":"https://sgfm.elcorteingles.es/SGFM/02/10/3/0118003502103/0118003502103000g01011.jpg","price":"2,35 €","price_unit":"(4,70 € / Kilo)","categories":["Supermercado","Alimentación General","Pastas y masas","Pastas diversas","DIVELLA capelli d'angelo paquete 500 g"],"general_information":[],"ingredients":[],"ean":"8005121000931"},{"full_name":"DIVELLA fusilli tricolore 40 paquete 500 g","name":"fusilli tricolore 40 paquete 500 g","brand":"DIVELLA ","img":"https://sgfm.elcorteingles.es/SGFM/00/43/6/0118003600436/0118003600436000g01011.jpg","price":"2,42 €","price_unit":"(4,84 € / Kilo)","categories":["Supermercado","Alimentación General","Pastas y masas","Pastas diversas","DIVELLA fusilli tricolore 40 paquete 500 g"],"general_information":[],"ingredients":[],"ean":"8005121050400"},{"full_name":"DIVELLA penne ziti 32 paquete 500 g","name":"penne ziti 32 paquete 500 g","brand":"DIVELLA ","img":"https://sgfm.elcorteingles.es/SGFM/02/04/6/0118003502046/0118003502046000g01011.jpg","price":"1,29 €","price_unit":"(2,58 € / Kilo)","categories":["Supermercado","Alimentación General","Pastas y masas","Pastas diversas","DIVELLA penne ziti 32 paquete 500 g"],"general_information":[],"ingredients":[],"ean":"8005121000320"},{"full_name":"ROMERO espirales con vegetales tricolor paquete 500 g","name":"espirales con vegetales tricolor paquete 500 g","brand":"ROMERO ","img":"https://sgfm.elcorteingles.es/SGFM/00/48/5/0118003600485/0118003600485000g01011.jpg","price":"1,11 €","price_unit":"(2,22 € / Kilo)","categories":["Supermercado","Alimentación General","Pastas y masas","Pastas diversas","ROMERO espirales con vegetales tricolor paquete 500 g"],"general_information":["Denominación del alimento: Pasta alimenticia de calidad superior. Pasta alimenticia de calidad superior al tomate. Pasta alimenticia de calidad superior a las espinacas.","País de origen: España","Nombre del operador: ROMERO","Dirección del operador: Avd. de Madrid nº43-50360 DAROCA (Zaragoza)","Lugar de procedencia del alimento: Fabricado en España","Cantidad Neta: 500 g"],"ingredients":[" Semola de trigo duro, tomate deshidratado(4%) y espinacas deshidratadas (2%). Puede contener trazas de huevo."],"conservation":" Conservar en lugar fresco y seco","ean":"8410693034527"},{"full_name":"ROMERO letras gigantes tricolor paquete 500 g","name":"letras gigantes tricolor paquete 500 g","brand":"ROMERO ","img":"https://sgfm.elcorteingles.es/SGFM/00/49/3/0118003600493/0118003600493000g01011.jpg","price":"1,11 €","price_unit":"(2,22 € / Kilo)","categories":["Supermercado","Alimentación General","Pastas y masas","Pastas diversas","ROMERO letras gigantes tricolor paquete 500 g"],"general_information":["Denominación del alimento: Pastas alimenticia simple y pastas alimenticias compuestas al tomate y a las espinacas. De calidad superior.","País de origen: España","Nombre del operador: ROMERO","Dirección del operador: Avd. de Madrid nº43-50360 DAROCA (Zaragoza)","Lugar de procedencia del alimento: Fabricado en España","Cantidad Neta: 500 g"],"ingredients":[" Semola de trigo duro, tomate deshidratado(4%) y espinacas deshidratadas (2%). Puede contener trazas de huevo."],"conservation":" Conservar en lugar fresco y seco","ean":"8410693800245"},{"full_name":"DE CECCO rigatoni nº24 bolsa 500 g","name":"rigatoni nº24 bolsa 500 g","brand":"DE CECCO ","img":"https://sgfm.elcorteingles.es/SGFM/03/88/9/0118004403889/0118004403889000g01011.jpg","price":"2,45 €","price_unit":"(4,90 € / Kilo)","categories":["Supermercado","Alimentación General","Pastas y masas","Pastas diversas","DE CECCO rigatoni nº24 bolsa 500 g"],"general_information":[],"ingredients":[],"ean":"8001250120243"},{"full_name":"GAROFALO fusilli lunghi paquete 500 g","name":"fusilli lunghi paquete 500 g","brand":"GAROFALO ","img":"https://sgfm.elcorteingles.es/SGFM/dctm/MEDIA03/201704/20/00118004404556____2__600x600.jpg","price":"2,85 €","price_unit":"(5,70 € / Kilo)","categories":["Supermercado","Alimentación General","Pastas y masas","Pastas diversas","GAROFALO fusilli lunghi paquete 500 g"],"general_information":["Denominación del alimento: Pasta de semola de trigo duro","Nombre del operador: Herba Ricemills. S.L.U.","Dirección del operador: C/ Real. 43 - 41920 San Juan de Aznalfarache (Sevilla)","Cantidad Neta: 500 g"],"ingredients":[" Sémola de trigo duro Contiene gluten"],"conservation":" Almacenar en lugar fresco y seco. Preservar de la luz solar.","ean":"8000139001253"},{"full_name":"GAROFALO radiatori paquete 500 g","name":"radiatori paquete 500 g","brand":"GAROFALO ","img":"https://sgfm.elcorteingles.es/SGFM/dctm/MEDIA03/201704/17/00118004404523____2__600x600.jpg","price":"1,52 €","price_unit":"(3,04 € / Kilo)","categories":["Supermercado","Alimentación General","Pastas y masas","Pastas diversas","GAROFALO radiatori paquete 500 g"],"general_information":["Denominación del alimento: Pasta de semola de trigo duro","Nombre del operador: Herba Ricemills. S.L.U.","Dirección del operador: C/ Real. 43 - 41920 San Juan de Aznalfarache (Sevilla)","Cantidad Neta: 500 g"],"ingredients":[" Sémola de trigo duro Contiene gluten"],"conservation":" Almacenar en lugar fresco y seco. Preservar de la luz solar.","ean":"8000139910265"},{"full_name":"GAROFALO pasta lumaconi envase 500 g","name":"pasta lumaconi envase 500 g","brand":"GAROFALO ","img":"https://sgfm.elcorteingles.es/SGFM/dctm/MEDIA03/201704/20/00118004403228____6__600x600.jpg","price":"2,85 €","price_unit":"(5,70 € / Kilo)","categories":["Supermercado","Alimentación General","Pastas y masas","Pastas diversas","GAROFALO pasta lumaconi envase 500 g"],"general_information":["Denominación del alimento: Pasta de semola de trigo duro","Nombre del operador: Herba Ricemills. S.L.U.","Dirección del operador: C/ Real. 43 - 41920 San Juan de Aznalfarache (Sevilla)","Cantidad Neta: 500 g"],"ingredients":[" Sémola de trigo duro Contiene gluten"],"conservation":" Almacenar en lugar fresco y seco. Preservar de la luz solar.","ean":"8000139910357"},{"full_name":"GAROFALO pasta fusili envase 500 g","name":"pasta fusili envase 500 g","brand":"GAROFALO ","img":"https://sgfm.elcorteingles.es/SGFM/03/17/8/0118004403178/0118004403178000g01011.jpg","price":"1,52 €","price_unit":"(3,04 € / Kilo)","categories":["Supermercado","Alimentación General","Pastas y masas","Pastas diversas","GAROFALO pasta fusili envase 500 g"],"general_information":["Denominación del alimento: Pasta de semola de trigo duro","Nombre del operador: Herba Ricemills. S.L.U.","Dirección del operador: C/ Real. 43 - 41920 San Juan de Aznalfarache (Sevilla)","Cantidad Neta: 500 g"],"ingredients":[" Sémola de trigo duro Contiene gluten"],"conservation":" Almacenar en lugar fresco y seco. Preservar de la luz solar.","ean":"8000139910227"},{"full_name":"GAROFALO pasta Mafalda envase 500 g","name":"pasta Mafalda envase 500 g","brand":"GAROFALO ","img":"https://sgfm.elcorteingles.es/SGFM/dctm/MEDIA03/201704/17/00118004403186____7__600x600.jpg","price":"1,52 €","price_unit":"(3,04 € / Kilo)","categories":["Supermercado","Alimentación General","Pastas y masas","Pastas diversas","GAROFALO pasta Mafalda envase 500 g"],"general_information":["Denominación del alimento: Pasta de semola de trigo duro","Nombre del operador: Herba Ricemills. S.L.U.","Dirección del operador: C/ Real. 43 - 41920 San Juan de Aznalfarache (Sevilla)","Cantidad Neta: 500 g"],"ingredients":[" Sémola de trigo duro Contiene gluten"],"conservation":" Almacenar en lugar fresco y seco. Preservar de la luz solar.","ean":"8000139910258"},{"full_name":"GAROFALO pasta casarecce envase 500 g","name":"pasta casarecce envase 500 g","brand":"GAROFALO ","img":"https://sgfm.elcorteingles.es/SGFM/dctm/MEDIA03/201704/17/00118004403194____1__600x600.jpg","price":"1,52 €","price_unit":"(3,04 € / Kilo)","categories":["Supermercado","Alimentación General","Pastas y masas","Pastas diversas","GAROFALO pasta casarecce envase 500 g"],"general_information":["Denominación del alimento: Pasta de semola de trigo duro","Nombre del operador: Herba Ricemills. S.L.U.","Dirección del operador: C/ Real. 43 - 41920 San Juan de Aznalfarache (Sevilla)","Cantidad Neta: 500 g"],"ingredients":[" Sémola de trigo duro Contiene gluten"],"conservation":" Almacenar en lugar fresco y seco. Preservar de la luz solar.","ean":"8000139910753"},{"full_name":"GAROFALO tagliatelle nido paquete 500 g","name":"tagliatelle nido paquete 500 g","brand":"GAROFALO ","img":"https://sgfm.elcorteingles.es/SGFM/dctm/MEDIA03/201704/19/00118004404531____2__600x600.jpg","price":"2,85 €","price_unit":"(5,70 € / Kilo)","categories":["Supermercado","Alimentación General","Pastas y masas","Pastas diversas","GAROFALO tagliatelle nido paquete 500 g"],"general_information":["Denominación del alimento: Pasta de semola de trigo duro","Nombre del operador: Herba Ricemills. S.L.U.","Dirección del operador: C/ Real. 43 - 41920 San Juan de Aznalfarache (Sevilla)","Cantidad Neta: 500 g"],"ingredients":[" Sémola de trigo duro Contiene gluten"],"conservation":" Almacenar en lugar fresco y seco. Preservar de la luz solar.","ean":"8000139910289"},{"full_name":"GAROFALO gnocchi de patata envase 500 g","name":"gnocchi de patata envase 500 g","brand":"GAROFALO ","img":"https://sgfm.elcorteingles.es/SGFM/dctm/MEDIA03/201704/17/00118036000935____1__600x600.jpg","price":"1,85 €","price_unit":"(3,70 € / Kilo)","categories":["Supermercado","Alimentación General","Pastas y masas","Pastas diversas","GAROFALO gnocchi de patata envase 500 g"],"general_information":["Denominación del alimento: Ñoquis de patatas","Nombre del operador: Herba Ricemills. S.L.U.","Dirección del operador: C/ Real. 43 - 41920 San Juan de Aznalfarache (Sevilla)","Cantidad Neta: 500 g"],"ingredients":[],"conservation":" Almacenar en lugar fresco y seco. Preservar de la luz solar.","ean":"8000139920875"},{"full_name":"GAROFALO pasta papardelle nido envase 500 g","name":"pasta papardelle nido envase 500 g","brand":"GAROFALO ","img":"https://sgfm.elcorteingles.es/SGFM/dctm/MEDIA03/201704/20/00118004404127____6__600x600.jpg","price":"2,85 €","price_unit":"(5,70 € / Kilo)","categories":["Supermercado","Alimentación General","Pastas y masas","Pastas diversas","GAROFALO pasta papardelle nido envase 500 g"],"general_information":["Denominación del alimento: Pasta de semola de trigo duro","Nombre del operador: Herba Ricemills. S.L.U.","Dirección del operador: C/ Real. 43 - 41920 San Juan de Aznalfarache (Sevilla)","Cantidad Neta: 500 g"],"ingredients":[" Sémola de trigo duro Contiene gluten"],"conservation":" Almacenar en lugar fresco y seco. Preservar de la luz solar.","ean":"8000139910272"},{"full_name":"MAESTRO DI MODENA pasta rigatoni paquete 500 g","name":"pasta rigatoni paquete 500 g","brand":"MAESTRO DI MODENA ","img":"https://sgfm.elcorteingles.es/SGFM/04/06/9/0118004404069/0118004404069000g01011.jpg","price":"3,45 €","price_unit":"(6,90 € / Kilo)","categories":["Supermercado","Alimentación General","Pastas y masas","Pastas diversas","MAESTRO DI MODENA pasta rigatoni paquete 500 g"],"general_information":[],"ingredients":[],"ean":"8437012391390"},{"full_name":"MAESTRO DI MODENA pasta tubetti paquete 500 g","name":"pasta tubetti paquete 500 g","brand":"MAESTRO DI MODENA ","img":"https://sgfm.elcorteingles.es/SGFM/04/08/5/0118004404085/0118004404085000g01011.jpg","price":"3,42 €","price_unit":"(6,84 € / Kilo)","categories":["Supermercado","Alimentación General","Pastas y masas","Pastas diversas","MAESTRO DI MODENA pasta tubetti paquete 500 g"],"general_information":[],"ingredients":[],"ean":"8437012391413"},{"full_name":"MAESTRO DI MODENA pasta italiana tagliatelle paquete 500 g","name":"pasta italiana tagliatelle paquete 500 g","brand":"MAESTRO DI MODENA ","img":"https://sgfm.elcorteingles.es/SGFM/04/20/0/0118004404200/0118004404200000g01011.jpg","price":"3,02 €","price_unit":"(6,04 € / Kilo)","categories":["Supermercado","Alimentación General","Pastas y masas","Pastas diversas","MAESTRO DI MODENA pasta italiana tagliatelle paquete 500 g"],"general_information":[],"ingredients":[],"ean":"8437012391956"},{"full_name":"LOS LOSITOS farfale multicolor bolsa 250 g","name":"farfale multicolor bolsa 250 g","brand":"LOS LOSITOS ","img":"https://sgfm.elcorteingles.es/SGFM/dctm/MEDIA03/201603/11/00118004404648____1__600x600.jpg","price":"3,85 €","categories":["Supermercado","Alimentación General","Pastas y masas","Pastas diversas","LOS LOSITOS farfale multicolor bolsa 250 g"],"general_information":["Denominación del alimento: Pasta mariposas verdes. blancas y rojas con espinacas y remolacha roja","País de origen: Italia","Nombre del operador: Inasa Import S.L","Dirección del operador: Calle Zurbarán 7. entreplanta 4-28010 Madrid","Lugar de procedencia del alimento: Italia","Cantidad Neta: 250 g"],"ingredients":[" Sémola de trigo duro, espinaca (3%), remolacha roja (3%), agua, Contiene gluten, Puede contener trazas de huevos y productos a base de moluscos"],"conservation":" Consérvese en lugar fresco y seco","ean":"8437013738040"},{"full_name":"LOS LOSITOS farfale multicolor giallo e nere bolsa 250 g","name":"farfale multicolor giallo e nere bolsa 250 g","brand":"LOS LOSITOS ","img":"https://sgfm.elcorteingles.es/SGFM/dctm/MEDIA03/201603/11/00118004404622____1__600x600.jpg","price":"3,85 €","categories":["Supermercado","Alimentación General","Pastas y masas","Pastas diversas","LOS LOSITOS farfale multicolor giallo e nere bolsa 250 g"],"general_information":["Denominación del alimento: Pasta mariposas amarillas y negras con tinta de calamar y cúrcuma","País de origen: Italia","Nombre del operador: Inasa Import S.L","Dirección del operador: Calle Zurbarán 7. entreplanta 4-28010 Madrid","Lugar de procedencia del alimento: Italia","Cantidad Neta: 250 g"],"ingredients":[" Sémola de trigo duro, tinta de calamar (3%), cúrcuma (3%), agua, Contiene gluten y productos a base de moluscos, Puede contener trazas de huevos"],"conservation":" Consérvese en lugar fresco y seco","ean":"8437013738064"},{"full_name":"VALFLEURI coquilletes bolsa 250 g","name":"coquilletes bolsa 250 g","brand":"VALFLEURI ","img":"https://sgfm.elcorteingles.es/SGFM/dctm/MEDIA03/201610/25/00118003502467____1__600x600.jpg","price":"2,49 €","categories":["Supermercado","Alimentación General","Pastas y masas","Pastas diversas","VALFLEURI coquilletes bolsa 250 g"],"general_information":["Denominación del alimento: Pasta coquillettes","País de origen: Francia","Nombre del operador: Inasa Import S.L.","Dirección del operador: Calle Zurbarán 7. entreplanta 4-28010 Madrid","Lugar de procedencia del alimento: Francia","Cantidad Neta: 250 g"],"ingredients":[" Sémola de trigo duro de calidad superior (30%), huevos frescos de gallinas criadas al aire libre,"],"conservation":" Conservar en un lugar seco y fresco","ean":"3264961127313"},{"full_name":"NEGRINI Tajarin pasta de sémola de trigo duro con 30% de huevos y trufa paquete 250 g","name":"Tajarin pasta de sémola de trigo duro con 30% de huevos y trufa paquete 250 g","brand":"NEGRINI ","img":"https://sgfm.elcorteingles.es/SGFM/dctm/MEDIA03/201706/05/00118004404283____1__600x600.jpg","price":"6,95 €","price_unit":"(27,80 € / Kilo)","categories":["Supermercado","Alimentación General","Pastas y masas","Pastas diversas","NEGRINI Tajarin pasta de sémola de trigo duro con 30% de huevos y trufa paquete 250 g"],"general_information":["Denominación del alimento: Pasta de sémola de trigo duro con huevo y trufa","Nombre del operador: Negrini S.L.","Dirección del operador: C/Herreros, 5 Pol. Industrial Los Angeles 28906 Getafe (Madrid).","Cantidad Neta: 250 g","Porcentaje de alcohol: 7%","Otras menciones obligatorias en la etiqueta: Otros registros: 40.10735/CAT y 40.00020871/M"],"ingredients":[" sémola de trigo duro, huevos (30%), trufa (Tuber aestivum) (3%), aroma. Contiene trigo y huevos."],"conservation":" Conservar en lugar fresco y seco.","ean":"8436038190130"},{"full_name":"EL CORTE INGLES Soles rellenos con jamón ibérico envase 250 g","name":"Soles rellenos con jamón ibérico envase 250 g","brand":"EL CORTE INGLES ","img":"https://sgfm.elcorteingles.es/SGFM/dctm/MEDIA03/201603/11/00118845102583____2__600x600.jpg","price":"2,05 €","price_unit":"(8,20 € / Kilo)","categories":["Supermercado","Alimentación General","Pastas y masas","Pasta fresca","EL CORTE INGLES Soles rellenos con jamón ibérico envase 250 g"],"general_information":["Denominación del alimento: PASTA ALIMENTICIA FRESCA AL HUEVO RELLENA CON JAMÓN IBÉRICO DE CEBO","Nombre del operador: Elaborado para El Corte Inglés por\nPRODUCTOS ALIMENTICIOS FRESCOS, SLU \nAvda. Sant Julià 114-146 \n08403 Granollers (Barcelona)\nEspaña","Cantidad Neta: 250 g","Número de raciones por envase: 2.0"],"ingredients":[" INGREDIENTES:\n\nRelleno 50%: requesón, jamón curado 14% (jamón de cerdo, sal, azúcar, antioxidante (ascorbato sódico), conservadores (nitrito sódico, nitrato potásico)), copos de patata (patata, emulgente (mono y diglicéridos de los ácidos grasos), estabilizante (pirofasfato ácido de sodio), antioxidantes (metabisulfito sódico, palmitato de ascorbilo)), suero de leche en polvo, jamón ibérico de cebo 9% (jamón de cerdo, sal, azúcar, conservadores (nitrito sódico, nitrato potásico), antioxidante (ascorbato sódico)), harina de trigo, queso fundido (queso, almidón modificado de patata, agua, suero de leche en polvo, proteína de leche, sal, sales de fundido (citrato de sodio), conservador (sorbato de potasio)), cebolla, zanahoria, aceite de girasol, fibra de trigo, agua, vino blanco, sal, aroma.\nPasta 50%: harina de trigo, huevos 20%, sémola trigo duro, agua. Puede contener trazas de frutos de cáscara y pescado."],"conservation":" Conservar en frigorífico entre 2ºC y 4ºC","ean":"8433329053433"},{"full_name":"EL CORTE INGLES Soles rellenos con boletus envase 250 g","name":"Soles rellenos con boletus envase 250 g","brand":"EL CORTE INGLES ","img":"https://sgfm.elcorteingles.es/SGFM/dctm/MEDIA03/201603/11/00118845102674____2__600x600.jpg","price":"2,05 €","price_unit":"(8,20 € / Kilo)","categories":["Supermercado","Alimentación General","Pastas y masas","Pasta fresca","EL CORTE INGLES Soles rellenos con boletus envase 250 g"],"general_information":["Denominación del alimento: PASTA ALIMENTICIA FRESCA AL HUEVO RELLENA CON BOLETUS","Nombre del operador: Elaborado para El Corte Inglés por\nPRODUCTOS ALIMENTICIOS FRESCOS, SLU \nAvda. Sant Julià 114-146 \n08403 Granollers (Barcelona)\nEspaña","Cantidad Neta: 250 g","Número de raciones por envase: 2.0"],"ingredients":[" INGREDIENTES:\n \nRelleno 55%: requesón, copos de patata (patata, emulgente (mono y diglicéridos de los ácidos grasos), estabilizante (pirofasfato ácido de sodio), antioxidantes (metabisulfito sódico, palmitato de ascorbilo)), nata ligera, suero de leche en polvo, setas 10% (mezcla en proporción variable de Boletus 7,2% (Boletus edulis, Boletus pinicola, Boletus aereus y Boletus reticulatus), champiñones), queso Edam, aceite de girasol, cebolla, fibra de trigo, sal, aromas, perejil (0,2%). \nPasta 45%: harina de trigo, huevos 20%, sémola trigo duro, agua. Puede contener trazas de frutos de cáscara y pescado."],"conservation":" Conservar en frigorífico entre 2ºC y 4ºC","ean":"8433329053464"},{"full_name":"EL CORTE INGLES Soles rellenos con tomate y mozzarella envase 250 g","name":"Soles rellenos con tomate y mozzarella envase 250 g","brand":"EL CORTE INGLES ","img":"https://sgfm.elcorteingles.es/SGFM/dctm/MEDIA03/201603/11/00118845102617____2__600x600.jpg","price":"2,05 €","price_unit":"(8,20 € / Kilo)","categories":["Supermercado","Alimentación General","Pastas y masas","Pasta fresca","EL CORTE INGLES Soles rellenos con tomate y mozzarella envase 250 g"],"general_information":["Denominación del alimento: PASTA ALIMENTICIA FRESCA AL HUEVO RELLENA CON TOMATE Y MOZZARELLA","Nombre del operador: Elaborado para El Corte Inglés por\nPRODUCTOS ALIMENTICIOS FRESCOS, SLU \nAvda. Sant Julià 114-146 \n08403 Granollers (Barcelona)\nEspaña","Cantidad Neta: 250 g","Número de raciones por envase: 2.0"],"ingredients":[" INGREDIENTES:\n\nRelleno 55%: requesón, pan rallado, copos de patata (patata, emulgente (mono y diglicéridos de los ácidos grasos), estabilizante (pirofasfato ácido de sodio), antioxidantes (metabisulfito sódico, palmitato de ascorbilo)),  nata ligera, suero de leche en polvo, agua, tomate 7%, puré de tomate, aceite de girasol, Mozzarella 6%, cebolla, sal, albahaca 0,4%, aromas. \nPasta 45%: harina de trigo, huevos 20%, sémola trigo duro, agua. Puede contener trazas de frutos de cáscara y pescado."],"conservation":" Conservar en frigorífico entre 2ºC y 4ºC","ean":"8433329053457"},{"full_name":"EL CORTE INGLES Soles rellenos con gorgonzola y nueces envase 250 g","name":"Soles rellenos con gorgonzola y nueces envase 250 g","brand":"EL CORTE INGLES ","img":"https://sgfm.elcorteingles.es/SGFM/dctm/MEDIA03/201603/11/00118845102591____2__600x600.jpg","price":"2,05 €","price_unit":"(8,20 € / Kilo)","categories":["Supermercado","Alimentación General","Pastas y masas","Pasta fresca","EL CORTE INGLES Soles rellenos con gorgonzola y nueces envase 250 g"],"general_information":["Denominación del alimento: PASTA ALIMENTICIA FRESCA AL HUEVO RELLENA CON QUESO GORGONZOLA Y NUECES","Nombre del operador: Elaborado para El Corte Inglés por\nPRODUCTOS ALIMENTICIOS FRESCOS, SLU \nAvda. Sant Julià 114-146 \n08403 Granollers (Barcelona)\nEspaña","Cantidad Neta: 250 g","Número de raciones por envase: 2.0"],"ingredients":[" INGREDIENTES:\n\nRelleno 55%: requesón (25%), queso Gorgonzola 23%, copos de patata (patata, emulgente (mono y diglicéridos de los ácidos grasos), estabilizante (pirofasfato ácido de sodio), antioxidantes (metabisulfito sódico, palmitato de ascorbilo)), nata ligera, harina de trigo, suero de leche en polvo, queso Edam, aceite de girasol, nueces 2%, anacardos, sal, almidón de maíz, aromas.\nPasta 45%: harina de trigo, huevos 20%, sémola trigo duro, agua. Puede contener trazas de pescado."],"conservation":" Conservar en frigorífico entre 2ºC y 4ºC","ean":"8433329053440"},{"full_name":"EL CORTE INGLES pasta fresca tortellini de carne envase 250 g","name":"pasta fresca tortellini de carne envase 250 g","brand":"EL CORTE INGLES ","img":"https://sgfm.elcorteingles.es/SGFM/dctm/MEDIA03/201610/13/00118845102922____1__600x600.jpg","price":"1,65 €","price_unit":"(6,60 € / Kilo)","categories":["Supermercado","Alimentación General","Pastas y masas","Pasta fresca","EL CORTE INGLES pasta fresca tortellini de carne envase 250 g"],"general_information":["Denominación del alimento: PASTA ALIMENTICIA FRESCA AL HUEVO RELLENA CON CARNE","Nombre del operador: Elaborado para El Corte Inglés por\nPRODUCTOS ALIMENTICIOS FRESCOS, SLU \nAvda. Sant Julià 114-146 \n08403 Granollers (Barcelona)\nEspaña","Cantidad Neta: 250 g","Número de raciones por envase: 2.0"],"ingredients":[" Relleno 35%: pan rallado, sofrito de carne con verduras 19,5% (carne de cerdo y vacuno 55%, cebolla 24%, zanahoria 10%, sal, especias, aromas, estabilizantes (difosfato trisódico, difosfato tetrasódico)), suero de leche en polvo, agua, aceite de girasol, cebolla, fibra de trigo, mortadela (carne de cerdo, tocino, agua, fécula de patata, sal, proteínas de la leche, conservadores (lactato potásico, nitrito sódico), aroma, dextrosa, colorante (cochinilla)), copos de patata (patata, emulgente (mono y diglicéridos de ácidos grasos), estabilizante (pirofosfato ácido de sodio), antioxidantes (metabisulfito sódico, palmitato de ascorbilo)), jamón curado (jamón de cerdo, sal, azúcar, conservadores (nitrito sódico, nitrato potásico), antioxidante (ascorbato sódico)), aromas, zanahoria, sal.\nPasta 65%: sémola trigo duro, harina de trigo, agua, huevos 13%. Puede contener trazas frutos de cáscara, soja y pescado"],"conservation":" Conservar entre 2ºC y 4ºC","ean":"8433329072502"},{"full_name":"EL CORTE INGLES pasta fresca al huevo tortelli relleno de jamón envase 250 g","name":"pasta fresca al huevo tortelli relleno de jamón envase 250 g","brand":"EL CORTE INGLES ","img":"https://sgfm.elcorteingles.es/SGFM/dctm/MEDIA03/201612/02/00118845102930____1__600x600.jpg","price":"1,65 €","price_unit":"(6,60 € / Kilo)","categories":["Supermercado","Alimentación General","Pastas y masas","Pasta fresca","EL CORTE INGLES pasta fresca al huevo tortelli relleno de jamón envase 250 g"],"general_information":["Denominación del alimento: PASTA ALIMENTICIA FRESCA AL HUEVO RELLENA CON JAMÓN","Nombre del operador: Elaborado para El Corte Inglés por\nPRODUCTOS ALIMENTICIOS FRESCOS, SLU \nAvda. Sant Julià 114-146 \n08403 Granollers (Barcelona)\nEspaña","Cantidad Neta: 250 g","Número de raciones por envase: 2.0"],"ingredients":[" INGREDIENTES:\n\nRelleno 32%: carne de cerdo,  jamón curado 20% (jamón de cerdo, sal, azúcar, conservadores (nitrito sódico, nitrato potásico), antioxidante (ascorbato sódico)), pan rallado, suero de leche en polvo, copos de patata (patata, emulgente (mono y diglicéridos de los ácidos grasos), estabilizante (pirofosfato ácido de sodio), antioxidantes (metabisulfito sódico, palmitato de ascorbilo)), cebolla, zanahoria, queso Grana Padano, vino blanco, queso fundido (queso, almidón modificado de patata, agua, suero de leche en polvo, proteína de leche, sal, sales de fundido (citrato de sodio), conservador (sorbato de potasio)), sal, aroma. \nPasta 68%: sémola de trigo duro, harina de trigo, agua, huevos 13%. Puede contener trazas de frutos de cáscara y pescado."],"conservation":" Conservar entre 2ºC y 4ºC","ean":"8433329072533"},{"full_name":"EL CORTE INGLES pasta fresca al huevo tortelli relleno de requesón y espinacas envase 250 g","name":"pasta fresca al huevo tortelli relleno de requesón y espinacas envase 250 g","brand":"EL CORTE INGLES ","img":"https://sgfm.elcorteingles.es/SGFM/dctm/MEDIA03/201702/13/00118845102997____1__600x600.jpg","price":"1,65 €","price_unit":"(6,60 € / Kilo)","categories":["Supermercado","Alimentación General","Pastas y masas","Pasta fresca","EL CORTE INGLES pasta fresca al huevo tortelli relleno de requesón y espinacas envase 250 g"],"general_information":["Denominación del alimento: PASTA ALIMENTICIA FRESCA AL HUEVO RELLENA CON REQUESÓN Y ESPINACAS","Nombre del operador: Elaborado para El Corte Inglés por\nPRODUCTOS ALIMENTICIOS FRESCOS, SLU \nAvda. Sant Julià 114-146 \n08403 Granollers (Barcelona)\nEspaña","Cantidad Neta: 250 g","Número de raciones por envase: 2.0"],"ingredients":[" INGREDIENTES:\n\n\nRelleno 35%: requesón 31%, suero de leche en polvo, pan rallado, copos de patata (patata, emulgente: mono y diglicéridos de los ácidos grasos, estabilizante: pirofosfato ácido de sodio, antioxidantes: metabisulfito sódico, palmitato de ascorbilo), espinacas reconstituidas 7,6%, agua, aceite de girasol,  fibra de trigo, margarina (aceites y grasas de palma y girasol, agua, sal,  emulgente (mono y diglicéridos de los ácidos grasos),  acidulante (ácido cítrico), aromas), sal, queso fundido (queso, almidón modificado de patata, agua, suero de leche, proteína de leche, sales de fundido (citrato de sodio), conservador (sorbato de potasio)), aroma, especias.\nPasta 65%: sémola de trigo duro, harina de trigo, agua, huevos 13% Puede contener trazas de apio, frutos de cáscara y pescado."],"conservation":" Conservar entre 2ºC y 4ºC","ean":"8433329072526"},{"full_name":"EL CORTE INGLES ravioli pasta fresca rellena de quesos envase 250 g","name":"ravioli pasta fresca rellena de quesos envase 250 g","brand":"EL CORTE INGLES ","img":"https://sgfm.elcorteingles.es/SGFM/dctm/MEDIA03/201611/14/00118845102963____1__600x600.jpg","price":"1,65 €","price_unit":"(6,60 € / Kilo)","categories":["Supermercado","Alimentación General","Pastas y masas","Pasta fresca","EL CORTE INGLES ravioli pasta fresca rellena de quesos envase 250 g"],"general_information":["Denominación del alimento: PASTA ALIMENTICIA FRESCA AL HUEVO RELLENA CON QUESOS","Nombre del operador: Elaborado para El Corte Inglés por\nPRODUCTOS ALIMENTICIOS FRESCOS, SLU \nAvda. Sant Julià 114-146 \n08403 Granollers (Barcelona)\nEspaña","Cantidad Neta: 250 g","Número de raciones por envase: 2.0"],"ingredients":[" INGREDIENTES:\n\nRelleno: 44%: requesón 49%, pan rallado, agua,  quesos 9,5% (Edam, Gouda, queso azul), copos de patata (patata, emulgente (mono y diglicéridos de los ácidos grasos), estabilizante (ácido cítrico), antioxidantes (ácido ascórbico, metabisulfito sódico)), queso fundido (agua, quesos, leche entera en polvo, almidón modificado de patata, sales de fundido (fosfato monosódico, polifosfato de potasio), sal), fibra de trigo, sal, margarina (aceites y grasas de palma y girasol, agua, sal, emulgente (mono y diglicéridos de los ácidos grasos), acidulante (ácido cítrico), aromas)), aromas.\nPasta 56%: harina de trigo, agua, sémola de trigo duro, huevos 13%. Puede contener trazas de frutos de cáscara y pescado."],"conservation":" Conservar entre 2ºC y 4ºC","ean":"8433329072519"},{"full_name":"EL CORTE INGLES ravioli pasta fresca rellena de requesón y berenjena envase 250 g","name":"ravioli pasta fresca rellena de requesón y berenjena envase 250 g","brand":"EL CORTE INGLES ","img":"https://sgfm.elcorteingles.es/SGFM/dctm/MEDIA03/201708/25/00118845103003____1__600x600.jpg","price":"1,65 €","price_unit":"(6,60 € / Kilo)","categories":["Supermercado","Alimentación General","Pastas y masas","Pasta fresca","EL CORTE INGLES ravioli pasta fresca rellena de requesón y berenjena envase 250 g"],"general_information":["Denominación del alimento: PASTA ALIMENTICIA FRESCA AL HUEVO RELLENA CON REQUESÓN Y BERENJENA","Nombre del operador: Elaborado para El Corte Inglés por\nPRODUCTOS ALIMENTICIOS FRESCOS, SLU \nAvda. Sant Julià 114-146 \n08403 Granollers (Barcelona)\nEspaña","Cantidad Neta: 250 g","Número de raciones por envase: 2.0"],"ingredients":[" INGREDIENTES:\n\nRelleno 44%: requesón 29%, copos de patata (patata, emulgente (mono y diglicéridos de los ácidos grasos), estabilizante (ácido cítrico), antioxidantes (ácido ascórbico, metabisulfito sódico)), berenjena asada 9%, pan rallado, nata ligera, agua, suero de leche en polvo, queso fundido (queso, almidón modificado de patata, agua, suero de leche, proteínas de leche, sal, sales de fundido (citrato de sodio), conservador (sorbato de potasio)), aceite de girasol, fibra de trigo, cebolla, sal, aromas.\nPasta 56%: harina de trigo, agua, sémola de trigo duro, huevos 13%. Puede contener trazas de frutos de cáscara y pescado."],"conservation":" Conservar entre 2ºC y 4ºC","ean":"8433329072601"},{"full_name":"EL CORTE INGLES tagliatelle al huevo envase 250 g","name":"tagliatelle al huevo envase 250 g","brand":"EL CORTE INGLES ","img":"https://sgfm.elcorteingles.es/SGFM/dctm/MEDIA03/201702/13/00118845102971____1__600x600.jpg","price":"1,10 €","price_unit":"(4,40 € / Kilo)","categories":["Supermercado","Alimentación General","Pastas y masas","Pasta fresca","EL CORTE INGLES tagliatelle al huevo envase 250 g"],"general_information":["Denominación del alimento: PASTA ALIMENTICIA FRESCA AL HUEVO","Nombre del operador: Elaborado para El Corte Inglés por\nPRODUCTOS ALIMENTICIOS FRESCOS, SLU \nAvda. Sant Julià 114-146 \n08403 Granollers (Barcelona)\nEspaña","Cantidad Neta: 250 g","Número de raciones por envase: 2.0"],"ingredients":[" INGREDIENTES:\nSémola de trigo duro, harina de trigo, huevos 13%, agua"],"conservation":" Conservar entre 2ºC y 4ºC","ean":"8433329072564"},{"full_name":"EL CORTE INGLES pasta fresca taglioninni negro envase 250 g","name":"pasta fresca taglioninni negro envase 250 g","brand":"EL CORTE INGLES ","img":"https://sgfm.elcorteingles.es/SGFM/dctm/MEDIA03/201611/02/00118845102955____1__600x600.jpg","price":"1,19 €","price_unit":"(4,76 € / Kilo)","categories":["Supermercado","Alimentación General","Pastas y masas","Pasta fresca","EL CORTE INGLES pasta fresca taglioninni negro envase 250 g"],"general_information":["Denominación del alimento: PASTA ALIMENTICIA FRESCA AL HUEVO CON TINTA DE CALAMAR","Nombre del operador: Elaborado para El Corte Inglés por\nPRODUCTOS ALIMENTICIOS FRESCOS, SLU \nAvda. Sant Julià 114-146 \n08403 Granollers (Barcelona)\nEspaña","Cantidad Neta: 250 g","Número de raciones por envase: 2.0"],"ingredients":[" INGREDIENTES:\n\nSémola de trigo duro, harina de trigo, huevos 13%, agua, tinta calamar en polvo 1% (tinta calamar, maltodextrina de patata, sal)."],"conservation":" Conservar entre 2ºC y 4ºC","ean":"8433329072588"},{"full_name":"EL CORTE INGLES pasta fresca spaghetti al huevo envase 250 g","name":"pasta fresca spaghetti al huevo envase 250 g","brand":"EL CORTE INGLES ","img":"https://sgfm.elcorteingles.es/SGFM/dctm/MEDIA03/201608/17/00118845102914____1__600x600.jpg","price":"1,10 €","price_unit":"(4,40 € / Kilo)","categories":["Supermercado","Alimentación General","Pastas y masas","Pasta fresca","EL CORTE INGLES pasta fresca spaghetti al huevo envase 250 g"],"general_information":["Denominación del alimento: PASTA ALIMENTICIA FRESCA AL HUEVO","Nombre del operador: Elaborado para El Corte Inglés por\nPRODUCTOS ALIMENTICIOS FRESCOS, SLU \nAvda. Sant Julià 114-146 \n08403 Granollers (Barcelona)\nEspaña","Cantidad Neta: 250 g","Número de raciones por envase: 2.0"],"ingredients":[" INGREDIENTES:\n\nSémola de trigo duro, harina de trigo, huevos 13%, agua."],"conservation":" Conservar entre 2ºC y 4ºC","ean":"8433329072540"},{"full_name":"EL CORTE INGLES pasta fresca tallarines al huevo envase 250 g","name":"pasta fresca tallarines al huevo envase 250 g","brand":"EL CORTE INGLES ","img":"https://sgfm.elcorteingles.es/SGFM/dctm/MEDIA03/201610/13/00118845102948____1__600x600.jpg","price":"1,10 €","price_unit":"(4,40 € / Kilo)","categories":["Supermercado","Alimentación General","Pastas y masas","Pasta fresca","EL CORTE INGLES pasta fresca tallarines al huevo envase 250 g"],"general_information":["Denominación del alimento: PASTA ALIMENTICIA FRESCA AL HUEVO","Nombre del operador: Elaborado para El Corte Inglés por\nPRODUCTOS ALIMENTICIOS FRESCOS, SLU \nAvda. Sant Julià 114-146 \n08403 Granollers (Barcelona)\nEspaña","Cantidad Neta: 250 g","Número de raciones por envase: 2.0"],"ingredients":[" INGREDIENTES:\n\nSémola de trigo duro, harina de trigo, huevos 13%, agua."],"conservation":" Conservar entre 2ºC y 4ºC","ean":"8433329072557"},{"full_name":"EL CORTE INGLES pasta fresca tagliatelle verde al huevo envase 250 g","name":"pasta fresca tagliatelle verde al huevo envase 250 g","brand":"EL CORTE INGLES ","img":"https://sgfm.elcorteingles.es/SGFM/dctm/MEDIA03/201702/13/00118845102989____1__600x600.jpg","price":"1,10 €","price_unit":"(4,40 € / Kilo)","categories":["Supermercado","Alimentación General","Pastas y masas","Pasta fresca","EL CORTE INGLES pasta fresca tagliatelle verde al huevo envase 250 g"],"general_information":["Denominación del alimento: PASTA ALIMENTICIA FRESCA AL HUEVO CON ESPINACAS","Nombre del operador: Elaborado para El Corte Inglés por\nPRODUCTOS ALIMENTICIOS FRESCOS, SLU \nAvda. Sant Julià 114-146 \n08403 Granollers (Barcelona)\nEspaña","Cantidad Neta: 250 g","Número de raciones por envase: 2.0"],"ingredients":[" INGREDIENTES:\nSémola de trigo duro, harina de trigo, huevos 13%, agua, espinaca en polvo 2%."],"conservation":" Conservar entre 2ºC y 4ºC","ean":"8433329072571"},{"full_name":"EL CORTE INGLES gnochetti envase 500 g","name":"gnochetti envase 500 g","brand":"EL CORTE INGLES ","img":"https://sgfm.elcorteingles.es/SGFM/dctm/MEDIA03/201606/30/00118845102666____2__600x600.jpg","price":"1,55 €","price_unit":"(3,10 € / Kilo)","categories":["Supermercado","Alimentación General","Pastas y masas","Pasta fresca","EL CORTE INGLES gnochetti envase 500 g"],"general_information":["Denominación del alimento: GNOCCHI DE PATATA","Nombre del operador: Distribuido para El Corte Inglés\n por Comercial Gallo, SAU.\nAvda. Diagonal 468. 08006-Barcelona\nEspaña\nElaborado en Italia","Cantidad Neta: 500 g","Número de raciones por envase: 5.0"],"ingredients":[" INGREDIENTES:\n\nAgua, copos de patata 16% (patata, emulgente: mono y diglicéridos de ácidos grasos, antioxidante: metabisulfito sódico, aroma natural), harina de trigo, almidón de maíz, sémola de trigo duro, almidón de patata, harina de arroz, sal, corrector de acidez: ácido láctico, huevos, aromas, conservador: sorbato potásico, leche desnatada en polvo, cúrcuma."],"conservation":" Conservar entre 2ºC y 4ºC. Una vez abierto conservar en frigorífico y consumir en los tres días siguientes","ean":"8433329072595"},{"full_name":"GIOVANNI RANA de la huerta tortellini boletus edulis bandeja 250 g","name":"de la huerta tortellini boletus edulis bandeja 250 g","brand":"GIOVANNI RANA ","img":"https://sgfm.elcorteingles.es/SGFM/dctm/MEDIA03/201710/04/00118845100397____1__600x600.jpg","price":"3,49 €","price_unit":"(13,96 € / Kilo)","categories":["Supermercado","Alimentación General","Pastas y masas","Pasta fresca","GIOVANNI RANA de la huerta tortellini boletus edulis bandeja 250 g"],"general_information":["Denominación del alimento: Pasta fresca al huevo rellena de jamón y queso","País de origen: Italia","Nombre del operador: Rana Hispania sau","Dirección del operador: Avda Hermanos Bou 31, 12003 Castellon de la plana","Cantidad Neta: 250 g","Número de raciones por envase: 2"],"ingredients":[" Pasta 51%: harina de trigo blando, huevos 30%, sémola de trigo duro.Relleno 49%: requesón (suero de leche, leche), patatas deshidratadas, aceite de semillas de girasol,  hongos boletus (Boletus edulis  y su tipo) 7%, suero de leche en polvo,  pan rallado (contiene gluten), queso curado,  cebolla , champigñón seco (Agaricus bisporus) 2%,  sal, aromas naturales, vino blanco, fibra vegetal, perejil, extracto de levadura, especias. Producido en una fábrica que utiliza también crustáceos, pescado, frutos de cáscara, apio y moluscos."],"conservation":" Producto envasado en atmosfera protectora. Conservar en frigorifico a +4/6 grados centigrados. Una vez abierto consumir en tres días","ean":"8001665011617"},{"full_name":"GIOVANNI RANA pasta fresca de la huerta ravioli relleno de crema de calabaza y cebolla envase 250 g","name":"pasta fresca de la huerta ravioli relleno de crema de calabaza y cebolla envase 250 g","brand":"GIOVANNI RANA ","img":"https://sgfm.elcorteingles.es/SGFM//01/80/9/0118845101809/0118845101809000g01011.jpg","price":"3,49 €","price_unit":"(13,96 € / Kilo)","categories":["Supermercado","Alimentación General","Pastas y masas","Pasta fresca","GIOVANNI RANA pasta fresca de la huerta ravioli relleno de crema de calabaza y cebolla envase 250 g"],"general_information":["Denominación del alimento: Pasta fresca al huevo rellena de calabaza y cebolla","País de origen: Italia","Nombre del operador: Rana Hispania sau","Dirección del operador: Avda Hermanos Bou 31, 12003 Castellon de la plana","Cantidad Neta: 250 g","Número de raciones por envase: 2"],"ingredients":[" Pasta 57%: harina de trigo blando, huevos 30%, sémola de trigo duro.Relleno 43%: crema de calabaza 41%, nata, fibras vegetales, queso bajo en grasas, queso Grana Padano, lactosa, almidones, pan rallado (contiene gluten), aceite de semillas de girasol,  mostarda italiana (membrillo, azúcar, jarabe de glucosa-fructosa, aroma natural) mantequilla, patatas deshidratadas, sal, cebolla deshidratada caramelizada 1%, proteinas de la leche, galletas amaretti (azúcar, semillas de albaricoque, claras de huevo, aroma natural) , aromas naturales, especias. Producido en una fábrica que utiliza también apio, frutos de cáscara, crustáceos, pescado y moluscos."],"conservation":" Producto envasado en atmosfera protectora. Conservar en frigorifico a +4/6 grados centigrados. Una vez abierto consumir en tres días","ean":"8001665126090"},{"full_name":"GIOVANNI RANA de la huerta tortellini ricotta y espinacas bandeja 250 g","name":"de la huerta tortellini ricotta y espinacas bandeja 250 g","brand":"GIOVANNI RANA ","img":"https://sgfm.elcorteingles.es/SGFM/dctm/MEDIA03/201710/04/00118845101643____2__600x600.jpg","price":"3,49 €","price_unit":"(13,96 € / Kilo)","categories":["Supermercado","Alimentación General","Pastas y masas","Pasta fresca","GIOVANNI RANA de la huerta tortellini ricotta y espinacas bandeja 250 g"],"general_information":["Denominación del alimento: Pasta fresca al huevo rellena de ricotta y espinacas","País de origen: Italia","Nombre del operador: Rana Hispania sau","Dirección del operador: Avda Hermanos Bou 31, 12003 Castellon de la plana","Cantidad Neta: 250 g","Número de raciones por envase: 2"],"ingredients":[" Relleno 52%: Ricotta 31% (suero de leche, leche), espinacas 10%, queso bajo en grasas, queso curado, aceite de semillas de girasol, mantequilla, fibras vegetales (contiene gluten), almidones,  pan rallado (contiene gluten), patatas deshidratadas, suero de leche en polvo, acelga 2% sal, proteínas de la leche, aromas naturales, leche desnatada en polvo, perejil 0.4%, extracto de levadura, mejorana 0.1%, especias.  Pasta 48%: harina de trigo blando, huevos 30%, sémola de trigo duro. Producido en una fábrica que utiliza también apio, frutos de cáscara, crustáceos, pescado y moluscos."],"conservation":" Producto envasado en atmosfera protectora. Conservar en frigorifico a +4/6 grados centigrados. Una vez abierto consumir en tres días","ean":"8001665123815"},{"full_name":"GIOVANNI RANA de la huerta raviioli releno de verduras mediterráneas envase 250 g","name":"de la huerta raviioli releno de verduras mediterráneas envase 250 g","brand":"GIOVANNI RANA ","img":"https://sgfm.elcorteingles.es/SGFM/dctm/MEDIA03/201703/13/00118845103029____1__600x600.jpg","price":"3,49 €","price_unit":"(13,96 € / Kilo)","categories":["Supermercado","Alimentación General","Pastas y masas","Pasta fresca","GIOVANNI RANA de la huerta raviioli releno de verduras mediterráneas envase 250 g"],"general_information":["Denominación del alimento: Pasta fresca al huevo rellena de calabacín,tomate,pimiento y berenjenas","País de origen: Italia","Nombre del operador: Rana Hispania sau","Dirección del operador: Avda Hermanos Bou 31, 12003 Castellon de la plana","Cantidad Neta: 250 g","Número de raciones por envase: 2"],"ingredients":[" Relleno 56%: Calabacín 25%, pimiento 7.5%, almidón, queso bajo en grasas, patatas deshidratadas, pan rallado (harina de trigo, agua, sal, levadura), berenjena 5.5%, queso curado, suero de leche en polvo, nata, aceite de girasol, cebolla, aceite de oliva virgen extra, fibra vegetal, puré de tomate 3%, sal, aromas naturales (contiene trigo, cebada, apio y leche), albáhaca, ajo, óregano, azúcar, mejorana, pimienta y especias.  Pasta 44%: harina de trigo blando, huevos 30%, sémola de trigo duro. Producido en una fábrica que utiliza también apio, frutos de cáscara, crustáceos, pescado y moluscos."],"conservation":" Producto envasado en atmosfera protectora. Conservar en frigorifico a +4/6 grados centigrados. Una vez abierto consumir en tres días","ean":"8001665704090"},{"full_name":"GIOVANNI RANA tortellini boloñesa bandeja 250 g","name":"tortellini boloñesa bandeja 250 g","brand":"GIOVANNI RANA ","img":"https://sgfm.elcorteingles.es/SGFM/dctm/MEDIA03/201710/04/00118845102542____2__600x600.jpg","price":"2,99 €","price_unit":"(11,96 € / Kilo)","categories":["Supermercado","Alimentación General","Pastas y masas","Pasta fresca","GIOVANNI RANA tortellini boloñesa bandeja 250 g"],"general_information":["Denominación del alimento: Pasta fresca al huevo rellena de carne de vacuno y de cerdo","País de origen: Italia","Nombre del operador: Rana Hispania sau","Dirección del operador: Avda Hermanos Bou 31, 12003 Castellon de la plana","Cantidad Neta: 250 g","Número de raciones por envase: 2"],"ingredients":[" Relleno 56%: carne de vacuno 18%, tomate concentrado 13%, pan rallado (contiene gluten), queso curado, carne de cerdo 7%, aceite de semillas de girasol, zanahorias 6%, patatas deshidratadas, almidones, queso bajo en grasas, aromas naturales, suero de leche en polvo, cebolla deshidratada 1.8%, pulpa de tomate 1.5%, fibra vegetal, apio 1,4%, tomate en polvo 1%, mantequilla, extracto de levura, sal, proteínas de la leche, regolador de acidez: bicarbonato de sodio, romero, azucar, especias.Pasta 44%: harina de trigo blando, huevos 30%, sémola de trigo duro. Producido en una fábrica que utiliza también frutos de cáscara,  crustáceos, pescado y moluscos."],"conservation":" Producto envasado en atmosfera protectora. Conservar en frigorifico a +4/6 grados centigrados. Una vez abierto consumir en tres días","ean":"8001665700887"},{"full_name":"GIOVANNI RANA pasta fresca fusilli envase 250 g","name":"pasta fresca fusilli envase 250 g","brand":"GIOVANNI RANA ","img":"https://sgfm.elcorteingles.es/SGFM/dctm/MEDIA03/201710/04/00118845101718____1__600x600.jpg","price":"2,29 €","price_unit":"(9,16 € / Kilo)","categories":["Supermercado","Alimentación General","Pastas y masas","Pasta fresca","GIOVANNI RANA pasta fresca fusilli envase 250 g"],"general_information":["Denominación del alimento: Pasta fresca al huevo","País de origen: Italia","Nombre del operador: Rana Hispania sau","Dirección del operador: Avda Hermanos Bou 31, 12003 Castellon de la plana","Cantidad Neta: 250 g","Número de raciones por envase: 2"],"ingredients":[" Ingredientes: sémola trigo duro, huevos 20%, agua."],"conservation":" Producto envasado en atmosfera protectora. Conservar en frigorifico a +4/6 grados centigrados. Una vez abierto consumir en tres días","ean":"8001665701648"},{"full_name":"GIOVANNI RANA gnocchi fresco relleno de crema de gorgonzola bolsa 500 g","name":"gnocchi fresco relleno de crema de gorgonzola bolsa 500 g","brand":"GIOVANNI RANA ","img":"https://sgfm.elcorteingles.es/SGFM/dctm/MEDIA02/CONTENIDOS/201505/21/00118845100595____1__600x600.jpg","price":"3,35 €","price_unit":"(6,70 € / Kilo)","categories":["Supermercado","Alimentación General","Pastas y masas","Pasta fresca","GIOVANNI RANA gnocchi fresco relleno de crema de gorgonzola bolsa 500 g"],"general_information":["Denominación del alimento: Gnocchi rellenos de queso gorgonzola","País de origen: Italia","Nombre del operador: Rana Hispania sau","Dirección del operador: Avda Hermanos Bou 31, 12003 Castellon de la plana","Cantidad Neta: 500 g","Número de raciones por envase: 2"],"ingredients":[" Ingredientes: patatas rehidratadas 68%, sémola de trigo duro, harina de trigo, requesón (suero de leche, leche), corrector de acidez: ácido cítrico, almidón, queso gorgonzola 4%, aceite de semillas de girasol, queso bajo en grasas, sal, queso rallado, fibras vegetales(trigo y achicoria), leche desnatada en polvo, espesante: carboximetilcelulosa de sodio, conservante: ácido sórbico, suero de leche en polvo, extracto de levadura, emulsionante: mono y diglicéridos de los ácidos grasos, aromas naturales(contienen leche), especias. Fabricado en instalaciones que también utiliza huevos, crustáceos, pescado, frutos de cáscara, apioy moluscos."],"conservation":" Producto envasado en atmosfera protectora. Conservar en frigorifico a +4/6 grados centigrados. Una vez abierto consumir en tres días","ean":"8001665112550"},{"full_name":"GIOVANNI RANA gnocchi pasta fresca bolsa 500 g","name":"gnocchi pasta fresca bolsa 500 g","brand":"GIOVANNI RANA ","img":"https://sgfm.elcorteingles.es/SGFM/dctm/MEDIA03/201605/06/00118845100413____1__600x600.jpg","price":"2,74 €","price_unit":"(5,48 € / Kilo)","categories":["Supermercado","Alimentación General","Pastas y masas","Pasta fresca","GIOVANNI RANA gnocchi pasta fresca bolsa 500 g"],"general_information":["Denominación del alimento: Gnocchi de patatas","País de origen: Italia","Nombre del operador: Rana Hispania sau","Dirección del operador: Avda Hermanos Bou 31, 12003 Castellon de la plana","Cantidad Neta: 500 g","Número de raciones por envase: 2"],"ingredients":[" Ingredientes: patatas rehidratadas (80%), harina de trigo blando (11%), almidón de maíz, sal , leche desnatada en polvo, corrector de acidez: ácido cítrico,  conservante: ácido sórbico, emulsionante: mono y diglicéridos de los ácidos grasos, aromas naturales. Puede contener restos de huevo porque también se utilizan en el misma fábrica."],"conservation":" Producto envasado en atmosfera protectora. Conservar en frigorifico a +4/6 grados centigrados. Una vez abierto consumir en tres días","ean":"0000080608349"},{"full_name":"GIOVANNI RANA paglia e fieno fresco bolsa 250 g","name":"paglia e fieno fresco bolsa 250 g","brand":"GIOVANNI RANA ","img":"https://sgfm.elcorteingles.es/SGFM/dctm/MEDIA02/CONTENIDOS/201505/08/00118845100488____1__600x600.jpg","price":"2,26 €","price_unit":"(9,04 € / Kilo)","categories":["Supermercado","Alimentación General","Pastas y masas","Pasta fresca","GIOVANNI RANA paglia e fieno fresco bolsa 250 g"],"general_information":["Denominación del alimento: Pasta fresca al huevo","País de origen: Italia","Nombre del operador: Rana Hispania sau","Dirección del operador: Avda Hermanos Bou 31, 12003 Castellon de la plana","Cantidad Neta: 250 g","Número de raciones por envase: 2"],"ingredients":[" Ingredientes: Pasta amarilla: sémola trigo duro, huevos 18%, agua. Pasta verde: sémola de trigo duro, huevo 18%,espinacas 3,7, espinacas deshidratas 1%."],"conservation":" Producto envasado en atmosfera protectora. Conservar en frigorifico a +4/6 grados centigrados. Una vez abierto consumir en tres días","ean":"8001665701853"},{"full_name":"GIOVANNI RANA tortellinii atún y tomate envase 250 g","name":"tortellinii atún y tomate envase 250 g","brand":"GIOVANNI RANA ","img":"https://sgfm.elcorteingles.es/SGFM/dctm/MEDIA03/201710/04/00118845102005____2__600x600.jpg","price":"2,99 €","price_unit":"(11,96 € / Kilo)","categories":["Supermercado","Alimentación General","Pastas y masas","Pasta fresca","GIOVANNI RANA tortellinii atún y tomate envase 250 g"],"general_information":["Denominación del alimento: Pasta fresca al huevo rellena de atún y tomate","País de origen: Italia","Nombre del operador: Rana Hispania sau","Dirección del operador: Avda Hermanos Bou 31, 12003 Castellon de la plana","Cantidad Neta: 250 g","Número de raciones por envase: 2"],"ingredients":[" Relleno 52%: atún 12%, almidones, queso bajo en grasas, tomate concentrado 10%, fibras vegetales, requesón (suero de leche, leche), aceite de semillas de girasol, queso curado, suero de leche en polvo, pulpa de tomate 3%, patatas deshidratadas, cebolla, mantequilla, sal, proteínas de la leche, extracto de levadura, aromas naturales, aceite de oliva, tomate en polvo 0.5%, azúcar, orégano, ajo, pimienta, especias. Pasta 48%: harina de trigo blando, huevos 30%, sémola de trigo duro. Producido en una fábrica que utiliza también fruto de cáscara, apio, crustáceos, pescado y moluscos."],"conservation":" Producto envasado en atmosfera protectora. Conservar en frigorifico a +4/6 grados centigrados. Una vez abierto consumir en tres días","ean":"8001665127288"},{"full_name":"GIOVANNI RANA tortellinii jamón y queso envase 250 g","name":"tortellinii jamón y queso envase 250 g","brand":"GIOVANNI RANA ","img":"https://sgfm.elcorteingles.es/SGFM/dctm/MEDIA03/201710/04/00118845102039____2__600x600.jpg","price":"2,99 €","price_unit":"(11,96 € / Kilo)","categories":["Supermercado","Alimentación General","Pastas y masas","Pasta fresca","GIOVANNI RANA tortellinii jamón y queso envase 250 g"],"general_information":["Denominación del alimento: Pasta fresca al huevo rellena de boletus edulis","País de origen: Italia","Nombre del operador: Rana Hispania sau","Dirección del operador: Avda Hermanos Bou 31, 12003 Castellon de la plana","Cantidad Neta: 250 g","Número de raciones por envase: 2"],"ingredients":[" Relleno 52%: jamón cocido 21% (carne de cerdo, sal, sacarosa, dextrosa, aromas naturales), requesón 15% (suero de leche, leche), aceite de semillas de girasol, queso bajo en grasas 10%, almidones, fibras vegetales, nata, pan rallado (contiene gluten), aromas naturales, queso curado 3%, suero de leche en polvo, mantequilla, proteínas de la leche, sal.Pasta 48%: harina de trigo blando, huevos 30%, sémola de trigo duro. Producido en una fábrica que utiliza también apio, fruto de cáscara, crustáceos, pescado y moluscos."],"conservation":" Producto envasado en atmosfera protectora. Conservar en frigorifico a +4/6 grados centigrados. Una vez abierto consumir en tres días","ean":"8001665127318"},{"full_name":"GIOVANNI RANA tortellinii 4 quesos bandeja 250 g","name":"tortellinii 4 quesos bandeja 250 g","brand":"GIOVANNI RANA ","img":"https://sgfm.elcorteingles.es/SGFM/dctm/MEDIA03/201710/04/00118845102047____2__600x600.jpg","price":"2,99 €","price_unit":"(11,96 € / Kilo)","categories":["Supermercado","Alimentación General","Pastas y masas","Pasta fresca","GIOVANNI RANA tortellinii 4 quesos bandeja 250 g"],"general_information":["Denominación del alimento: Pasta fresca al huevo rellena de 4 quesos","País de origen: Italia","Nombre del operador: Rana Hispania sau","Dirección del operador: Avda Hermanos Bou 31, 12003 Castellon de la plana","Cantidad Neta: 250 g","Número de raciones por envase: 2"],"ingredients":[" Relleno 52%: quesos 31% (queso bajo en grasas 10%, queso edamer 7%, queso curado 6%, queso gorgonzola 5%, queso emmental 3%), aceite de semilla de girasol, nata, requesón 9% (suero de leche, leche), fibras vegetales, almidones, pan rallado (contiene gluten), suero de leche en polvo, aromas naturales, sal, proteinas de la leche, extracto de levadura. Pasta 48%: harina de trigo blando, huevos 30%, sémola de trigo duro. Producido en una fábrica que utiliza también apio, fruto de cáscara, crustáceos, pescado y moluscos."],"conservation":" Producto envasado en atmosfera protectora. Conservar en frigorifico a +4/6 grados centigrados. Una vez abierto consumir en tres días","ean":"8001665127325"},{"full_name":"GIOVANNI RANA ravioli fresco relleno de pollo asado 2 raciones envase 250 g","name":"ravioli fresco relleno de pollo asado 2 raciones envase 250 g","brand":"GIOVANNI RANA ","img":"https://sgfm.elcorteingles.es/SGFM/dctm/MEDIA03/201704/12/00118845103011____1__600x600.jpg","price":"2,99 €","price_unit":"(11,96 € / Kilo)","categories":["Supermercado","Alimentación General","Pastas y masas","Pasta fresca","GIOVANNI RANA ravioli fresco relleno de pollo asado 2 raciones envase 250 g"],"general_information":["Denominación del alimento: Pasta fresca al huevo rellena de carne de pollo y romero","País de origen: Italia","Nombre del operador: Rana Hispania sau","Dirección del operador: Avda Hermanos Bou 31, 12003 Castellon de la plana","Cantidad Neta: 250 g","Número de raciones por envase: 2"],"ingredients":[" Relleno 52%: Carne de pollo 23%, requesón (suero de leche, leche, sal), queso bajo en grasas, queso curado, fibra vegetal, almidón, nata, pan rallado (harina de trigo, agua, sal, levadura), aceite de girasol, suero de leche en polvo, mantequilla, queso mascarpone, aromas naturales (contiene trigo, cebada y leche), sal, leche desnatada en polvo, lactosa, romero 0.2 1%, maltodextrina, dextrosa, jarabe de glucosa.  Pasta 48%: harina de trigo blando, huevos 30%, sémola de trigo duro. Producido en una fábrica que utiliza también apio, frutos de cáscara, crustáceos, pescado y moluscos."],"conservation":" Producto envasado en atmosfera protectora. Conservar en frigorifico a +4/6 grados centigrados. Una vez abierto consumir en tres días","ean":"8001665704106"},{"full_name":"GIOVANNI RANA ravioli ternera de verduras envase 250 g","name":"ravioli ternera de verduras envase 250 g","brand":"GIOVANNI RANA ","img":"https://sgfm.elcorteingles.es/SGFM/dctm/MEDIA02/CONTENIDOS/201406/13/00118845102054____1__600x600.jpg","price":"2,99 €","price_unit":"(11,96 € / Kilo)","categories":["Supermercado","Alimentación General","Pastas y masas","Pasta fresca","GIOVANNI RANA ravioli ternera de verduras envase 250 g"],"general_information":["Denominación del alimento: Pasta fresca al huevo rellena de carne de ternera con verduras","País de origen: Italia","Nombre del operador: Rana Hispania sau","Dirección del operador: Avda Hermanos Bou 31, 12003 Castellon de la plana","Cantidad Neta: 250 g","Número de raciones por envase: 2"],"ingredients":[" Relleno 56%: nata, carne de ternera 11%, carne de vacuno, carne de cerdo, pan rallado (contiene gluten), queso curado, aceites de semillas de girasol, fibras vegetales,  queso bajo en grasas, zanahorias 5%, almidones, suero de leche en polvo, aromas naturales(contener leche y gluten), apio 2%, tomate concentrado, cebolla 0.9%, pulpa de tomate, sal, mantequilla,  salsa Worcestershyre (vinagre de malta, melaza, azúcar, sal, anchoas, tamarindo, ajo, especias, aromas), romero, azúcar. Pasta 44%: harina de trigo blando, huevos 30%, sémola de trigo duro. Producido en una fábrica que utiliza también frutos de cáscara,  crustáceos, pescado y moluscos."],"conservation":" Producto envasado en atmosfera protectora. Conservar en frigorifico a +4/6 grados centigrados. Una vez abierto consumir en tres días","ean":"8001665127332"},{"full_name":"GIOVANNI RANA GOURMET tortellini fresco relleno de gorgonzola y nueces bandeja 250 g","name":"tortellini fresco relleno de gorgonzola y nueces bandeja 250 g","brand":"GIOVANNI RANA GOURMET ","img":"https://sgfm.elcorteingles.es/SGFM/dctm/MEDIA02/CONTENIDOS/201406/13/00118845100504____1__600x600.jpg","price":"3,75 €","price_unit":"(15 € / Kilo)","categories":["Supermercado","Alimentación General","Pastas y masas","Pasta fresca","GIOVANNI RANA GOURMET tortellini fresco relleno de gorgonzola y nueces bandeja 250 g"],"general_information":["Denominación del alimento: Pasta fresca al huevo con relleno de queso gorgonzola y nueces","País de origen: Italia","Nombre del operador: Rana Hispania sau","Dirección del operador: Avda Hermanos Bou 31, 12003 Castellon de la plana","Cantidad Neta: 250 g","Número de raciones por envase: 2"],"ingredients":[" Relleno 56%: queso Gorgonzola 23%, requesón (suero de leche, leche), queso bajo en grasas, almidones, aceite de semillas de girasol, anacardos, pan rallado (contiene gluten), fibras vegetales, patatas deshidratadas, nueces 2%, proteínas de la leche, sal, aromas naturales extracto de levadura, especias.Pasta 44%: harina de trigo blando, huevos 30%, sémola de trigo duro. Producido en una fábrica que utiliza también apio, frutos de cáscara, crustáceos, pescado y moluscos."],"conservation":" Producto envasado en atmosfera protectora. Conservar en frigorifico a +4/6 grados centigrados. Una vez abierto consumir en tres días","ean":"0000080564867"},{"full_name":"GIOVANNI RANA GOURMET tortellini fresco relleno de salmón ahumado con queso suave envase 250 g","name":"tortellini fresco relleno de salmón ahumado con queso suave envase 250 g","brand":"GIOVANNI RANA GOURMET ","img":"https://sgfm.elcorteingles.es/SGFM/dctm/MEDIA03/201712/20/00118845103177____1__600x600.jpg","price":"3,75 €","categories":["Supermercado","Alimentación General","Pastas y masas","Pasta fresca","GIOVANNI RANA GOURMET tortellini fresco relleno de salmón ahumado con queso suave envase 250 g"],"general_information":["Denominación del alimento: Pasta fresca al huevo de salmón y queso mascarpone","País de origen: Italia","Nombre del operador: Rana Hispania sau","Dirección del operador: Avda Hermanos Bou 31, 12003 Castellon de la plana","Cantidad Neta: 250 g","Número de raciones por envase: 2"],"ingredients":[" Relleno 53%: requesón(suero de leche, leche, sal), salmón ahumado 24%(salmón salmo salar, sal), fibras vegetales, nata, aceite de girasol, pan rallado (harina de trigo, agua , sal levadura), almidones, queso mascarpone 4,8%, mantequilla, aromas naturales (contiene pescado, leche, trigo y cebada), perejil, sal, tomate en polovo.  Pasta 47%: harina de trigo blando, huevos 30%, sémola de trigo duro. Producido en una fábrica que utiliza también apio, frutos de cáscara, crustáceos, pescado y moluscos."],"conservation":" Producto envasado en atmosfera protectora. Conservar en frigorifico a +4/6 grados centigrados. Una vez abierto consumir en tres días","ean":"8001665704120"},{"full_name":"GIOVANNI RANA GOURMET pasta fresca rellena de queso de cabra y cebolla caramelizada envase 250 g","name":"pasta fresca rellena de queso de cabra y cebolla caramelizada envase 250 g","brand":"GIOVANNI RANA GOURMET ","img":"https://sgfm.elcorteingles.es/SGFM/dctm/MEDIA02/CONTENIDOS/201406/13/00118845101189____1__600x600.jpg","price":"3,75 €","price_unit":"(15 € / Kilo)","categories":["Supermercado","Alimentación General","Pastas y masas","Pasta fresca","GIOVANNI RANA GOURMET pasta fresca rellena de queso de cabra y cebolla caramelizada envase 250 g"],"general_information":["Denominación del alimento: Pasta fresca al huevo rellena de queso de cabra y cebolla caramelizada","País de origen: Italia","Nombre del operador: Rana Hispania sau","Dirección del operador: Avda Hermanos Bou 31, 12003 Castellon de la plana","Cantidad Neta: 250 g","Número de raciones por envase: 2"],"ingredients":[" Relleno 57%: requesón (suero de leche, leche), cebolla desecada 7%, mozzarella, queso de cabra 4%, aceite de semillas de girasol, nata, pan rallado (contiene gluten), patatas deshidratadas, suero de leche en polvo, queso curado, cebolla Borettana 2%, almidón,  azúcar 1%, sal, mantequilla, fibra vegetal, extracto de levadura, pimienta, especias. Pasta 43%: harina de trigo blando, huevos 30%, sémola de trigo duro. Producido en una fábrica que utiliza también apio, frutos de cáscara, crustáceos, pescado y moluscos."],"conservation":" Producto envasado en atmosfera protectora. Conservar en frigorifico a +4/6 grados centigrados. Una vez abierto consumir en tres días","ean":"8001665116275"},{"full_name":"GIOVANNI RANA GOURMET pasta fresca rellana de trufa blanca con setas y queso envase 250 g","name":"pasta fresca rellana de trufa blanca con setas y queso envase 250 g","brand":"GIOVANNI RANA GOURMET ","img":"https://sgfm.elcorteingles.es/SGFM//02/52/6/0118845102526/0118845102526000g01011.jpg","price":"3,75 €","price_unit":"(15 € / Kilo)","categories":["Supermercado","Alimentación General","Pastas y masas","Pasta fresca","GIOVANNI RANA GOURMET pasta fresca rellana de trufa blanca con setas y queso envase 250 g"],"general_information":["Denominación del alimento: Pasta fresca al huevo rellena de setas y trufa","País de origen: Italia","Nombre del operador: Rana Hispania sau","Dirección del operador: Avda Hermanos Bou 31, 12003 Castellon de la plana","Cantidad Neta: 250 g","Número de raciones por envase: 2"],"ingredients":[" Relleno 57%: requesón (suero de leche, leche), Champiñónes (Agaricus bisporus) 18%, aceite de semillas de girasol, fibras vegetales, queso bajo en grasas, almidones, queso rallado, queso mascarpone, pan rallado (contiene gluten), suero de leche en polvo, aromas naturales, sal,  proteínas de la leche, cebollíno, cebolla, extracto de levadura, ajo en polvo, leche desnatada en polvo, trufa blanca (Tuber magnatum pico) 0.05%, pimienta.Pasta 43%: harina de trigo blando, huevos 30%, sémola de trigo duro. Producido en una fábrica que utiliza también apio, frutos de cáscara, crustáceos, pescado y moluscos."],"conservation":" Producto envasado en atmosfera protectora. Conservar en frigorifico a +4/6 grados centigrados. Una vez abierto consumir en tres días","ean":"8001665700900"},{"full_name":"GIOVANNI RANA GOURMET Tagliatelle pasta fresca con tomate y albahaca bolsa 250 g","name":"Tagliatelle pasta fresca con tomate y albahaca bolsa 250 g","brand":"GIOVANNI RANA GOURMET ","img":"https://sgfm.elcorteingles.es/SGFM/dctm/MEDIA02/CONTENIDOS/201602/01/00118845102740____2__600x600.jpg","price":"2,02 €","price_unit":"(8,08 € / Kilo)","categories":["Supermercado","Alimentación General","Pastas y masas","Pasta fresca","GIOVANNI RANA GOURMET Tagliatelle pasta fresca con tomate y albahaca bolsa 250 g"],"general_information":["Denominación del alimento: Pasta fresca al huevo","País de origen: Italia","Nombre del operador: Rana Hispania sau","Dirección del operador: Avda Hermanos Bou 31, 12003 Castellon de la plana","Cantidad Neta: 250 g","Número de raciones por envase: 2"],"ingredients":[],"conservation":" Producto envasado en atmosfera protectora. Conservar en frigorifico a +4/6 grados centigrados. Una vez abierto consumir en tres días","ean":"8001665702218"},{"full_name":"GIOVANNI RANA GOURMET ravioli fresco relleno de pera y crema de queso bandeja 250 g","name":"ravioli fresco relleno de pera y crema de queso bandeja 250 g","brand":"GIOVANNI RANA GOURMET ","img":"https://sgfm.elcorteingles.es/SGFM/dctm/MEDIA02/CONTENIDOS/201406/13/00118845100629____1__600x600.jpg","price":"3,75 €","price_unit":"(15 € / Kilo)","categories":["Supermercado","Alimentación General","Pastas y masas","Pasta fresca","GIOVANNI RANA GOURMET ravioli fresco relleno de pera y crema de queso bandeja 250 g"],"general_information":["Denominación del alimento: Pasta fresca al huevo rellena de pera y queso","País de origen: Italia","Nombre del operador: Rana Hispania sau","Dirección del operador: Avda Hermanos Bou 31, 12003 Castellon de la plana","Cantidad Neta: 250 g","Número de raciones por envase: 2"],"ingredients":[" Relleno 57%: requesón (suero de leche, leche), pera deshidratada 13%, nata,  queso curado 6%, fibras vegetales,  queso Gorgonzola 4%, suero de leche en polvo,  patatas deshidratadas, queso Pecorino Romano 3%, aceite de semillas de girasol, almidon, aromas naturales, sal, extracto de levadura, especias.Pasta 43%: harina de trigo blando, huevos 30%, sémola de trigo duro. Producido en una fábrica que utiliza también apio, frutos de cáscara, crustáceos, pescado y moluscos."],"conservation":" Producto envasado en atmosfera protectora. Conservar en frigorifico a +4/6 grados centigrados. Una vez abierto consumir en tres días","ean":"8001665115476"},{"full_name":"GIOVANNI RANA GOURMET ravioli fresco relleno de asado de carne con setas envase 250 g","name":"ravioli fresco relleno de asado de carne con setas envase 250 g","brand":"GIOVANNI RANA GOURMET ","img":"https://sgfm.elcorteingles.es/SGFM/dctm/MEDIA03/201704/05/00118845103037____1__600x600.jpg","price":"3,75 €","price_unit":"(15 € / Kilo)","categories":["Supermercado","Alimentación General","Pastas y masas","Pasta fresca","GIOVANNI RANA GOURMET ravioli fresco relleno de asado de carne con setas envase 250 g"],"general_information":["Denominación del alimento: Pasta fresca al huevo rellena de carne de vacuno y setas","País de origen: Italia","Nombre del operador: Rana Hispania sau","Dirección del operador: Avda Hermanos Bou 31, 12003 Castellon de la plana","Cantidad Neta: 250 g","Número de raciones por envase: 2"],"ingredients":[" Relleno 56%: Carne de vacuno asada 25%, champiñones (agaricus bisporus) 18%, queso mascarpone, requesón (suero de leche, leche, sal), queso mozzarella, aromas naturales (contiene trigo y cebada), suero de leche en polvo, fibra vegetal(contiene trigo), aceite de girasol, mantequilla, tomate concentrado, almidón, vino tinto, azúcar, sal, Champiñones secos (Agaricus bisporus) 1%, cebolla, ajo, cebolla deshidratada, hongos boletus secos (Boletus edulis y su tipo) 0,1%, pimienta, ajo en polvo, leche desnatada en polvo.  Pasta 44%: harina de trigo blando, huevos 30%, sémola de trigo duro. Producido en una fábrica que utiliza también apio, frutos de cáscara, crustáceos, pescado y moluscos."],"conservation":" Producto envasado en atmosfera protectora. Conservar en frigorifico a +4/6 grados centigrados. Una vez abierto consumir en tres días","ean":"8001665704113"},{"full_name":"GIOVANNI RANA DUETTO pasta fresca rellena de espárragos y rellena de parmigiano reggiano bandeja 250 g","name":"pasta fresca rellena de espárragos y rellena de parmigiano reggiano bandeja 250 g","brand":"GIOVANNI RANA DUETTO ","img":"https://sgfm.elcorteingles.es/SGFM/dctm/MEDIA02/CONTENIDOS/201503/11/00118845102724000_1__600x600.jpg","price":"3,75 €","price_unit":"(15 € / Kilo)","categories":["Supermercado","Alimentación General","Pastas y masas","Pasta fresca","GIOVANNI RANA DUETTO pasta fresca rellena de espárragos y rellena de parmigiano reggiano bandeja 250 g"],"general_information":["Denominación del alimento: Pasta fresca al huevo rellena de esparrago y parmesano","País de origen: Italia","Nombre del operador: Rana Hispania sau","Dirección del operador: Avda Hermanos Bou 31, 12003 Castellon de la plana","Cantidad Neta: 250 g","Número de raciones por envase: 2"],"ingredients":[" Pasta fresca al huevo con espinacas rellena de espárragos. Ingredientes: Relleno 52%: espárragos 26%, resquesón (suero de leche, leche), queso mascarpone, fibras vegetales, queso rallado, queso bajo en grasas, aceite de semillas de girasol, suero de leche en polvo, pan rallado (contiene gluten), almidón, sal, aromas naturales (contienen leche y glutén), pimienta. Pasta 48%: harina de trigo blando, huevos 30%, sémola de trigo duro, espinacas en polvo 2%. /Pasta fresca al huevo rellena de queso Parmigiano reggiano. Ingredientes: relleno 52%: requesón (suero de leche, leche), queso Parmigiano ReggianoDOP 12%, fibras vegetales, crema, pan rallado (contiene gluten), almidones, suero de leche en polvo, aceite de semillas de girasol, sal , aromas naturales (contiene leche y glutén), albumen en polvo, extracto de levadura. Pasta 48%: harina de trigo blando, huevos 30%, sémola de trigo duro. Producido en una fábrica que utiliza también, apio, frutos de cascara, crustáceos, pescado y marisco."],"conservation":" Producto envasado en atmosfera protectora. Conservar en frigorifico a +4/6 grados centigrados. Una vez abierto consumir en tres días","ean":"8001665702294"},{"full_name":"GIOVANNI RANA DUETTO pasta fresca rellena de setas y queso Taleggio bandeja 250 g","name":"pasta fresca rellena de setas y queso Taleggio bandeja 250 g","brand":"GIOVANNI RANA DUETTO ","img":"https://sgfm.elcorteingles.es/SGFM/dctm/MEDIA02/CONTENIDOS/201504/14/00118845102732____1__600x600.jpg","price":"3,75 €","price_unit":"(15 € / Kilo)","categories":["Supermercado","Alimentación General","Pastas y masas","Pasta fresca","GIOVANNI RANA DUETTO pasta fresca rellena de setas y queso Taleggio bandeja 250 g"],"general_information":["Denominación del alimento: Pasta fresca al huevo rellena de setas y queso taleggio","País de origen: Italia","Nombre del operador: Rana Hispania sau","Dirección del operador: Avda Hermanos Bou 31, 12003 Castellon de la plana","Cantidad Neta: 250 g","Número de raciones por envase: 2"],"ingredients":[" Pasta rellena de taleggio: Relleno 52%, queso taleggio DOP 30%, requesón (suero de leche, leche), fibras vegetales, queso bajo en grasas, aceite de semillas de girasol, suero de leche en polvo, queso mascarpone, pan rallado (contiene gluten), almidón, aromas naturales (contiene leche), sal, albumen en polvo, extracto de levadura. Pasta 48%:harina de trigo blando, huevos 30%, sémola de trigo duro./ Pasta rellena de champiñon: relleno 52%: champñones /agaricus bisporus) 27.5%, requeson (suero de leche, leche), fibras vegetales, queso mascarpone, aceite de semillas de girasol, suero de leche en polvo, queso bajo en grasas, patatas deshidratadas, almidones, aromas naturales (contiene leche), sal, perejil, albumen en polvo, champiñones deshidratados (agaricus bisporus) 0.5%, cebolla, extracto de levadura, ajo en polvo, leche desnatada en polvo, regulador de acidez: bicarbonato de sodio, pimienta, especias. Pasta 48%: harina de trigo blando, huevos 30%, semola de trigo duro, cacao en polvo 0.9%. Producidos en una fábrica que utiliza también apio, frutos de cáscara, crustaceos, pescado y moluscos."],"conservation":" Producto envasado en atmosfera protectora. Conservar en frigorifico a +4/6 grados centigrados. Una vez abierto consumir en tres días","ean":"8001665702232"},{"full_name":"BUITONI Ripieni Tradizionali pasta fresca cappelletti de jamón bandeja 250 g","name":"Ripieni Tradizionali pasta fresca cappelletti de jamón bandeja 250 g","brand":"BUITONI ","img":"https://sgfm.elcorteingles.es/SGFM/dctm/MEDIA03/201707/10/00118845100322____6__600x600.jpg","price":"2,79 €","price_unit":"(11,16 € / Kilo)","categories":["Supermercado","Alimentación General","Pastas y masas","Pasta fresca","BUITONI Ripieni Tradizionali pasta fresca cappelletti de jamón bandeja 250 g"],"general_information":["Denominación del alimento: PASTA FRESCA AL HUEVO RELLENA DE JAMÓN","Nombre del operador: Nestlé España, S.A.","Dirección del operador: Nestlé España, S.A. ? Edificio Nestlé- 08950 ? Esplugues de Llobregat (Barcelona)","Cantidad Neta: 250 g","Otras menciones obligatorias en la etiqueta: Consumir después de cocer. / Una vez abierto, consumir en 3 días. / Envasado en atmósfera protectora. / Las raciones deben adaptarse según las diferentes edades de los niños"],"ingredients":[" Pasta (62%): Sémola de trigo duro, huevo (18%).Relleno (38%): Mortadela (carne de cerdo, grasa de cerdo, corteza de cerdo, harina de arroz, sal, especias, aromas), suero de leche, pan rallado (contiene gluten), aceite de girasol, jamón curado (carne de cerdo, sal) 7,5%, suero de leche en polvo, aromas, fibras vegetales, queso Grana Padano (leche, sal, cuajo, conservador: lisozima de huevo) (2,5%), nuez moscada, ajo, sal. Puede contener apio y frutos secos."],"conservation":" Conservar en frío a + 4 °C","ean":"8005420567401"},{"full_name":"BUITONI Ripieni Tradizionali pasta fresca ravioli  de carne al brasato bandeja 250 g","name":"Ripieni Tradizionali pasta fresca ravioli  de carne al brasato bandeja 250 g","brand":"BUITONI ","img":"https://sgfm.elcorteingles.es/SGFM/dctm/MEDIA03/201707/10/00118845100306____6__600x600.jpg","price":"2,79 €","price_unit":"(11,16 € / Kilo)","categories":["Supermercado","Alimentación General","Pastas y masas","Pasta fresca","BUITONI Ripieni Tradizionali pasta fresca ravioli  de carne al brasato bandeja 250 g"],"general_information":["Denominación del alimento: PASTA FRESCA AL HUEVO RELLENA DE CARNE.","Nombre del operador: Nestlé España, S.A.","Dirección del operador: Nestlé España, S.A. ? Edificio Nestlé- 08950 ? Esplugues de Llobregat (Barcelona)","Cantidad Neta: 250 g","Otras menciones obligatorias en la etiqueta: Consumir después de cocer. Una vez abierto, consumir en 3 días. / Envasado en atmósfera protectora. / Las raciones deben adaptarse según las diferentes edades de los niños"],"ingredients":[" Pasta 57%: sémola de trigo duro, huevo 18%. Relleno 43%: carne de vacuno cocido 34%, pan rallado (contiene gluten), aceite de girasol, zanahoria 6%, suero de leche, vino tinto 5.5%, cebolla 5.4%, apio 2.8%, sal, aroma (contiene apio y gluten). Puede contener frutos secos."],"conservation":" Conservar a +4°C","ean":"8005420567425"},{"full_name":"BUITONI Ripieni Tradizionali pasta fresca ravioli de 5 quesos bandeja 250 g","name":"Ripieni Tradizionali pasta fresca ravioli de 5 quesos bandeja 250 g","brand":"BUITONI ","img":"https://sgfm.elcorteingles.es/SGFM/dctm/MEDIA03/201707/10/00118845100330____6__600x600.jpg","price":"2,79 €","price_unit":"(11,16 € / Kilo)","categories":["Supermercado","Alimentación General","Pastas y masas","Pasta fresca","BUITONI Ripieni Tradizionali pasta fresca ravioli de 5 quesos bandeja 250 g"],"general_information":["Denominación del alimento: PASTA FRESCA AL HUEVO RELLENA DE QUESOS.","Nombre del operador: Nestlé España, S.A.","Dirección del operador: Nestlé España, S.A. ? Edificio Nestlé- 08950 ? Esplugues de Llobregat (Barcelona)","Cantidad Neta: 250 g","Otras menciones obligatorias en la etiqueta: Consumir después de cocer./Una vez abierto, consumir en 3 días. / Envasado en atmósfera protectora. / Las raciones deben adaptarse según las diferentes edades de los niños"],"ingredients":[" Pasta 52%: Sémola de trigo duro, huevo (18%). Relleno 48%: queso Ricotta (21%) (nata, suero de leche, leche, sal), quesos (20,5%): (Grana padano 8% (leche, sal, cuajo, conservador: lisozima de huevo), Gorgonzola 7,2%, Provolone picante 4,3%, Fontal 1%), pan rallado(contiene gluten), suero de leche, aceite de girasol, suero de leche en polvo, fibra vegetal, proteínas de leche, sal, aromas (contiene leche y gluten), nuez moscada, almidón de arroz, acidulante (ácido láctico). Puede contener frutos secos y apio."],"conservation":" Conservar en frío a + 4 °C","ean":"8005420567463"},{"full_name":"BUITONI Ripieni Tradizionali pasta fresca tortellini de carne guisada envase 250 g","name":"Ripieni Tradizionali pasta fresca tortellini de carne guisada envase 250 g","brand":"BUITONI ","img":"https://sgfm.elcorteingles.es/SGFM/dctm/MEDIA03/201707/10/00118845103045____6__600x600.jpg","price":"2,79 €","price_unit":"(11,16 € / Kilo)","categories":["Supermercado","Alimentación General","Pastas y masas","Pasta fresca","BUITONI Ripieni Tradizionali pasta fresca tortellini de carne guisada envase 250 g"],"general_information":["Denominación del alimento: PASTA FRESCA AL HUEVO RELLENA DE CARNE.","Nombre del operador: Nestlé España, S.A.","Dirección del operador: Nestlé España, S.A. ? edificio Nestlé- 08950 ? Esplugues de Llobregat (Barcelona)","Cantidad Neta: 250 g","Otras menciones obligatorias en la etiqueta: Consumir después de cocer / Una vez abierto, consumir en 3 días. / Envasado en atmósfera protectora. / Las raciones deben adaptarse a las diferentes edades de los niños"],"ingredients":[" Pasta 62%: Sémola de trigo duro, huevo 18%. Relleno 38%: carne de cerdo cocida 29%, pan rallado (contiene gluten), suero de leche, mortadela ( carne de cerdo, grasa de cerdo, corteza de cerdo, harina de arroz, sal, aromas, especias), carne de vacuno cocida 5%, suero de leche en polvo, aceite de girasol, sal, aromas (contienen gluten) fibras vegetales, nuez moscada, ajo. Puede contener apio y frutos secos"],"conservation":" Conservar en frío a + 4 °C","ean":"8005420538319"},{"full_name":"BUITONI Ripieni Tradizionali pasta fresca tortelloni ricotta y espinacas bandeja 250 g","name":"Ripieni Tradizionali pasta fresca tortelloni ricotta y espinacas bandeja 250 g","brand":"BUITONI ","img":"https://sgfm.elcorteingles.es/SGFM/dctm/MEDIA03/201707/10/00118845100314____6__600x600.jpg","price":"2,79 €","price_unit":"(11,16 € / Kilo)","categories":["Supermercado","Alimentación General","Pastas y masas","Pasta fresca","BUITONI Ripieni Tradizionali pasta fresca tortelloni ricotta y espinacas bandeja 250 g"],"general_information":["Denominación del alimento: PASTA FRESCA AL HUEVO RELLENA DE QUESO RICOTTA Y ESPINACAS","Nombre del operador: Nestlé España, S.A.","Dirección del operador: Nestlé España, S.A. ? Edificio Nestlé- 08950 ? Esplugues de Llobregat (Barcelona)","Cantidad Neta: 250 g","Otras menciones obligatorias en la etiqueta: Consumir después de cocer./ Una vez abierto, consumir en 3 días. / Envasado en atmósfera protectora. / Las raciones deben adaptarse según las diferentes edades de los niños"],"ingredients":[" Pasta 55%: Sémola de trigo duro, huevo 18%. Relleno 45%: Queso Ricotta 35% (suero de leche, nata, sal), suero de leche, espinacas 13%, pan rallado (contiene gluten), copos de patata, aceite de girasol, suero de leche en polvo, queso Grana Padano (leche, sal, cuajo, conservador: lisozima de huevo ), dextrosa, sal, fibras vegetales, aromas, ajo, nuez moscada. Puede contener apio y frutos secos ."],"conservation":" Conservar en frío a + 4 °C","ean":"8005420567449"},{"full_name":"BUITONI Ripieni Tradizionali pasta fresca ravioli de setas del bosque envase 250 g","name":"Ripieni Tradizionali pasta fresca ravioli de setas del bosque envase 250 g","brand":"BUITONI ","img":"https://sgfm.elcorteingles.es/SGFM/dctm/MEDIA03/201707/10/00118845100710____1__600x600.jpg","price":"2,79 €","price_unit":"(11,16 € / Kilo)","categories":["Supermercado","Alimentación General","Pastas y masas","Pasta fresca","BUITONI Ripieni Tradizionali pasta fresca ravioli de setas del bosque envase 250 g"],"general_information":["Denominación del alimento: PASTA FRESCA AL HUEVO RELLENA DE SETAS.","Nombre del operador: Nestlé España, S.A.","Dirección del operador: Nestlé España, S.A. ? Edificio Nestlé- 08950 ? Esplugues de Llobregat (Barcelona)","Cantidad Neta: 250 g","Otras menciones obligatorias en la etiqueta: Consumir después de cocer. Una vez abierto, consumir en 3 días. / Envasado en atmósfera protectora. / Las raciones deben adaptarse según las diferentes edades de los niños"],"ingredients":[" Pasta 52%: sémola de trigo duro, huevo (18%). Relleno 48%: ricotta (suero de leche, nata, sal), setas (17%) (champiñones 11%, boletos 6%), copos de patata, aceite de girasol, suero de leche en polvo, pan rallado (contiene gluten), suero de leche, harina de arroz, sal, vino blanco, perejil, champiñón deshidratado (0.9%), extracto de boletos, aromas (contiene gluten), ajo. Puede contener apio y frutos secos"],"conservation":" Conservar a +4°C","ean":"8000300167832"},{"full_name":"BUITONI Piaceri Ripieni pasta fresca ravioli tomate mozarella y jamón bandeja 250 g","name":"Piaceri Ripieni pasta fresca ravioli tomate mozarella y jamón bandeja 250 g","brand":"BUITONI ","img":"https://sgfm.elcorteingles.es/SGFM/dctm/MEDIA03/201707/10/00118845101551____1__600x600.jpg","price":"3,10 €","price_unit":"(12,40 € / Kilo)","categories":["Supermercado","Alimentación General","Pastas y masas","Pasta fresca","BUITONI Piaceri Ripieni pasta fresca ravioli tomate mozarella y jamón bandeja 250 g"],"general_information":["Denominación del alimento: Pasta fresca al huevo rellena de tomate, mozzarella y jamón.","Nombre del operador: Nestlé España, S.A.","Dirección del operador: Nestlé España, S.A. ? Edificio Nestlé- 08950 ? Esplugues de Llobregat (Barcelona)","Cantidad Neta: 250 g","Otras menciones obligatorias en la etiqueta: Consumir después de cocer. Una vez abierto, consumir en 3 días. / Envasado en atmósfera protectora. / Las raciones deben adaptarse según las diferentes edades de los niños"],"ingredients":[" Pasta 52%: sémola de trigo duro, huevo (18%). Relleno 48%: queso ricotta (suero de leche, nata, sal), queso mozzarella (10%) (leche, sal, fermentos lácticos, cuajo), tomate concentrado, aceite de girasol, suero de leche en polvo, pan rallado (contiene gluten), jamón curado (7%) (jamón, sal), copos de patata, suero de leche, tomates cherry (5%), albahaca (2,7%), fibra alimentaria, sal, aromas (contiene leche y gluten). Puede contener frutos secos y apio."],"conservation":" Conservar a +4°C","ean":"8000300272116"},{"full_name":"BUITONI Piaceri Ripieni pasta fresca ravioli gorgonzola al jamón bandeja 250 g","name":"Piaceri Ripieni pasta fresca ravioli gorgonzola al jamón bandeja 250 g","brand":"BUITONI ","img":"https://sgfm.elcorteingles.es/SGFM/dctm/MEDIA03/201707/10/00118845101569____1__600x600.jpg","price":"3,22 €","price_unit":"(12,88 € / Kilo)","categories":["Supermercado","Alimentación General","Pastas y masas","Pasta fresca","BUITONI Piaceri Ripieni pasta fresca ravioli gorgonzola al jamón bandeja 250 g"],"general_information":["Denominación del alimento: PASTA FRESCA AL HUEVO RELLENA DE QUESO GORGONZOLA Y SPECK.","Nombre del operador: Nestlé España, S.A.","Dirección del operador: Nestlé España, S.A. ? Edificio Nestlé- 08950 ? Esplugues de Llobregat (Barcelona)","Cantidad Neta: 250 g","Otras menciones obligatorias en la etiqueta: Consumir después de cocer. Una vez abierto, consumir en 3 días. / Envasado en atmósfera protectora. / Las raciones deben adaptarse según las diferentes edades de los niños"],"ingredients":[" Pasta (55%): Sémola de trigo duro, huevo (18%). Relleno (45%): suero de leche, queso ricotta (suero de leche, nata, sal), speck (10%) (jamón de cerdo, sal, especias, dextrosa, aromas), pan rallado (contiene gluten), aceite de girasol, copos de patata, suero de leche en polvo, harina de arroz, queso gorgonzola (3%), almidón de arroz, sal, fibra alimentaria, aromas (contiene leche y gluten). Puede contener frutos secos y apio."],"conservation":" Conservar a +4°C","ean":"8000300272130"},{"full_name":"BUITONI Piaceri Ripieni pasta fresca tortelloni verduritas asadas envase 250 g","name":"Piaceri Ripieni pasta fresca tortelloni verduritas asadas envase 250 g","brand":"BUITONI ","img":"https://sgfm.elcorteingles.es/SGFM/dctm/MEDIA03/201707/10/00118845101544____1__600x600.jpg","price":"3,10 €","price_unit":"(12,40 € / Kilo)","categories":["Supermercado","Alimentación General","Pastas y masas","Pasta fresca","BUITONI Piaceri Ripieni pasta fresca tortelloni verduritas asadas envase 250 g"],"general_information":["Denominación del alimento: Pasta fresca al huevo rellena de verduras asadas.","Nombre del operador: Nestlé España, S.A.","Dirección del operador: NESTLÉ ESPAÑA, S.A. ? Edificio Nestlé ? 08950 ? Esplugues de Llobregat, Barcelona","Cantidad Neta: 250 g","Otras menciones obligatorias en la etiqueta: Producto crudo. Consumir después de cocer. Envasado en atmósfera protectora."],"ingredients":[" Sémola de trigo duro, verduras asadas 14,3% (calabacín, cebolla, pimientos amarillo y rojo), huevo 9,9 %, Ricotta 6,3%, patata deshidratada, pan rallado (contiene gluten), aceite de girasol, tomate 2,2%, fibra vegetal (inulina), aceite de oliva virgen extra, queso pecorino, sal, orégano, aromas. Puede contener apio y frutos secos."],"conservation":" Conservar a +4°C. Una vez abierto, consumir en 3 días.","ean":"8000300267143"},{"full_name":"BUITONI Piaceri Ripienii pasta fresca ravioli manzana con cebolla caramelizada bandeja 250 g","name":"Piaceri Ripienii pasta fresca ravioli manzana con cebolla caramelizada bandeja 250 g","brand":"BUITONI ","img":"https://sgfm.elcorteingles.es/SGFM/dctm/MEDIA03/201707/10/00118845101585____1__600x600.jpg","price":"3,22 €","price_unit":"(12,88 € / Kilo)","categories":["Supermercado","Alimentación General","Pastas y masas","Pasta fresca","BUITONI Piaceri Ripienii pasta fresca ravioli manzana con cebolla caramelizada bandeja 250 g"],"general_information":["Denominación del alimento: Pasta fresca al huevo rellena de manzana y cebolla caramelizada.","Nombre del operador: Nestlé España, S.A.","Dirección del operador: Nestlé España, S.A. ? Edificio Nestlé- 08950 ? Esplugues de Llobregat (Barcelona)","Cantidad Neta: 250 g","Otras menciones obligatorias en la etiqueta: Producto crudo. Consumir después de cocer. Una vez abierto, consumir en 3 días. / Envasado en atmósfera protectora."],"ingredients":[" Sémola de trigo duro, manzana (10,7%), huevo (9,7%), queso, pan rallado (contiene trigo), queso ricotta, patata deshidratada, suero de leche, nata, cebolla (2,2%), aceite de girasol, fibra vegetal (inulina), mantequilla, sal, aromas. Puede contener apio y frutos secos."],"conservation":" Conservar a +4°C","ean":"7613032657345"},{"full_name":"BUITONI Ripieni Cremosi pasta fresca ravioli cremoso de setas envase 240 g","name":"Ripieni Cremosi pasta fresca ravioli cremoso de setas envase 240 g","brand":"BUITONI ","img":"https://sgfm.elcorteingles.es/SGFM/dctm/MEDIA02/CONTENIDOS/201504/17/00118845102484____1__600x600.jpg","price":"3,35 €","price_unit":"(13,96 € / Kilo)","categories":["Supermercado","Alimentación General","Pastas y masas","Pasta fresca","BUITONI Ripieni Cremosi pasta fresca ravioli cremoso de setas envase 240 g"],"general_information":["Denominación del alimento: Pasta fresca al huevo rellena de setas","Nombre del operador: Nestlé España, S.A.","Dirección del operador: Nestlé España, S.A. Edificio Nestlé 08950 Esplugues de Llobregat (Barcelona)","Cantidad Neta: 240 g","Número de raciones por envase: 2","Otras menciones obligatorias en la etiqueta: Producto crudo. Consumir después de cocer. Una vez abierto, consumir en 3 días. Envasado en atmósfera protectora."],"ingredients":[" Sémola de trigo duro, suero de leche, setas (13%) (Boletus edulis, Pleurotus Ostreatus, champiñón), huevo (8.6%), quesos, suero de leche en polvo, aceite de girasol, patata deshidratada, fibras vegetales (cítricos, bambú, Plantago Ovata), pan rallado, sal, harina de arroz, perejil, concentrado de Boletus edulis, aromas, ajo. Puede contener trazas de frutos secos y apio."],"conservation":" Conservar en frío a +4°C.","ean":"8000300330229"},{"full_name":"BUITONI Ripieni Cremosi pasta fresca ravioli cremoso de espinacas y queso ricotta envase 240 g","name":"Ripieni Cremosi pasta fresca ravioli cremoso de espinacas y queso ricotta envase 240 g","brand":"BUITONI ","img":"https://sgfm.elcorteingles.es/SGFM/dctm/MEDIA02/CONTENIDOS/201504/17/00118845102492____1__600x600.jpg","price":"3,41 €","price_unit":"(14,21 € / Kilo)","categories":["Supermercado","Alimentación General","Pastas y masas","Pasta fresca","BUITONI Ripieni Cremosi pasta fresca ravioli cremoso de espinacas y queso ricotta envase 240 g"],"general_information":["Denominación del alimento: Pasta fresca al huevo rellena de queso de ricotta y espinacas","Nombre del operador: Nestlé España, S.A.","Dirección del operador: Nestlé España, S.A. Edificio Nestlé. 08950 Esplugues de Llobregat (Barcelona)","Cantidad Neta: 240 g","Número de raciones por envase: 2","Otras menciones obligatorias en la etiqueta: Producto crudo. Consumir después de cocer. Una vez abierto, consumir en 3 días. Envasado en atmósfera protectora."],"ingredients":[" Sémola de trigo duro, queso ricotta (23%), huevo (8,6%), espinacas (8%), queso, suero de leche, fibra alimentaria (inulina), mantequilla, dextrosa, harina de arroz, aceite de girasol, sal, nuez moscada. Puede contener trazas de frutos secos y apio."],"conservation":" Conservar en frío a +4°C.","ean":"8000300330205"},{"full_name":"BUITONI Ripieni Cremosi pasta fresca ravioli cremoso de queso gorgonzola y almendras envase 240 g","name":"Ripieni Cremosi pasta fresca ravioli cremoso de queso gorgonzola y almendras envase 240 g","brand":"BUITONI ","img":"https://sgfm.elcorteingles.es/SGFM/dctm/MEDIA02/CONTENIDOS/201504/17/00118845102500____1__600x600.jpg","price":"3,41 €","price_unit":"(14,21 € / Kilo)","categories":["Supermercado","Alimentación General","Pastas y masas","Pasta fresca","BUITONI Ripieni Cremosi pasta fresca ravioli cremoso de queso gorgonzola y almendras envase 240 g"],"general_information":["Denominación del alimento: Pasta fresca al huevo rellena de queso gorgonzola y almendras","Nombre del operador: Nestlé España, S.A.","Dirección del operador: Nestlé España, S.A. Edificio Nestlé. 08950 Esplugues de Llobregat (Barcelona)","Cantidad Neta: 240 g","Número de raciones por envase: 2","Otras menciones obligatorias en la etiqueta: Producto crudo. Consumir después de cocer. Una vez abierto, consumir en 3 días. Envasado en atmósfera protectora."],"ingredients":[" Sémola de trigo duro, suero de leche, queso gorgonzola (10%), huevo (8,6%), quesos  (7,5%) (fontal, goya), suero de leche en polvo, aceite de girasol, pan rallado, almendra tostada (2%), inulina, queso en polvo, harina de arroz, aroma (contiene lactosa), sal, mantequilla, leche desnatada en polvo, azúcar, almidón de arroz, acidulante (ácido láctico). Puede contener trazas de otros frutos secos y apio."],"conservation":" Conservar en frío a +4°C.","ean":"8000300330243"},{"full_name":"GALLO pasta fresca soles con boletus, shitake y mozzarella envase 250 g","name":"pasta fresca soles con boletus, shitake y mozzarella envase 250 g","brand":"GALLO ","img":"https://sgfm.elcorteingles.es/SGFM/dctm/MEDIA03/201604/18/00118845102872____1__600x600.jpg","price":"3,39 €","price_unit":"(13,56 € / Kilo)","categories":["Supermercado","Alimentación General","Pastas y masas","Pasta fresca","GALLO pasta fresca soles con boletus, shitake y mozzarella envase 250 g"],"general_information":["Denominación del alimento: PASTA ALIMENTICIA FRESCA AL HUEVO RELLENA CON BOLETUS, SHIITAKE Y MOZZARELLA","País de origen: España","Nombre del operador: COMERCIAL GALLO, S.A.U.","Dirección del operador: Avda Diagonal 468, 4-C. Barcelona. España","Cantidad Neta: 250 g"],"ingredients":[" Pasta 39%: Harina de trigo, agua, huevos 13%, sémola de trigo duro. Relleno 61%: Mezcla en proporción variable de setas 32% (champiñones cultivados (Agaricus Bisporus), Pholiota nameko, Pleurotus ostreatus, Shiitake, Boletus luteus), cebolla, preparado lácteo (queso, proteína de leche, suero de leche, leche en polvo, grasa vegetal (palma y girasol), sales de fundido: polifosfato sódico, fosfato sódico, almidón modificado de patata y tapioca, aromas naturales, sal, conservador:sorbato potásico), vino blanco, copos de patata (patata, emulgente: mono y diglicéridos de los ácidos grasos, estabilizante: ácido cítrico, antioxidantes: ácido ascórbico, metabilsulfito sódico), Mozzarella 5%, pan rallado, aceite de girasol, extracto de levadura, sal, fibra de trigo, aroma. ALÉRGENOS: Contiene gluten, huevo, leche y sulfitos. Puede contener trazas de frutos de cáscara y pescados"],"conservation":" Conservar en el frigorífico entre 2ºC y 4ºC. Envasado en atmósfera protectora.","ean":"8410069012555"},{"full_name":"GALLO pasta fresca soles con foie y manzana envase 250 g","name":"pasta fresca soles con foie y manzana envase 250 g","brand":"GALLO ","img":"https://sgfm.elcorteingles.es/SGFM/dctm/MEDIA03/201604/18/00118845102856____1__600x600.jpg","price":"3,39 €","price_unit":"(13,56 € / Kilo)","categories":["Supermercado","Alimentación General","Pastas y masas","Pasta fresca","GALLO pasta fresca soles con foie y manzana envase 250 g"],"general_information":["Denominación del alimento: PASTA ALIMENTICIA FRESCA AL HUEVO RELLENA CON FOIE GRAS MICUIT Y MANZANA","País de origen: España","Nombre del operador: COMERCIAL GALLO, S.A.U.","Dirección del operador: Avda Diagonal 468, 4-C. Barcelona. España","Cantidad Neta: 250 g"],"ingredients":[" Pasta 39%: Harina de trigo, agua, huevos 13%, sémola de trigo duro. Relleno 61%: Ricotta, manzana 18%, mousse de foie de pato 13% y mousse de pato (foie gras de pato 50%, grasa de pato, hígado de pato, pechuga de pollo, leche en polvo reconstituida, especias, vino, sal, fécula de patata, huevo en polvo, proteína de leche, emulgente: ésteres cítricos de ácidos grasos, estabilizantes: carragenano, sorbitol, difosfato disódico, conservadores: sorbato potásico, etil p-hidroxibenzoato, nitrito sódico y antioxidante: ascorbato sódico, gelatina y colorantes: dióxido de titanio, carotenos), suero de leche en polvo, copos de patata (patata, emulgente: mono y diglicéridos de los ácidos grasos, estabilizante: pirofosfato ácido de sodio, antioxidantes: metabisulfito de sodio, palmitato de ascorbilo), margarina (grasas y aceites vegetales (palma y girasol), agua, emulgente: mono y diglicéridos de los ácidos grasos, sal, acidulante: ácido cítrico, aromas), foie gras micuit 2%, azúcar, extracto de levadura, fibra de trigo, sal. ALÉRGENOS: Contiene gluten, huevo y leche. Puede contener trazas de frutos de cáscara y pescados"],"conservation":" Conservar en el frigorífico entre 2ºC y 4ºC. Envasado en atmósfera protectora.","ean":"8410069012548"},{"full_name":"GALLO pasta fresca triángulos con salmón ahumado con crema de queso y eneldo envase 250 g","name":"pasta fresca triángulos con salmón ahumado con crema de queso y eneldo envase 250 g","brand":"GALLO ","img":"https://sgfm.elcorteingles.es/SGFM/dctm/MEDIA03/201604/21/00118845102864____1__600x600.jpg","price":"3,39 €","price_unit":"(13,56 € / Kilo)","categories":["Supermercado","Alimentación General","Pastas y masas","Pasta fresca","GALLO pasta fresca triángulos con salmón ahumado con crema de queso y eneldo envase 250 g"],"general_information":["Denominación del alimento: PASTA ALIMENTICIA FRESCA AL HUEVO RELLENA CON SALMÓN AHUMADO, QUESO CREMOSO Y ENELDO","País de origen: España","Nombre del operador: COMERCIAL GALLO, S.A.U.","Dirección del operador: Avda Diagonal 468, 4-C. Barcelona. España","Cantidad Neta: 250 g"],"ingredients":[" Pasta 50%: Harina de trigo, agua, huevos 13%, sémola de trigo duro. Relleno 50%: Queso cremoso 43%, ricotta, carne de salmón 14%, salmón ahumado 10%,  copos de patata (patata, emulgente: mono y diglicéridos de los ácidos grasos, estabilizante: ácido cítrico, antioxidantes: ácido ascórbico, metabilsulfito sódico), sal, eneldo 0,3%, aroma. ALÉRGENOS: Contiene gluten, huevo, leche y pescados. Puede contener trazas de frutos de cáscara."],"conservation":" Conservar en el frigorífico entre 2ºC y 4ºC. Envasado en atmósfera protectora.","ean":"8410069012562"},{"full_name":"GALLO pasta fresca triángulos con confit de pato con cebolla caramelizada envase 250 g","name":"pasta fresca triángulos con confit de pato con cebolla caramelizada envase 250 g","brand":"GALLO ","img":"https://sgfm.elcorteingles.es/SGFM/dctm/MEDIA03/201706/19/00118845103060____1__600x600.jpg","price":"3,39 €","price_unit":"(13,56 € / Kilo)","categories":["Supermercado","Alimentación General","Pastas y masas","Pasta fresca","GALLO pasta fresca triángulos con confit de pato con cebolla caramelizada envase 250 g"],"general_information":["Denominación del alimento: PASTA ALIMENTICIA FRESCA AL HUEVO RELLENA CON CARNE DE PATO Y PERA","País de origen: España","Nombre del operador: COMERCIAL GALLO, S.A.U.","Dirección del operador: Avda Diagonal 468, 4-C. Barcelona. España","Cantidad Neta: 250 g"],"ingredients":[" Pasta 50%: harina de trigo, agua, huevos 13%, sémola de trigo duro. Relleno 50%: Pan rallado, carne de pollo, agua, pera 11% (pera, antioxidantes: ácido cítrico y ácido ascórbico), cebolla, confit de pato 7% (carne de pato, grasa de pato, sal), cebolla, carne de ternera, zanahoria, puerro, confit mollejas de pato (mollejas de pato, grasa de pato, sal), brandy, sal, aceite de girasol, azúcar, almidón modificado de tapioca, leche semidesnatada en polvo, aroma. ALÉRGENOS: Contiene gluten, huevo y leche. Puede contener trazas de frutos de cáscara y pescados."],"conservation":" Conservar en el frigorífico entre 2ºC y 4ºC. Envasado en atmósfera protectora.","ean":"8410069012692"},{"full_name":"EL CORTE INGLES lasaña 20 placas precociidas caja 250 g","name":"lasaña 20 placas precociidas caja 250 g","brand":"EL CORTE INGLES ","img":"https://sgfm.elcorteingles.es/SGFM/dctm/MEDIA03/201704/05/00118003502582____5__600x600.jpg","price":"1,09 €","price_unit":"(4,36 € / Kilo)","categories":["Supermercado","Alimentación General","Pastas y masas","Lasaña","EL CORTE INGLES lasaña 20 placas precociidas caja 250 g"],"general_information":["Denominación del alimento: Pasta alimenticia de calidad superior","Nombre del operador: Distribuido para \nEl Corte Inglés \npor Specialità Italo-Iberica S.L. \nC/DEN BROSSA 4B \n07001 PALMA DE MALLORCA - ESPAÑA","Lugar de procedencia del alimento: Producto de Italia","Cantidad Neta: 250 g","Número de raciones por envase: aprox. 4"],"ingredients":[" Ingredientes: Sémola de trigo duro"],"conservation":" Conservar en lugar fresco y seco.","ean":"8433329073707"},{"full_name":"EL PAVO lasaña instantánea precocida 18 placas caja 200 g","name":"lasaña instantánea precocida 18 placas caja 200 g","brand":"EL PAVO ","img":"https://sgfm.elcorteingles.es/SGFM/dctm/MEDIA02/CONTENIDOS/201408/21/00118003501410____2__600x600.jpg","price":"1,45 €","price_unit":"(7,25 € / Kilo)","categories":["Supermercado","Alimentación General","Pastas y masas","Lasaña","EL PAVO lasaña instantánea precocida 18 placas caja 200 g"],"general_information":["Denominación del alimento: Pasta alimenticia de Calidad Superior, laminada, precocida y desecada.","Nombre del operador: Gallina Blanca, S.A.","Dirección del operador: Plaza Europa 42, 08902 - Hospitalet de Llobregat (Barcelona)","Cantidad Neta: 200 g","Número de raciones por envase: 10"],"ingredients":[" Sémola de trigo duro."],"conservation":" Conservar en un lugar fresco, seco, y aislado del suelo.","ean":"8410173072025"},{"full_name":"GALLO placas para lasaña extrafinas directas al horno envase 200 g","name":"placas para lasaña extrafinas directas al horno envase 200 g","brand":"GALLO ","img":"https://sgfm.elcorteingles.es/SGFM/dctm/MEDIA03/201612/08/00118003502608____6__600x600.jpg","price":"1,42 €","price_unit":"(7,10 € / Kilo)","categories":["Supermercado","Alimentación General","Pastas y masas","Lasaña","GALLO placas para lasaña extrafinas directas al horno envase 200 g"],"general_information":["Denominación del alimento: PASTA ALIMENTICIA PARA LASAÑAS","País de origen: España","Nombre del operador: COMERCIAL GALLO, S.A.U.","Dirección del operador: Avda Diagonal 468, 4-C. Barcelona. España","Cantidad Neta: 224 g"],"ingredients":[" Sémola de trigo duro. Puede contener trazas de huevo."],"conservation":" Mantener en lugar fresco y seco","ean":"8410069015051"},{"full_name":"GALLO lasaña al huevo caja 250 g","name":"lasaña al huevo caja 250 g","brand":"GALLO ","img":"https://sgfm.elcorteingles.es/SGFM/01/21/9/0200103501219/0200103501219000g01011.jpg","price":"1,45 €","price_unit":"(5,80 € / Kilo)","categories":["Supermercado","Alimentación General","Pastas y masas","Lasaña","GALLO lasaña al huevo caja 250 g"],"general_information":["Denominación del alimento: PASTA ALIMENTICIA AL HUEVO PARA LASAÑAS","País de origen: España","Nombre del operador: COMERCIAL GALLO, S.A.U.","Dirección del operador: Avda Diagonal 468, 4-C. Barcelona. España","Cantidad Neta: 250 g"],"ingredients":[" Sémola de trigo duro, huevos (16,7%)"],"conservation":" Mantener en lugar fresco y seco","ean":"8410069012616"},{"full_name":"BARILLA lasaña al huevo 20 placas caja 250 g","name":"lasaña al huevo 20 placas caja 250 g","brand":"BARILLA ","img":"https://sgfm.elcorteingles.es/SGFM/01/04/8/0118003501048/0118003501048000g01011.jpg","price":"1,85 €","price_unit":"(7,40 € / Kilo)","categories":["Supermercado","Alimentación General","Pastas y masas","Lasaña","BARILLA lasaña al huevo 20 placas caja 250 g"],"general_information":["Denominación del alimento: PASTA ALIMENTICIA DE SÉMOLA DE TRIGO DURO AL HUEVO","País de origen: Italia","Nombre del operador: Barilla G. e R. Fratelli","Dirección del operador: Via Mantova 166, Parma - Italy","Cantidad Neta: 500 g"],"ingredients":[" Sémola de TRIGO duro, HUEVO (19,36%) (4 huevos - neto 200g - por kg de sémola)."],"conservation":" Conservar en lugar fresco y seco","ean":"8076809527040"},{"full_name":"DELVERDE placas de lasaña al huevo paquete 500 g","name":"placas de lasaña al huevo paquete 500 g","brand":"DELVERDE ","img":"https://sgfm.elcorteingles.es/SGFM/dctm/MEDIA03/201710/17/00118004404390____2__600x600.jpg","price":"2,90 €","price_unit":"(5,80 € / Kilo)","categories":["Supermercado","Alimentación General","Pastas y masas","Lasaña","DELVERDE placas de lasaña al huevo paquete 500 g"],"general_information":["Denominación del alimento: Pasta de sémola de trigo duro con huevo.","Nombre del operador: Negrini S.L.","Dirección del operador: C/Herreros, 5 Pol. Industrial Los Angeles 28906 Getafe (Madrid).","Cantidad Neta: 500 g","Otras menciones obligatorias en la etiqueta: Otros registros: 40.10735/CAT y 40.00020871/M"],"ingredients":[" sémola de trigo duro, huevos (19%), agua. Cereales que contienen gluten y productos derivados. Huevos y productos a base de huevos."],"conservation":" Conservar en lugar fresco y seco.","ean":"8006680131098"},{"full_name":"GIOVANNI RANA hojas frescas de lasaña envase 250 g","name":"hojas frescas de lasaña envase 250 g","brand":"GIOVANNI RANA ","img":"https://sgfm.elcorteingles.es/SGFM/dctm/MEDIA03/201710/04/00118812800177____1__600x600.jpg","price":"2,12 €","price_unit":"(8,48 € / Kilo)","categories":["Supermercado","Alimentación General","Pastas y masas","Lasaña","GIOVANNI RANA hojas frescas de lasaña envase 250 g"],"general_information":["Denominación del alimento: Pasta fresca al huevo","País de origen: Italia","Nombre del operador: Rana Hispania sau","Dirección del operador: Avda Hermanos Bou 31, 12003 Castellon de la plana","Cantidad Neta: 250 g","Número de raciones por envase: 2"],"ingredients":[" Ingredientes: Harina de trigo blando, sémola de trigo duro, huevos 18%, agua,"],"conservation":" Producto envasado en atmosfera protectora. Conservar en frigorifico a +4/6 grados centigrados. Una vez abierto consumir en tres días","ean":"8001665701099"},{"full_name":"FADAIC lasaña 16 placas paquete 160 g","name":"lasaña 16 placas paquete 160 g","brand":"FADAIC ","img":"https://sgfm.elcorteingles.es/SGFM/dctm/MEDIA02/CONTENIDOS/201410/30/00118003501378____1__600x600.jpg","price":"2,90 €","price_unit":"(18,12 € / Kilo)","categories":["Supermercado","Alimentación General","Pastas y masas","Lasaña","FADAIC lasaña 16 placas paquete 160 g"],"general_information":[],"ingredients":[],"ean":"8413306001008"},{"full_name":"EL CORTE INGLES canelones precocidos 16 placas caja 125 g","name":"canelones precocidos 16 placas caja 125 g","brand":"EL CORTE INGLES ","img":"https://sgfm.elcorteingles.es/SGFM/dctm/MEDIA03/201704/05/00118003502574____1__600x600.jpg","price":"0,64 €","price_unit":"(5,12 € / Kilo)","categories":["Supermercado","Alimentación General","Pastas y masas","Canelones","EL CORTE INGLES canelones precocidos 16 placas caja 125 g"],"general_information":["Denominación del alimento: Pasta alimenticia de calidad superior","Nombre del operador: Distribuido para \nEl Corte Inglés \npor Specialità Italo-Iberica S.L. \nC/DEN BROSSA 4B \n07001 PALMA DE MALLORCA - ESPAÑA","Lugar de procedencia del alimento: Producto de Italia","Cantidad Neta: 125 g","Número de raciones por envase: aprox. 4"],"ingredients":[" Ingredientes: Sémola de trigo duro"],"conservation":" Conservar en lugar fresco y seco.","ean":"8433329073691"},{"full_name":"GALLO canelones calidad superior 20 placas caja 125 g","name":"canelones calidad superior 20 placas caja 125 g","brand":"GALLO ","img":"https://sgfm.elcorteingles.es/SGFM/dctm/MEDIA03/201612/08/00118003501238____3__600x600.jpg","price":"0,64 €","price_unit":"(0,03 € / Unidad)","categories":["Supermercado","Alimentación General","Pastas y masas","Canelones","GALLO canelones calidad superior 20 placas caja 125 g"],"general_information":["Denominación del alimento: PASTA ALIMENTICIA PARA CANELONES","País de origen: España","Nombre del operador: COMERCIAL GALLO, S.A.U.","Dirección del operador: Avda Diagonal 468, 4-C. Barcelona. España","Cantidad Neta: 160 g"],"ingredients":[" Sémola de trigo duro, harina de trigo. Puede contener trazas de huevo."],"conservation":" Mantener en lugar fresco y seco","ean":"8410069015044"},{"full_name":"GALLO canelones precocidos 12 placas envase 84 g","name":"canelones precocidos 12 placas envase 84 g","brand":"GALLO ","img":"https://sgfm.elcorteingles.es/SGFM/dctm/MEDIA02/CONTENIDOS/201506/18/00118003501766____1__600x600.jpg","price":"0,76 €","price_unit":"(9,50 € / Kilo)","categories":["Supermercado","Alimentación General","Pastas y masas","Canelones","GALLO canelones precocidos 12 placas envase 84 g"],"general_information":["Denominación del alimento: PASTA ALIMENTICIA PARA CANELONES","País de origen: España","Nombre del operador: COMERCIAL GALLO, S.A.U.","Dirección del operador: Avda Diagonal 468, 4-C. Barcelona. España","Cantidad Neta: 84 g"],"ingredients":[" Sémola de trigo duro. Puede contener trazas de huevo."],"conservation":" Mantener en lugar fresco y seco","ean":"8410069015860"},{"full_name":"EL PAVO canelones caja 20 unidades","name":"canelones caja 20 unidades","brand":"EL PAVO ","img":"https://sgfm.elcorteingles.es/SGFM/01/39/4/0118003501394/0118003501394000g01011.jpg","price":"0,77 €","categories":["Supermercado","Alimentación General","Pastas y masas","Canelones","EL PAVO canelones caja 20 unidades"],"general_information":["Denominación del alimento: Pasta alimenticia","Nombre del operador: Gallina Blanca, S.A.","Dirección del operador: Plaza Europa 42, 08902 - Hospitalet de Llobregat (Barcelona)","Cantidad Neta: 125 g"],"ingredients":[" Sémolina de trigo."],"conservation":" Conservar en un lugar fresco, seco, y aislado del suelo.","ean":"8410173001018"},{"full_name":"EL PAVO canelones fácil precocidos 12 placas envase 80 g","name":"canelones fácil precocidos 12 placas envase 80 g","brand":"EL PAVO ","img":"https://sgfm.elcorteingles.es/SGFM/dctm/MEDIA02/CONTENIDOS/201601/25/00118003501436____5__600x600.jpg","price":"0,90 €","price_unit":"(11,25 € / Kilo)","categories":["Supermercado","Alimentación General","Pastas y masas","Canelones","EL PAVO canelones fácil precocidos 12 placas envase 80 g"],"general_information":["Denominación del alimento: Pasta alimenticia de calidad superior laminada, precocida y desecada.","Nombre del operador: Gallina Blanca, S.A.","Dirección del operador: Plaza Europa 42, 08902 - Hospitalet de Llobregat (Barcelona)","Cantidad Neta: 80 g","Número de raciones por envase: 4"],"ingredients":[" Sémola de trigo duro."],"conservation":" Conservar en un lugar fresco, seco, y aislado del suelo.","ean":"8410173069599"},{"full_name":"FADAIC canelones 18 placas caja 80 g","name":"canelones 18 placas caja 80 g","brand":"FADAIC ","img":"https://sgfm.elcorteingles.es/SGFM/dctm/MEDIA02/CONTENIDOS/201410/30/00118003501386____1__600x600.jpg","price":"1,96 €","price_unit":"(24,50 € / Kilo)","categories":["Supermercado","Alimentación General","Pastas y masas","Canelones","FADAIC canelones 18 placas caja 80 g"],"general_information":[],"ingredients":[],"ean":"8413306000018"},{"full_name":"KNORR tortellini de carne paquete 250 g","name":"tortellini de carne paquete 250 g","brand":"KNORR ","img":"https://sgfm.elcorteingles.es/SGFM/dctm/MEDIA02/CONTENIDOS/201601/25/00118036000158____1__600x600.jpg","price":"1,70 €","price_unit":"(6,80 € / Kilo)","categories":["Supermercado","Alimentación General","Pastas y masas","Pasta Rellena","KNORR tortellini de carne paquete 250 g"],"general_information":["Denominación del alimento: Pasta alimenticia rellena con carne","Nombre del operador: Unilever España S.A.","Dirección del operador: C/Tecnología 19, 08840 Viladecans (Barcelona)","Cantidad Neta: 250 g"],"ingredients":[" Pasta alimenticia (70%) (sémola de trigo duro, huevo)  Relleno (30%): magro de cerdo (41%) (carne de cerdo (97%), sal, antioxidante (ascorbato sódico), conservante (nitrito sódico)), pan de trigo rallado,  carne de vacuno cocida (6%) (carne de vacuno (97%), sal, antioxidante (ascorbato sódico), conservante (nitrito sódico)), manteca de cerdo, jamón (3%) (carne de cerdo, sal), sal, aroma, aromas naturales, suero lácteo."],"conservation":" Conservar en un lugar fresco y seco.","ean":"8412200200005"},{"full_name":"KNORR tortellini de queso paquete 250 g","name":"tortellini de queso paquete 250 g","brand":"KNORR ","img":"https://sgfm.elcorteingles.es/SGFM/dctm/MEDIA02/CONTENIDOS/201601/25/00118036000166____1__600x600.jpg","price":"1,70 €","price_unit":"(6,80 € / Kilo)","categories":["Supermercado","Alimentación General","Pastas y masas","Pasta Rellena","KNORR tortellini de queso paquete 250 g"],"general_information":["Denominación del alimento: Pasta alimenticia rellena con queso","Nombre del operador: Unilever España S.A.","Dirección del operador: C/Tecnología 19, 08840 Viladecans (Barcelona)","Cantidad Neta: 250 g"],"ingredients":[" Pasta alimenticia (70%): sémola de trigo duro, huevo   Relleno (30%): pan de trigo rallado, quesos (37%) [(Ricotta (60%), Gorgonzola (20%), Edamer (20%)], grasa de palma, sal, aromas (contiene leche), especia."],"conservation":" Conservar en un lugar fresco y seco.","ean":"8412200201002"},{"full_name":"EL CORTE INGLES masa para pizza envase 260 g","name":"masa para pizza envase 260 g","brand":"EL CORTE INGLES ","img":"https://sgfm.elcorteingles.es/SGFM/dctm/MEDIA03/201607/15/00118812800300____1__600x600.jpg","price":"1,25 €","price_unit":"(4,81 € / Kilo)","categories":["Supermercado","Alimentación General","Pastas y masas","Masas y bases de pizza","EL CORTE INGLES masa para pizza envase 260 g"],"general_information":["Denominación del alimento: MASA PARA PIZZA LISTA PARA EXTENDER","Nombre del operador: Distribuido para El Corte Inglés\npor Cerelia Spain, S.L.U\n C/ Capitán Haya 38 - 28020 Madrid\nEspaña","Cantidad Neta: 260 g","Número de raciones por envase: ~ 6"],"ingredients":[" Ingredientes: harina de trigo, agua, materias grasas vegetales no hidrogenadas (grasas y aceite de palma y girasol, agua, emulgentes: mono y diglicéridos de ácidos grasos, acidificante: ácido cítrico), levadura de panadería de rehidratado 2,7%, gluten de trigo, gasificantes: difosfatos, carbonatos de sodio, alcohol etílico, sal, espesante : goma guar, emulgente : E472e, antioxidante: ácido ascórbico."],"conservation":" Conservar refrigerado entre 0 y 4ºC. Consumir inmediatamente después de la apertura.","ean":"8433329071949"},{"full_name":"EL CORTE INGLES masa de hojaldre envase 230 g","name":"masa de hojaldre envase 230 g","brand":"EL CORTE INGLES ","img":"https://sgfm.elcorteingles.es/SGFM/dctm/MEDIA03/201607/15/00118812800318____1__600x600.jpg","price":"1,10 €","price_unit":"(4,78 € / Kilo)","categories":["Supermercado","Alimentación General","Pastas y masas","Masas y bases de pizza","EL CORTE INGLES masa de hojaldre envase 230 g"],"general_information":["Denominación del alimento: MASA DE HOJALDRE LISTA PARA EXTENDER","Nombre del operador: Distribuido para El Corte Inglés\npor Cerelia Spain, S.L.U\n C/ Capitán Haya 38 - 28020 Madrid\nEspaña","Cantidad Neta: 230 g","Número de raciones por envase: ~ 6"],"ingredients":[" Ingredientes: Harina de trigo, grasas vegetales (grasa de palma, aceite de girasol), agua, alcohol et?lico, sal, zumo de limón concentrado, agente de tratamiento de la harina: L-cisteina. Puede contener trazas de leche."],"conservation":" Conservar refrigerado entre 0 y 6ºC. Consumir inmediatamente después de la apertura.","ean":"8433329071932"},{"full_name":"EL CORTE INGLES masa brisa envase 230 g","name":"masa brisa envase 230 g","brand":"EL CORTE INGLES ","img":"https://sgfm.elcorteingles.es/SGFM/dctm/MEDIA03/201607/15/00118812800326____1__600x600.jpg","price":"1,35 €","price_unit":"(5,87 € / Kilo)","categories":["Supermercado","Alimentación General","Pastas y masas","Masas y bases de pizza","EL CORTE INGLES masa brisa envase 230 g"],"general_information":["Denominación del alimento: MASA BRISA LISTA PARA EXTENDER","Nombre del operador: Distribuido para El Corte Inglés\npor Cerelia Spain, S.L.U\n C/ Capitán Haya 38 - 28020 Madrid\nEspaña","Cantidad Neta: 230 g","Número de raciones por envase: ~ 6"],"ingredients":[" Ingredientes: Harina de trigo, grasas vegetales (grasa de palma, aceite de girasol), agua, alcohol et?lico, azucar, sal, zumo de limón concentrado, agente de tratamiento de la harina: L-cisteina. Puede contener trazas de leche."],"conservation":" Conservar refrigerado entre 0 y 6ºC. Consumir inmediatamente después de la apertura.","ean":"8433329071956"},{"full_name":"EL CORTE INGLES masa para empanada envase 280 g","name":"masa para empanada envase 280 g","brand":"EL CORTE INGLES ","img":"https://sgfm.elcorteingles.es/SGFM/dctm/MEDIA03/201607/15/00118812800334____1__600x600.jpg","price":"1,50 €","price_unit":"(5,36 € / Kilo)","categories":["Supermercado","Alimentación General","Pastas y masas","Masas y bases de pizza","EL CORTE INGLES masa para empanada envase 280 g"],"general_information":["Denominación del alimento: MASA PARA EMPANADA LISTA PARA EXTENDER","Nombre del operador: Distribuido para El Corte Inglés\npor Cerelia Spain, S.L.U\n C/ Capitán Haya 38 - 28020 Madrid\nEspaña","Cantidad Neta: 280 g","Número de raciones por envase: ~ 6"],"ingredients":[" Ingredientes: harina de trigo, agua, grasas vegetales (grasa de palma, aceite de nabina), aceite de oliva, azúcar, alcohol etílico, sal, zumo de limón concentrado."],"conservation":" Conservar refrigerado entre 0 y 4ºC. Consumir inmediatamente después de la apertura.","ean":"8433329071925"},{"full_name":"BUITONI masa para empanada envase 280 g","name":"masa para empanada envase 280 g","brand":"BUITONI ","img":"https://sgfm.elcorteingles.es/SGFM/dctm/MEDIA03/201611/22/00118812800110____1__600x600.jpg","price":"2,41 €","price_unit":"(8,61 € / Kilo)","categories":["Supermercado","Alimentación General","Pastas y masas","Masas y bases de pizza","BUITONI masa para empanada envase 280 g"],"general_information":["Denominación del alimento: Masa para empanada. Comida preparada refrigerada.","País de origen: Suiza","Nombre del operador: Nestlé España, S.A.","Dirección del operador: Nestlé España S.A. Edificio Nestlé 08950 Esplugues de Llobregat (Barcelona)","Cantidad Neta: 280 g","Otras menciones obligatorias en la etiqueta: Masa cruda. Consumir después de hornear."],"ingredients":[" Ingredientes: harina de trigo, grasas y aceites vegetales (palma, oliva (5,6%), nabina), agua, zumo de limón, alcohol, sal."],"conservation":" Conservar en frío a +4°C","ean":"7613032330163"},{"full_name":"BUITONI masa brisa refrigerada envase 230 g","name":"masa brisa refrigerada envase 230 g","brand":"BUITONI ","img":"https://sgfm.elcorteingles.es/SGFM/dctm/MEDIA03/201611/22/00118812800045____1__600x600.jpg","price":"2,10 €","price_unit":"(9,13 € / Kilo)","categories":["Supermercado","Alimentación General","Pastas y masas","Masas y bases de pizza","BUITONI masa brisa refrigerada envase 230 g"],"general_information":["Denominación del alimento: Masa brisa. Comida preparada refrigerada.","País de origen: Suiza","Nombre del operador: Nestlé España, S.A.","Dirección del operador: Nestlé España S.A. Edificio Nestlé 08950 Esplugues de Llobregat (Barcelona)","Cantidad Neta: 230 g","Otras menciones obligatorias en la etiqueta: Masa cruda. Consumir después de hornear."],"ingredients":[" Ingredientes: harina de trigo, grasas vegetales (palma, nabina), agua, maltodextrina, zumo de limón, sal, alcohol."],"conservation":" Conservar en frío a +4°C","ean":"3154230007869"},{"full_name":"BUITONI masa de hojaldre refrigerada envase 230 g","name":"masa de hojaldre refrigerada envase 230 g","brand":"BUITONI ","img":"https://sgfm.elcorteingles.es/SGFM/dctm/MEDIA03/201611/22/00118812800060____1__600x600.jpg","price":"2,10 €","price_unit":"(9,13 € / Kilo)","categories":["Supermercado","Alimentación General","Pastas y masas","Masas y bases de pizza","BUITONI masa de hojaldre refrigerada envase 230 g"],"general_information":["Denominación del alimento: Masa de hojaldre. REFRIGERADO","País de origen: Suiza","Nombre del operador: Nestlé España, S.A.","Dirección del operador: Nestlé España S.A. Edificio Nestlé 08950 Esplugues de Llobregat (Barcelona)","Cantidad Neta: 230 g","Otras menciones obligatorias en la etiqueta: Masa cruda. Consumir después de hornear."],"ingredients":[" Ingredientes: harina de trigo, grasas vegetales (palma, nabina, girasol), agua, gluten de trigo, zumo de limón procedente de concentrado, sal, alcohol, extracto de levadura, concentrados de zanahoria, manzana y limón, agua natural."],"conservation":" Conservar en frío a +4°C","ean":"3154230007944"},{"full_name":"BUITONI masa de hojaldre rectangular envase 230 g","name":"masa de hojaldre rectangular envase 230 g","brand":"BUITONI ","img":"https://sgfm.elcorteingles.es/SGFM/dctm/MEDIA03/201611/23/00118812800193____1__600x600.jpg","price":"2,10 €","price_unit":"(9,13 € / Kilo)","categories":["Supermercado","Alimentación General","Pastas y masas","Masas y bases de pizza","BUITONI masa de hojaldre rectangular envase 230 g"],"general_information":["Denominación del alimento: Masa de hojaldre. Comida preparada refrigerada.","País de origen: Suiza","Nombre del operador: Nestlé España, S.A.","Dirección del operador: Nestlé España S.A. Edificio Nestlé 08950 Esplugues de Llobregat (Barcelona)","Cantidad Neta: 230 g","Otras menciones obligatorias en la etiqueta: Masa cruda. Consumir después de hornear."],"ingredients":[" Ingredientes: harina de trigo, grasa vegetal (palma, nabina), agua, zumo de limón, sal, alcohol, gluten de trigo, extracto de levadura."],"conservation":" Conservar en frío a +4°C","ean":"7613034521750"},{"full_name":"BUITONI Foccacia fina redonda masa para pizza 5 cereales envase 280 g","name":"Foccacia fina redonda masa para pizza 5 cereales envase 280 g","brand":"BUITONI ","img":"https://sgfm.elcorteingles.es/SGFM/dctm/MEDIA03/201708/24/00118812800359____6__600x600.jpg","price":"2,81 €","price_unit":"(10,04 € / Kilo)","categories":["Supermercado","Alimentación General","Pastas y masas","Masas y bases de pizza","BUITONI Foccacia fina redonda masa para pizza 5 cereales envase 280 g"],"general_information":["Denominación del alimento: Masa de pizza con 5 cereales. Comida preparada refrigerada.","País de origen: Suiza","Nombre del operador: Nestlé España, S.A.","Dirección del operador: Nestlé España, S.A., Edificio Nestlé, 08950 Esplugues de Llobregat (Barcelona)","Cantidad Neta: 280 g","Otras menciones obligatorias en la etiqueta: Masa cruda. No consumir sin hornear. / Envasado en atmósfera protectora."],"ingredients":[" Harina de trigo (52,5%), agua, grasa de palma, aceite de nabina, harina de espelta (1,9%), sal, gluten de trigo, almidón de trigo, granos de trigo troceados (1,1%), alcohol, harina de arroz (0,9%), harina de cebada (0,9%), harina de avena (0,9%), salvado de trigo, levadura."],"conservation":" Conservar en frío a +4°C","ean":"7613035771390"},{"full_name":"BUITONI masa de hojaldre sin gluten y sin lactosa envase 280 g","name":"masa de hojaldre sin gluten y sin lactosa envase 280 g","brand":"BUITONI ","img":"https://sgfm.elcorteingles.es/SGFM/dctm/MEDIA03/201610/27/00118812800342____1__600x600.jpg","price":"3,99 €","price_unit":"(14,25 € / Kilo)","categories":["Supermercado","Alimentación General","Pastas y masas","Masas y bases de pizza","BUITONI masa de hojaldre sin gluten y sin lactosa envase 280 g"],"general_information":["Denominación del alimento: Masa de hojaldre sin gluten. Comida preparada refrigerada","País de origen: Francia","Nombre del operador: Nestlé España, S.A.","Dirección del operador: Nestlé España, S.A., Edificio Nestlé, 08950 Esplugues de Llobregat (Barcelona)","Cantidad Neta: 280 g","Otras menciones obligatorias en la etiqueta: Masa cruda. No consumir sin hornear."],"ingredients":[" Ingredientes: agua, almidón de maíz, grasas y aceites vegetales (palma, nabina), harina de arroz, harina de guisantes, fibras vegetales (patata, arroz, guisante, llantén, zaragatona), espesantes (goma xantana, E464), alcohol, sal, harina de alforfón, aroma natural, agente de tratamiento de la harina (transglutaminasa), acidulante (ácido cítrico)."],"conservation":" Conservar en frío a +4°C","ean":"7613035635647"},{"full_name":"BUITONI masa para pizza sin gluten y sin lactosa envase 230 g","name":"masa para pizza sin gluten y sin lactosa envase 230 g","brand":"BUITONI ","img":"https://sgfm.elcorteingles.es/SGFM/dctm/MEDIA03/201610/27/00118812800367____1__600x600.jpg","price":"3,99 €","price_unit":"(17,35 € / Kilo)","categories":["Supermercado","Alimentación General","Pastas y masas","Masas y bases de pizza","BUITONI masa para pizza sin gluten y sin lactosa envase 230 g"],"general_information":["Denominación del alimento: Masa de pizza sin gluten. Comida preparada refrigerada","País de origen: Francia","Nombre del operador: Nestlé España, S.A.","Dirección del operador: Nestlé España, S.A., Edificio Nestlé, 08950 Esplugues de Llobregat (Barcelona)","Cantidad Neta: 230 g","Otras menciones obligatorias en la etiqueta: Masa cruda. No consumir sin hornear. Envasado en atmósfera protectora"],"ingredients":[" Ingredientes: almidón de maíz, agua, harina de arroz, grasas y aceites vegetales (palma, nabina), fibras vegetales (achicoria, patata, arroz, guisante, llantén, zaragatona), harina de guisantes, azúcar, alcohol, sal, harina de alforfón, espesantes (goma xantana, E464), acidulante (ácido cítrico), aroma natural, agente de tratamiento de la harina (transglutaminasa)."],"conservation":" Conservar en frío a +4°C","ean":"7613035635616"},{"full_name":"BUITONI Tradizionale masa para pizza Maxi rectangular envase 385 g","name":"Tradizionale masa para pizza Maxi rectangular envase 385 g","brand":"BUITONI ","img":"https://sgfm.elcorteingles.es/SGFM/dctm/MEDIA02/CONTENIDOS/201507/15/00201055100281____3__600x600.jpg","price":"2,70 €","price_unit":"(7,01 € / Kilo)","categories":["Supermercado","Alimentación General","Pastas y masas","Masas y bases de pizza","BUITONI Tradizionale masa para pizza Maxi rectangular envase 385 g"],"general_information":["Denominación del alimento: Masa para Pizza. Comida preparada refrigerada.","Nombre del operador: Nestlé España, S.A.","Dirección del operador: Avinguda Països Catalans, 51 - 08950 Esplugues de Llobregat (Barcelona)","Cantidad Neta: 385 g","Otras menciones obligatorias en la etiqueta: Envasado en atmósfera protectora."],"ingredients":[" Harina de trigo, agua, grasas vegetales (palma, nabina), sal, almidón de trigo, alcohol, levadura."],"conservation":" Conservar en frío a +4°C.","ean":"7613030131533"},{"full_name":"BUITONI Tradizionale masa para pizza redonda envase 260 g","name":"Tradizionale masa para pizza redonda envase 260 g","brand":"BUITONI ","img":"https://sgfm.elcorteingles.es/SGFM/dctm/MEDIA02/CONTENIDOS/201507/15/00118855100105____1__600x600.jpg","price":"2,15 €","price_unit":"(8,27 € / Kilo)","categories":["Supermercado","Alimentación General","Pastas y masas","Masas y bases de pizza","BUITONI Tradizionale masa para pizza redonda envase 260 g"],"general_information":["Denominación del alimento: Masa para pizza. Refrigerado","País de origen: Suiza","Nombre del operador: Nestlé España, S.A.","Dirección del operador: Edificio Nestlé 08950 Esplugues de Llobregat (Barcelona)","Cantidad Neta: 260 g","Otras menciones obligatorias en la etiqueta: ENVASADO EN ATMÓSFERA PROTECTORA. MASA CRUDA. NO CONSUMIR SIN HORNEAR"],"ingredients":[" Ingredientes: harina de trigo, agua, grasa vegetal (palma, nabina), sal, almidón de trigo, alcohol, levadura."],"conservation":" CONSERVAR EN FRÍO A + 4°C","ean":"3154230008026"},{"full_name":"BUITONI Finíssima masa para pizza Maxi rectangular envase 350 g","name":"Finíssima masa para pizza Maxi rectangular envase 350 g","brand":"BUITONI ","img":"https://sgfm.elcorteingles.es/SGFM/dctm/MEDIA02/CONTENIDOS/201507/15/00201055100968____1__600x600.jpg","price":"2,70 €","price_unit":"(7,71 € / Kilo)","categories":["Supermercado","Alimentación General","Pastas y masas","Masas y bases de pizza","BUITONI Finíssima masa para pizza Maxi rectangular envase 350 g"],"general_information":["Denominación del alimento: Masa para pizza. Refrigerado.","País de origen: Suiza","Nombre del operador: NESTLÉ ESPAÑA, S.A.","Dirección del operador: Av. Països Catalans, 25-52, 08950 Esplugues de Llobregat (Barcelona)","Lugar de procedencia del alimento: Fabricado en Suiza","Cantidad Neta: 350 g","Número de raciones por envase: 6","Otras menciones obligatorias en la etiqueta: Envasado en atmósfera protectora"],"ingredients":[" Ingredientes: harina de trigo, agua, grasa vegetal (palma, nabina), sal, almidón de trigo, alcohol, levadura."],"conservation":" Conservar en frío (+4ºC)","ean":"7613035164574"},{"full_name":"BUITONI Finíssima masa para pizza rectangular envase 260 g","name":"Finíssima masa para pizza rectangular envase 260 g","brand":"BUITONI ","img":"https://sgfm.elcorteingles.es/SGFM/dctm/MEDIA02/CONTENIDOS/201507/15/00201055100414____1__600x600.jpg","price":"2,15 €","price_unit":"(8,27 € / Kilo)","categories":["Supermercado","Alimentación General","Pastas y masas","Masas y bases de pizza","BUITONI Finíssima masa para pizza rectangular envase 260 g"],"general_information":["Denominación del alimento: Masa para pizza. Refrigerado","País de origen: Suiza","Nombre del operador: Nestlé España, S.A.","Dirección del operador: Edificio Nestlé 08950 Esplugues de Llobregat (Barcelona)","Cantidad Neta: 260 g","Otras menciones obligatorias en la etiqueta: ENVASADO EN ATMÓSFERA PROTECTORA. MASA CRUDA. NO CONSUMIR SIN HORNEAR"],"ingredients":[" Ingredientes: harina de trigo, agua, grasa vegetal (palma, nabina), sal, almidón de trigo, alcohol, levadura."],"conservation":" CONSERVAR EN FRÍO A + 4°C","ean":"7613031802197"},{"full_name":"BUITONI masa para minipizzas con aceite de oliva 8 unidades envase 265 g","name":"masa para minipizzas con aceite de oliva 8 unidades envase 265 g","brand":"BUITONI ","img":"https://sgfm.elcorteingles.es/SGFM/dctm/MEDIA03/201706/09/00118812800169____1__600x600.jpg","price":"1,59 €","price_unit":"(6 € / Kilo)","categories":["Supermercado","Alimentación General","Pastas y masas","Masas y bases de pizza","BUITONI masa para minipizzas con aceite de oliva 8 unidades envase 265 g"],"general_information":["Denominación del alimento: Masa para mini pizza. Refrigerado","Nombre del operador: Nestlé España, S.A.","Dirección del operador: Av. Països Catalans, 25-51 -08950 Esplugues de llobregat (Barcelona)","Cantidad Neta: 265 g"],"ingredients":[" Harina de trigo, agua, grasa vegetal (palma, girasol), sal, aceite de oliva (1.9%), acidulantes (E575 y ácido cítrico), conservador (sorbato potásico), levadura."],"conservation":" Conservar en frío a +4°C.","ean":"7613033151286"},{"full_name":"LA COCINERA masa para empanadillas refrigerada 16 unidades paquete 280 g","name":"masa para empanadillas refrigerada 16 unidades paquete 280 g","brand":"LA COCINERA ","img":"https://sgfm.elcorteingles.es/SGFM//00/82/4/0118855100824/0118855100824000g01011.jpg","price":"1,49 €","price_unit":"(5,32 € / Kilo)","categories":["Supermercado","Alimentación General","Pastas y masas","Masas y bases de pizza","LA COCINERA masa para empanadillas refrigerada 16 unidades paquete 280 g"],"general_information":["Denominación del alimento: Masa para empanadillas y postres. REFRIGERADO.","Nombre del operador: Nestlé España, S.A.","Dirección del operador: Nestlé España S.A. Edificio Nestlé 08950 Esplugues de Llobregat (Barcelona)","Cantidad Neta: 280 g","Otras menciones obligatorias en la etiqueta: MASA CRUDA. NO CONSUMIR SIN FREÍR U HORNEAR"],"ingredients":[" INGREDIENTES: Harina de trigo, agua, manteca de cerdo, sal, acidulantes (E575 y ácido cítrico), conservador (sorbato potásico), levadura."],"conservation":" Conservar en frío a +4°C","ean":"8410239040357"},{"full_name":"LA COCINERA masa para empanadillas refrigerada 16 unidades paquete 160 g","name":"masa para empanadillas refrigerada 16 unidades paquete 160 g","brand":"LA COCINERA ","img":"https://sgfm.elcorteingles.es/SGFM//00/81/6/0118855100816/0118855100816000g01011.jpg","price":"0,72 €","price_unit":"(4,50 € / Kilo)","categories":["Supermercado","Alimentación General","Pastas y masas","Masas y bases de pizza","LA COCINERA masa para empanadillas refrigerada 16 unidades paquete 160 g"],"general_information":["Denominación del alimento: Masa para empanadillas. REFRIGERADO.","Nombre del operador: Nestlé España, S.A.","Dirección del operador: Nestlé España S.A. Edificio Nestlé 08950 Esplugues de Llobregat (Barcelona)","Cantidad Neta: 160 g","Otras menciones obligatorias en la etiqueta: Masa cruda. No consumir sin freír u hornear. Una vez descongelado no volver a congelar."],"ingredients":[" INGREDIENTES: Harina de trigo, agua, manteca de cerdo, sal, acidulantes (E575 y ácido cítrico), conservador (sorbato potásico), levadura."],"conservation":" Conservar a +4°C","ean":"8410239040333"},{"full_name":"JR masa brick 3 metros estuche 180 g","name":"masa brick 3 metros estuche 180 g","brand":"JR ","img":"https://sgfm.elcorteingles.es/SGFM//00/80/8/0118855100808/0118855100808000g01011.jpg","price":"2,25 €","price_unit":"(12,50 € / Kilo)","categories":["Supermercado","Alimentación General","Pastas y masas","Masas y bases de pizza","JR masa brick 3 metros estuche 180 g"],"general_information":["Denominación del alimento: Pasta","Nombre del operador: Codina Aliments, S.L.","Dirección del operador: Indústria Polígono Industrial Sur de Papiol, 45, 08754, El Papiol (Barcelona)","Cantidad Neta: 180 g"],"ingredients":[" Harina de maiz, agua, sal, aceite de girasol, conservantes (ácido sorbico y Propinato de Calcio), acidificantes (ácido cítrico), emulsionantes (lecitina de soja), contiene gluten y Soja."],"conservation":" Manteniendo a temperatura de + 2°C a 8°C","ean":"3435630630018"},{"full_name":"JR masa brick refrigerada estuche 170 g","name":"masa brick refrigerada estuche 170 g","brand":"JR ","img":"https://sgfm.elcorteingles.es/SGFM//00/78/2/0118855100782/0118855100782000g01011.jpg","price":"2,18 €","price_unit":"(12,82 € / Kilo)","categories":["Supermercado","Alimentación General","Pastas y masas","Masas y bases de pizza","JR masa brick refrigerada estuche 170 g"],"general_information":["Denominación del alimento: Pasta","Nombre del operador: Codina Aliments, S.L.","Dirección del operador: Indústria Polígono Industrial Sur de Papiol, 45, 08754, El Papiol (Barcelona)","Cantidad Neta: 170 g"],"ingredients":[" Harina de trigo, agua, sal, aceite de girasol, conservantes (ácido sorbico y Propinato de Calcio), acidificantes (ácido cítrico), emulsionantes (lecitina de soja), contiene gluten."],"conservation":" Manteniendo a temperatura de + 2°C a 8°C","ean":"3302040000017"},{"full_name":"JR masa filo hojaldrado especial 8-10 hojas envase 250 g","name":"masa filo hojaldrado especial 8-10 hojas envase 250 g","brand":"JR ","img":"https://sgfm.elcorteingles.es/SGFM/00/71/7/0118855100717/0118855100717000g01011.jpg","price":"2,89 €","price_unit":"(11,56 € / Kilo)","categories":["Supermercado","Alimentación General","Pastas y masas","Masas y bases de pizza","JR masa filo hojaldrado especial 8-10 hojas envase 250 g"],"general_information":["Denominación del alimento: Masa filo 250g","País de origen: Francia","Nombre del operador: SOFRABRICK","Dirección del operador: Avenida Pierre Salvi. 9 - ZAC de la Grande Vallée - 95500 Gonesse","Cantidad Neta: 250 g"],"ingredients":[" Harina de trigo. agua. almidón de maíz. sal. conservador: sorbato potásico."],"conservation":" Mantener refrigerado entre 0 °C y 4 °C","ean":"3435630210012"},{"full_name":"CASA TARRADELLAS masa de hojaldre con mantequilla envase 260 g","name":"masa de hojaldre con mantequilla envase 260 g","brand":"CASA TARRADELLAS ","img":"https://sgfm.elcorteingles.es/SGFM/dctm/MEDIA03/201612/29/00118812800375____1__600x600.jpg","price":"1,47 €","price_unit":"(5,65 € / Kilo)","categories":["Supermercado","Alimentación General","Pastas y masas","Masas y bases de pizza","CASA TARRADELLAS masa de hojaldre con mantequilla envase 260 g"],"general_information":["Denominación del alimento: Masa de hojaldre con mantequilla","Nombre del operador: CASA TARRADELLAS. S.A.","Dirección del operador: Ctra. Puigcerdà. km.70 -  08503 GURB (Barcelona)","Cantidad Neta: 260 g"],"ingredients":[" Harina de trigo. mantequilla (23%). agua. sal. alcohol. leche en polvo. levadura."],"conservation":" Manténgase entre 0°C y 5°C. Puede congelarse justo después de su compra","ean":"8410762223081"},{"full_name":"CASA TARRADELLAS masa de hojaldre envase 260 g","name":"masa de hojaldre envase 260 g","brand":"CASA TARRADELLAS ","img":"https://sgfm.elcorteingles.es/SGFM/dctm/MEDIA03/201609/30/00118812800151____1__600x600.jpg","price":"1,47 €","price_unit":"(5,65 € / Kilo)","categories":["Supermercado","Alimentación General","Pastas y masas","Masas y bases de pizza","CASA TARRADELLAS masa de hojaldre envase 260 g"],"general_information":["Denominación del alimento: Masa de hojaldre","Nombre del operador: CASA TARRADELLAS. S.A.","Dirección del operador: Ctra. Puigcerdà. km.70 -  08503 GURB (Barcelona)","Cantidad Neta: 260 g"],"ingredients":[" Harina de trigo. agua. aceite de girasol. grasa vegetal no hidrogenada (palma). sal. alcohol. leche en polvo. levadura."],"conservation":" Manténgase entre 0°C y 5°C. Puede congelarse justo después de su compra","ean":"8410762223036"},{"full_name":"CASA TARRADELLAS masa para pizza fina con aceite de oliva envase 260 g","name":"masa para pizza fina con aceite de oliva envase 260 g","brand":"CASA TARRADELLAS ","img":"https://sgfm.elcorteingles.es/SGFM/dctm/MEDIA03/201709/27/00118812800144____2__600x600.jpg","price":"1,47 €","price_unit":"(2,83 € / Kilo)","categories":["Supermercado","Alimentación General","Pastas y masas","Masas y bases de pizza","CASA TARRADELLAS masa para pizza fina con aceite de oliva envase 260 g"],"general_information":["Denominación del alimento: Masa para pizza","Nombre del operador: CASA TARRADELLAS. S.A.","Dirección del operador: Ctra. Puigcerdà. km.70 -  08503 GURB (Barcelona)","Cantidad Neta: 260 g"],"ingredients":[" Harina de trigo. agua. aceite de oliva (3.8%). sal. alcohol y levadura. Puede contener trazas de leche."],"conservation":" Manténgase entre 0°C y 5°C. Puede congelarse justo después de su compra","ean":"8410762223029"},{"full_name":"LA NAPOLITANA masa para empanadillas grandes refrigerada paquete 360 g","name":"masa para empanadillas grandes refrigerada paquete 360 g","brand":"LA NAPOLITANA ","img":"https://sgfm.elcorteingles.es/SGFM/00/02/2/0118855100022/0118855100022000g01011.jpg","price":"1,86 €","price_unit":"(5,17 € / Kilo)","categories":["Supermercado","Alimentación General","Pastas y masas","Masas y bases de pizza","LA NAPOLITANA masa para empanadillas grandes refrigerada paquete 360 g"],"general_information":["Denominación del alimento: Tapas para empanadillas","Nombre del operador: Pastas Frescas La Napolitana, S.L.","Dirección del operador: Calle Meira, nº8 15010 A Coruña","Cantidad Neta: 360,0 g"],"ingredients":[" Harina de trigo, agua, margarina vegetal, sal, aditivo panario (almidón de trigo, conservantes E-202 y E-281, corrector de acidez E-330)."],"conservation":" Manténgase entre 0 y 5 °C. Puede congelarse tras su compra. Una vez descongelado no recongelar. Envasado en atmósfera protectora.","ean":"8414181003002"},{"full_name":"LA NAPOLITANA masa para empanadillas medianas refrigerada paquete 220 g","name":"masa para empanadillas medianas refrigerada paquete 220 g","brand":"LA NAPOLITANA ","img":"https://sgfm.elcorteingles.es/SGFM/00/03/0/0118855100030/0118855100030000g01011.jpg","price":"2,04 €","price_unit":"(9,27 € / Kilo)","categories":["Supermercado","Alimentación General","Pastas y masas","Masas y bases de pizza","LA NAPOLITANA masa para empanadillas medianas refrigerada paquete 220 g"],"general_information":["Denominación del alimento: Tapas para empanadillas","Nombre del operador: Pastas Frescas La Napolitana, S.L.","Dirección del operador: Calle Meira, nº8 15010 A Coruña","Cantidad Neta: 220,0 g"],"ingredients":[" Harina de trigo, agua, margarina vegetal,sal, aditivo panario (almidón de trigo, conservantes E-202 y E-281, corrector de acidez E-330)."],"conservation":" Manténgase entre 0 y 5 °C. Puede congelarse tras su compra. Una vez descongelado no recongelar. Envasado en atmósfera protectora.","ean":"8414181002005"},{"full_name":"LA NAPOLITANA base para pizza bolsa 260 g","name":"base para pizza bolsa 260 g","brand":"LA NAPOLITANA ","img":"https://sgfm.elcorteingles.es/SGFM/00/01/4/0118855100014/0118855100014000g01011.jpg","price":"1,83 €","price_unit":"(7,04 € / Kilo)","categories":["Supermercado","Alimentación General","Pastas y masas","Masas y bases de pizza","LA NAPOLITANA base para pizza bolsa 260 g"],"general_information":[],"ingredients":[],"ean":"8414181001008"}]