[{"full_name":"EL CORTE INGLES guinas de Aguinaga pack individual 2x125 estuche 250 g","name":"guinas de Aguinaga pack individual 2x125 estuche 250 g","brand":"EL CORTE INGLES ","img":"https://sgfm.elcorteingles.es/SGFM/dctm/MEDIA03/201702/21/00118940700463____1__600x600.jpg","price":"3,49 €","price_unit":"(13,96 € / Kilo)","categories":["Supermercado","Congelados","Pescados, mariscos y surimis","Angulas, gulas y surimi congelado","EL CORTE INGLES guinas de Aguinaga pack individual 2x125 estuche 250 g"],"general_information":["Denominación del alimento: Preparación de Surimi.","Nombre del operador: Elaborado para  El Corte Inglés \npor Angulas Aguinaga, S.A.\nC/ Laskibar, 5\n2027 Irura. Guipúzcoa \nEspaña","Cantidad Neta: 250 g","Número de raciones por envase: 2.0"],"ingredients":[" INGREDIENTES: Surimi ( pescado), agua, aceite de girasol, harina de trigo, cefalópodo (molusco), sal, proteína de soja, proteína vegetal, proteínas de la leche, albúmina de huevo, aromas, potenciador del sabor (E 621), estabilizante (E 415), corrector de acidez (E 270), tinta de cefalópodo (molusco). Puede contener trazas de crustáceos."],"conservation":" Consérvese preferentemente a temperaturas inferiores a -18 ºC\nMantenga la calidad respetando las condiciones de conservación.\nProducto ultracongelado, no volver a congelar una vez descongelado.\n\nUna vez descongeladas, pueden conservarse en frigorífico durante 24 horas.","ean":"8433329001618"},{"full_name":"ALIADA palitos de surimi bolsa 450 g","name":"palitos de surimi bolsa 450 g","brand":"ALIADA ","img":"https://sgfm.elcorteingles.es/SGFM/dctm/MEDIA03/201604/26/00118940700521____1__600x600.jpg","price":"1,85 €","price_unit":"(4,11 € / Kilo)","categories":["Supermercado","Congelados","Pescados, mariscos y surimis","Angulas, gulas y surimi congelado","ALIADA palitos de surimi bolsa 450 g"],"general_information":["Denominación del alimento: Palitos de surimi ultracongelados","Nombre del operador: Importado para el \nGrupo El Corte Inglés \nHermosilla, 112 ? 28009 Madrid ? España   \npor C.I.F.: A 28627446","Lugar de procedencia del alimento: Producto originario de China","Cantidad Neta: 450 g","Número de raciones por envase: aproximadament"],"ingredients":[" Ingredientes: Surimi (36%) (pescado blanco, azúcar, estabilizantes (E-420 sorbitoles, E-451 trifosfatos, E-450 difosfatos), clara de huevo), agua, almidón de trigo, almidón de maíz, harina de trigo, sal, bebida fermentada de arroz, extracto y aroma de cangrejo (2.5%), azúcar, aceite de soja, proteína de soja, estabilizante (E-170 carbonato de calcio), potenciador de sabor (E-621 glutamato monosódico) y colorante (E-120 ácido carmínico)."],"conservation":" Consérvese a temperaturas inferiores a ?18ºC\n\nMantenga la calidad respetando las condiciones de conservación. Producto ultracongelado, no volver a congelar una vez descongelado.","ean":"8433329010023"},{"full_name":"PESCANOVA anguriñas con gambas pack 2x100 g sin gluten y sin lactosa estuche 200 g","name":"anguriñas con gambas pack 2x100 g sin gluten y sin lactosa estuche 200 g","brand":"PESCANOVA ","img":"https://sgfm.elcorteingles.es/SGFM/dctm/MEDIA03/201610/25/00201140700731____1__600x600.jpg","price":"3,99 €","price_unit":"(19,95 € / Kilo)","categories":["Supermercado","Congelados","Pescados, mariscos y surimis","Angulas, gulas y surimi congelado","PESCANOVA anguriñas con gambas pack 2x100 g sin gluten y sin lactosa estuche 200 g"],"general_information":["Denominación del alimento: Plato cocinado refrigerado","Nombre del operador: Pescanova España S.L.U","Dirección del operador: Rúa José Fernández López S/N 36320 Chapela-Redondela-Pontevedra-España","Cantidad Neta: 200 g"],"ingredients":[" Anguriñas 80% (Surimi  (pescado, cefalópodos (moluscos)), agua, aceite de girasol, almidón de maíz, almidones modificados (sin gluten), aroma(soja, trazas de crustáceos) y extracto de pescado, clara de huevo, proteína vegetal (sin gluten), sal, potenciador de sabor (glutamato de monosodio, E 635), estabilizante (goma xantana), tinta de sepia (moluscos). Gambas peladas 20% (gambas (crustáceos), agua, sal, estabilizantes (E 452, E 330)."],"conservation":" Conservar entre 0°C y 4°C hasta la fecha de caducidad.","ean":"8410063038520"},{"full_name":"DELFIN colas de mar sabor langosta estuche 500 g","name":"colas de mar sabor langosta estuche 500 g","brand":"DELFIN ","img":"https://sgfm.elcorteingles.es/SGFM/00/61/2/0118940700612/0118940700612000g01011.jpg","price":"3,90 €","price_unit":"(7,80 € / Kilo)","categories":["Supermercado","Congelados","Pescados, mariscos y surimis","Angulas, gulas y surimi congelado","DELFIN colas de mar sabor langosta estuche 500 g"],"general_information":["Denominación del alimento: Colas de surimi con sabor a langosta","País de origen: China","Nombre del operador: Delfín Ultracongelados S.A","Dirección del operador: C/Colmenas 35 P.I Los Albardiales 45340 Ontigola (Toledo)","Cantidad Neta: 500,0 g","Peso neto escurrido: 500,0 g","Número de raciones por envase: 5"],"ingredients":[" Surimi (36%) (pescado blanco,estabilizadores (sorbitoles, trifosfatos, difosfatos),clara de huevo), agua, almidón de trigo, almidónde maíz, harina de trigo, sal, bebida fermentada dearroz, extracto y aroma de langosta (2,5%),azúcar, aceite de soja, proteína de soja,estabilizador (carbonato de calcio), potenciador desabor (Glutamato de monosodio) y colorante(ácido carmínico). Contienepescado, crustáceos, gluten, huevo y soja."],"conservation":" PRODUCTO ULTRACONGELADO. MANTENER A -18°C. NO RECONGELAR","ean":"8410547930937"},{"full_name":"FRUDESA tronquitos de Alaska sabor cangrejo estuche 450 g","name":"tronquitos de Alaska sabor cangrejo estuche 450 g","brand":"FRUDESA ","img":"https://sgfm.elcorteingles.es/SGFM/dctm/MEDIA02/CONTENIDOS/201510/29/00118940700075____1__600x600.jpg","price":"2,42 €","price_unit":"(5,38 € / Kilo)","categories":["Supermercado","Congelados","Pescados, mariscos y surimis","Angulas, gulas y surimi congelado","FRUDESA tronquitos de Alaska sabor cangrejo estuche 450 g"],"general_information":["Denominación del alimento: Barritas de preparado de surimi ultracongelado","Nombre del operador: FINDUS ESPAÑA, S.L.U.","Dirección del operador: P.I. Berroa. C/ Berroa 13, 1ª planta. 31192 Tajonar (Navarra)","Cantidad Neta: 450 g","Número de raciones por envase: 2","Otras menciones obligatorias en la etiqueta: Producto ultracongelado."],"ingredients":[" agua, surimi 25% (pescado blanco 91,5%, sorbitol, azúcar), almidón (patata, trigo), aceite de girasol, azúcar, sal, clara de huevo en polvo, proteína de soja, aromas (contiene crustáceos y soja), potenciadores del sabor: E621, E635, E631, colorantes: E120, E160c, E170."],"conservation":" Producto ultracongelado. Conservar a -18°C o temperaturas inferiores.","ean":"8410074001674"},{"full_name":"KRISSIA palitos de mar envase 450 g","name":"palitos de mar envase 450 g","brand":"KRISSIA ","img":"https://sgfm.elcorteingles.es/SGFM/dctm/MEDIA02/CONTENIDOS/201510/29/00118940700232____1__600x600.jpg","price":"3,99 €","price_unit":"(8,87 € / Kilo)","categories":["Supermercado","Congelados","Pescados, mariscos y surimis","Angulas, gulas y surimi congelado","KRISSIA palitos de mar envase 450 g"],"general_information":["Denominación del alimento: Preparación de surimi. Barritas. Ultracongelado","Nombre del operador: Angulas Aguinaga S.A.","Dirección del operador: Laskibar 5 -20271-Irura (Gipuzkoa)","Cantidad Neta: 450 g","Número de raciones por envase: 9"],"ingredients":[" Surimi (pescado), agua, aceite de girasol, cefalópodo (molusco), almidón modificado, extracto de cangrejo (crustáceo), sal, albúmina de huevo, proteína vegetal, potenciador del sabor (glutamato monosódico), extracto de vino blanco, azúcar, colorantes naturales (cochinilla y extracto  de pimentón)."],"conservation":" Conservar a -18 °C. No recongelar.","ean":"8422107093013"},{"full_name":"LA GULA DEL NORTE pack familiar 6 raciones bandeja 600 g","name":"pack familiar 6 raciones bandeja 600 g","brand":"LA GULA DEL NORTE ","img":"https://sgfm.elcorteingles.es/SGFM/dctm/MEDIA03/201710/03/00118940700604____1__600x600.jpg","price":"9,75 €","price_unit":"(16,25 € / Kilo)","categories":["Supermercado","Congelados","Pescados, mariscos y surimis","Angulas, gulas y surimi congelado","LA GULA DEL NORTE pack familiar 6 raciones bandeja 600 g"],"general_information":["Denominación del alimento: Producto de la pesca transformado ultracongelado","Nombre del operador: Angulas Aguinaga S.A.","Dirección del operador: Laskibar 5 -20271-Irura (Gipuzkoa)","Cantidad Neta: 600 g","Número de raciones por envase: 6"],"ingredients":[" Proteína de pescado, agua, aceite de girasol, harina de trigo, cefalópodo (molusco), sal, proteína de soja, proteína vegetal, proteínas de leche, albúmina de huevo, aromas, potenciador del sabor (glutamato monosodico), estabilizante (goma xantana), corrector de la acidez (ácido lactico), tinta de cefalópodo (molusco) Puede contener trazas de crustáceos."],"conservation":" Conservar a -18 °C. No recongelar.","ean":"8422107015619"},{"full_name":"LA GULA DEL NORTE La Auténtica 2 raciones individuales de 215 g bandeja 430 g","name":"La Auténtica 2 raciones individuales de 215 g bandeja 430 g","brand":"LA GULA DEL NORTE ","img":"https://sgfm.elcorteingles.es/SGFM/dctm/MEDIA03/201707/27/00118940700745____6__600x600.jpg","price":"8,95 €","price_unit":"(20,81 € / Kilo)","categories":["Supermercado","Congelados","Pescados, mariscos y surimis","Angulas, gulas y surimi congelado","LA GULA DEL NORTE La Auténtica 2 raciones individuales de 215 g bandeja 430 g"],"general_information":[],"ingredients":[],"ean":"8422107000950"},{"full_name":"LA GULA DEL NORTE La Auténtica 2 raciones individuales de 100 g. estuche 200 g","name":"La Auténtica 2 raciones individuales de 100 g. estuche 200 g","brand":"LA GULA DEL NORTE ","img":"https://sgfm.elcorteingles.es/SGFM//00/51/3/0118940700513/0118940700513000g01011.jpg","price":"4,95 €","price_unit":"(24,75 € / Kilo)","categories":["Supermercado","Congelados","Pescados, mariscos y surimis","Angulas, gulas y surimi congelado","LA GULA DEL NORTE La Auténtica 2 raciones individuales de 100 g. estuche 200 g"],"general_information":["Denominación del alimento: Producto de la pesca transformado ultracongelado","Nombre del operador: Angulas Aguinaga S.A.","Dirección del operador: Laskibar 5 -20271-Irura (Gipuzkoa)","Cantidad Neta: 200 g","Número de raciones por envase: 2"],"ingredients":[" Proteína de pescado, agua, aceite de girasol, harina de trigo, cefalópodo (molusco), sal, proteína de soja, proteína vegetal, proteínas de leche, albúmina de huevo, aromas, potenciador del sabor (glutamato monosodico), estabilizante (goma xantana), corrector de la acidez (ácido lactico), tinta de cefalópodo (molusco) Puede contener trazas de crustáceos."],"conservation":" Conservar a -18 °C. No recongelar.","ean":"8422107000035"},{"full_name":"LA GULA DEL NORTE al ajillo con gambas pack 2 raciones 125 g estuche 250 g","name":"al ajillo con gambas pack 2 raciones 125 g estuche 250 g","brand":"LA GULA DEL NORTE ","img":"https://sgfm.elcorteingles.es/SGFM//00/65/3/0118940700653/0118940700653000g01011.jpg","price":"4,99 €","price_unit":"(19,96 € / Kilo)","categories":["Supermercado","Congelados","Pescados, mariscos y surimis","Angulas, gulas y surimi congelado","LA GULA DEL NORTE al ajillo con gambas pack 2 raciones 125 g estuche 250 g"],"general_information":["Denominación del alimento: Producto de la pesca transformado al ajillo con gambas. Plato preparado ultracongelado","Nombre del operador: Angulas Aguinaga S.A.","Dirección del operador: Laskibar 5 -20271-Irura (Gipuzkoa)","Cantidad Neta: 250 g","Número de raciones por envase: 2","Otras menciones obligatorias en la etiqueta: Envasado en atmósfera protectora."],"ingredients":[" Proteína de pescado, gambas (16 %) (crustáceo), agua, aceite de girasol, harina de trigo, cefalópodo (molusco), aceite de oliva, sal, proteína de soja, proteína vegetal, proteínas de la leche, albúmina de huevo, aromas, potenciador del sabor (glutamato monosodico), estabilizante (goma xantana), corrector de la acidez (ácido lactico), tinta de cefalópodo (molusco), extractos naturales (ajo y guindilla). Puede contener sulfitos."],"conservation":" Conservar a -18 °C. No recongelar.","ean":"8422107032203"},{"full_name":"LA GULA DEL NORTE al ajillo pack 2 raciones de 125 g estuche 250 g","name":"al ajillo pack 2 raciones de 125 g estuche 250 g","brand":"LA GULA DEL NORTE ","img":"https://sgfm.elcorteingles.es/SGFM/dctm/MEDIA02/CONTENIDOS/201511/02/00118940700646____1__600x600.jpg","price":"4,99 €","price_unit":"(19,96 € / Kilo)","categories":["Supermercado","Congelados","Pescados, mariscos y surimis","Angulas, gulas y surimi congelado","LA GULA DEL NORTE al ajillo pack 2 raciones de 125 g estuche 250 g"],"general_information":["Denominación del alimento: Producto de la pesca transformado al ajillo. Plato preparado ultracongelado","Nombre del operador: Angulas Aguinaga S.A.","Dirección del operador: Laskibar 5 -20271-Irura (Gipuzkoa)","Cantidad Neta: 250 g","Número de raciones por envase: 2","Otras menciones obligatorias en la etiqueta: Envasado en atmósfera protectora."],"ingredients":[" Proteína de pescado, agua, aceite de girasol, harina de trigo, cefalópodo (molusco), aceite de oliva, sal, proteína de soja, proteína vegetal, proteínas de la leche, albúmina de huevo, aromas, potenciador del sabor (glutamato monosodico), estabilizante (goma xantana), corrector de la acidez (ácido lactico), tinta de cefalópodo (molusco), extractos naturales (ajo y guindilla). Puede contener trazas de crustáceos."],"conservation":" Conservar a -18 °C. No recongelar.","ean":"8422107030209"},{"full_name":"PESCANOVA rollito de mar porcionable sin gluten y sin lactosa bolsa 450 g","name":"rollito de mar porcionable sin gluten y sin lactosa bolsa 450 g","brand":"PESCANOVA ","img":"https://sgfm.elcorteingles.es/SGFM/dctm/MEDIA03/201602/12/00118940700018____1__600x600.jpg","price":"2,69 €","price_unit":"(5,98 € / Kilo)","categories":["Supermercado","Congelados","Pescados, mariscos y surimis","Angulas, gulas y surimi congelado","PESCANOVA rollito de mar porcionable sin gluten y sin lactosa bolsa 450 g"],"general_information":["Denominación del alimento: Producto de la pesca transformado. Cocinado Ultracongelado","Nombre del operador: Pescanova España S.L.U","Dirección del operador: Rúa José Fernández López S/N 36320 Chapela-Redondela-Pontevedra-España","Cantidad Neta: 450 g"],"ingredients":[" Surimi ((pescado), agua, almidón, clara de huevo rehidratada, almidón modificado, aceite de girasol, aroma y extracto de cangrejo (crustáceos, pescado, moluscos, soja), sal, proteína vegetal, potenciadores del sabor (glutamato de monosodio, E 635), colorante (extracto natural de pimentón)."],"conservation":" Mantener en el congelador  a -18° C hasta la fecha de consumo preferente","ean":"8410063010120"},{"full_name":"PESCANOVA anguriñas pack 2x100 g sin gluten y sin lactosa estuche 200 g","name":"anguriñas pack 2x100 g sin gluten y sin lactosa estuche 200 g","brand":"PESCANOVA ","img":"https://sgfm.elcorteingles.es/SGFM/00/21/6/0118940700216/0118940700216000g01011.jpg","price":"2,19 €","price_unit":"(10,95 € / Kilo)","categories":["Supermercado","Congelados","Pescados, mariscos y surimis","Angulas, gulas y surimi congelado","PESCANOVA anguriñas pack 2x100 g sin gluten y sin lactosa estuche 200 g"],"general_information":["Denominación del alimento: Producto de la pesca transformado. Cocinado Ultracongelado","Nombre del operador: Pescanova España S.L.U","Dirección del operador: Rúa José Fernández López S/N 36320 Chapela-Redondela-Pontevedra-España","Cantidad Neta: 200 g"],"ingredients":[" Surimi (pescado), agua, aceite de girasol, aroma con extracto de pescado (soja, moluscos), almidón, sal, almidón modificado, clara de huevo, proteína vegetal, potenciadores del sabor (glutamato de monosodio, E 635), tinta de sepia (moluscos). Puede contener crustáceos."],"conservation":" Mantener en el congelador  a -18° C hasta la fecha de consumo preferente","ean":"8410063035222"},{"full_name":"DELFIN lágrimas de tinta de sepia 8 unidades estuche 32 g","name":"lágrimas de tinta de sepia 8 unidades estuche 32 g","brand":"DELFIN ","img":"https://sgfm.elcorteingles.es/SGFM/dctm/MEDIA02/CONTENIDOS/201601/04/00201111001861____2__600x600.jpg","price":"1,89 €","price_unit":"(59,06 € / Kilo)","categories":["Supermercado","Congelados","Pescados, mariscos y surimis","Calamares y sepia congelados","DELFIN lágrimas de tinta de sepia 8 unidades estuche 32 g"],"general_information":["Denominación del alimento: Tinta de Sepia ultracongelada","Nombre del operador: Delfín Ultracongelados S.A","Dirección del operador: C/Colmenas 35 P.I Los Albardiales 45340 Ontigola (Toledo)","Cantidad Neta: 32,0 g"],"ingredients":[" Tinta de Sepia (Sepia spp), agua, sal, espesante (Carboximetilcelulosa, carboximetilcelulosa sódica, goma de celulosa). Contiene moluscos, puede contener trazas de crustáceos, pescados, apio y leche."],"conservation":" PRODUCTO ULTRACONGELADO. MANTENER A -18°C. NO RECONGELAR","ean":"8410547010028"},{"full_name":"ALIGATOR calamar troceado bolsa 450 g neto escurrido","name":"calamar troceado bolsa 450 g neto escurrido","brand":"ALIGATOR ","img":"https://sgfm.elcorteingles.es/SGFM/dctm/MEDIA03/201602/18/00118911002006____1__600x600.jpg","price":"4,31 €","price_unit":"(9,58 € / Kilo)","categories":["Supermercado","Congelados","Pescados, mariscos y surimis","Calamares y sepia congelados","ALIGATOR calamar troceado bolsa 450 g neto escurrido"],"general_information":["Denominación del alimento: Calamar de la India troceado ultracongelado","Nombre del operador: Globalimar Europa, S.L.","Dirección del operador: Carrer de Jaume I, 2, 17240 Llagostera, Girona","Cantidad Neta: 450 g"],"ingredients":[" Calamar de la India, antioxidante E330 y E331"],"conservation":" - 18 °C","ean":"8437009397244"},{"full_name":"DELFIN sepia limpia estuche 400 g neto escurrido","name":"sepia limpia estuche 400 g neto escurrido","brand":"DELFIN ","img":"https://sgfm.elcorteingles.es/SGFM/dctm/MEDIA02/CONTENIDOS/201510/19/00118911001412____1__600x600.jpg","price":"5,99 €","price_unit":"(14,98 € / Kilo)","categories":["Supermercado","Congelados","Pescados, mariscos y surimis","Calamares y sepia congelados","DELFIN sepia limpia estuche 400 g neto escurrido"],"general_information":["Denominación del alimento: SEPIA LIMPIA ULTRACONGELADA","País de origen: India","Nombre del operador: Delfín Ultracongelados S.A","Dirección del operador: C/Colmenas 35 P.I Los Albardiales 45340 Ontigola (Toledo)","Lugar de procedencia del alimento: Capturado en Océano ïndico Este y Oeste","Cantidad Neta: 500 g","Peso neto escurrido: 400 g","Otras menciones obligatorias en la etiqueta: Arte de pesca: Redes de arrastre"],"ingredients":[" Sepia limpia (Sepia spp), sal, acidulante (ácido cítrico) y corrector de acidez (citratos de sodio)."],"conservation":" PRODUCTO ULTRACONGELADO. MANTENER A -18°C. NO RECONGELAR","ean":"8410547931682"},{"full_name":"DELFIN puntilla de calamar estuche 400 g neto escurrido","name":"puntilla de calamar estuche 400 g neto escurrido","brand":"DELFIN ","img":"https://sgfm.elcorteingles.es/SGFM/dctm/MEDIA03/201608/11/00118911002154____1__600x600.jpg","price":"4,52 €","price_unit":"(11,30 € / Kilo)","categories":["Supermercado","Congelados","Pescados, mariscos y surimis","Calamares y sepia congelados","DELFIN puntilla de calamar estuche 400 g neto escurrido"],"general_information":[],"ingredients":[],"ean":"8410547952083"},{"full_name":"DELFIN anillas de pota bolsa 300 g neto escurrido","name":"anillas de pota bolsa 300 g neto escurrido","brand":"DELFIN ","img":"https://sgfm.elcorteingles.es/SGFM/dctm/MEDIA03/201705/12/00118911002279____1__600x600.jpg","price":"3,49 €","price_unit":"(11,63 € / Kilo)","categories":["Supermercado","Congelados","Pescados, mariscos y surimis","Calamares y sepia congelados","DELFIN anillas de pota bolsa 300 g neto escurrido"],"general_information":["Denominación del alimento: ANILLAS DE VOLADOR CRUDA ULTRACONGELADA / ANILLAS DE POTA ARGENTINA CRUDA ULTRACONGELADA","País de origen: China","Nombre del operador: DELFIN ULTRACONGELADOS S.A","Dirección del operador: C/ COLMENAS Nº 35 P.I LOS ALBARDIALES ONTIGOLA TOLEDO","Lugar de procedencia del alimento: ATLÁNTICO SUDOESTE","Cantidad Neta: 300 g","Peso neto escurrido: 300 g","Número de raciones por envase: 2","Otras menciones obligatorias en la etiqueta: CAPTURADO EN OCÉANO ATLÁNTICO SUDOESTE, ARTE DE PESCA SEDALES Y ANZUELOS."],"ingredients":[" Anillas de Volador (Todarodes spp), agua, sal, estabilizantes (trifosfatos y polifosfatos) y antioxidante (metabisulfito sódico)Anillas de Pota Argentina (Illex argentinus), agua, sal, estabilizantes (trifosfatos y polifosfatos) y antioxidante (metabisulfito sódico)."],"conservation":" CONSERVAR A -18ºC NO RECONGELAR","ean":"8410547954391"},{"full_name":"PESCANOVA anillas de pota bolsa 360 g","name":"anillas de pota bolsa 360 g","brand":"PESCANOVA ","img":"https://sgfm.elcorteingles.es/SGFM/dctm/MEDIA02/CONTENIDOS/201509/10/00118911001883____1__600x600.jpg","price":"3,49 €","price_unit":"(9,69 € / Kilo)","categories":["Supermercado","Congelados","Pescados, mariscos y surimis","Calamares y sepia congelados","PESCANOVA anillas de pota bolsa 360 g"],"general_information":["Denominación del alimento: Anillas de pota","Nombre del operador: Pescanova España S.L.U","Dirección del operador: Rúa José Fernández López S/N 36320 Chapela-Redondela-Pontevedra-España","Cantidad Neta: 360 g"],"ingredients":[" Pota (molusco), agua, sal, estabilizante (E 330, E 331) y corrector de acidez (E 500)"],"conservation":" Mantener a -18° C hasta la fecha de consumo preferente","ean":"8410063069845"},{"full_name":"PESCANOVA calamar entero estuche 1000 g neto escurrido","name":"calamar entero estuche 1000 g neto escurrido","brand":"PESCANOVA ","img":"https://sgfm.elcorteingles.es/SGFM/dctm/MEDIA03/201611/30/00118911001636____1__600x600.jpg","price":"12,07 €","price_unit":"(12,07 € / Kilo)","categories":["Supermercado","Congelados","Pescados, mariscos y surimis","Calamares y sepia congelados","PESCANOVA calamar entero estuche 1000 g neto escurrido"],"general_information":["Denominación del alimento: Calamar entero sin limpiar","Nombre del operador: Pescanova España S.L.U","Dirección del operador: Rúa José Fernández López S/N 36320 Chapela-Redondela-Pontevedra-España","Cantidad Neta: 1000 g"],"ingredients":[" Calamar"],"conservation":" Mantener a -18° C hasta la fecha de consumo preferente","ean":"8410063012377"},{"full_name":"PESCANOVA anillos a la romana rebozados con huevo sin gluten bolsa 400 g","name":"anillos a la romana rebozados con huevo sin gluten bolsa 400 g","brand":"PESCANOVA ","img":"https://sgfm.elcorteingles.es/SGFM/dctm/MEDIA03/201703/31/00118948800257____1__600x600.jpg","price":"2,72 €","price_unit":"(6,80 € / Kilo)","categories":["Supermercado","Congelados","Pescados, mariscos y surimis","Calamares y sepia congelados","PESCANOVA anillos a la romana rebozados con huevo sin gluten bolsa 400 g"],"general_information":["Denominación del alimento: Aritos rebozados al huevo, sin gluten, elaborados a partir de trozos de pota","Nombre del operador: Pescanova España S.L.U","Dirección del operador: Rúa José Fernández López S/N 36320 Chapela-Redondela-Pontevedra-España","Cantidad Neta: 400 g"],"ingredients":[" Pota (40%) (molusco), harina de maíz y arroz, agua, aceite de girasol, huevo (4,8%), almidón, sémola de maíz, gasificantes (E 450, E 500), azúcar, espesantes ( E 412, E 415, E 461), sal, dextrosa, levadura, aroma de huevo, potenciador de sabor (E 621), y especias (cúrcuma y pimentón). Puede contener trazas de pescado y leche."],"conservation":" Mantener a -18° C hasta la fecha de consumo preferente","ean":"8410063001432"},{"full_name":"PESCANOVA calamar limpio estuche 400 g neto escurrido","name":"calamar limpio estuche 400 g neto escurrido","brand":"PESCANOVA ","img":"https://sgfm.elcorteingles.es/SGFM/01/10/7/0118911001107/0118911001107000g01011.jpg","price":"4,80 €","price_unit":"(12 € / Kilo)","categories":["Supermercado","Congelados","Pescados, mariscos y surimis","Calamares y sepia congelados","PESCANOVA calamar limpio estuche 400 g neto escurrido"],"general_information":["Denominación del alimento: Calamar limpio","Nombre del operador: Pescanova España S.L.U","Dirección del operador: Rúa José Fernández López S/N 36320 Chapela-Redondela-Pontevedra-España","Cantidad Neta: 400 g"],"ingredients":[" Calamar, sal, regulador de acidez (E 330, E 331)"],"conservation":" Mantener a -18° C hasta la fecha de consumo preferente","ean":"8410063043135"},{"full_name":"PESCANOVA rejos cocidos de pota bandeja 350 g neto escurrido","name":"rejos cocidos de pota bandeja 350 g neto escurrido","brand":"PESCANOVA ","img":"https://sgfm.elcorteingles.es/SGFM/dctm/MEDIA03/201609/20/00118911002170____1__600x600.jpg","price":"4,15 €","price_unit":"(11,86 € / Kilo)","categories":["Supermercado","Congelados","Pescados, mariscos y surimis","Calamares y sepia congelados","PESCANOVA rejos cocidos de pota bandeja 350 g neto escurrido"],"general_information":[],"ingredients":[],"ean":"8410063074740"},{"full_name":"PESCANOVA chipirón troceado envase 250 g","name":"chipirón troceado envase 250 g","brand":"PESCANOVA ","img":"https://sgfm.elcorteingles.es/SGFM/dctm/MEDIA02/CONTENIDOS/201510/29/00118911000265____1__600x600.jpg","price":"3,79 €","price_unit":"(15,16 € / Kilo)","categories":["Supermercado","Congelados","Pescados, mariscos y surimis","Calamares y sepia congelados","PESCANOVA chipirón troceado envase 250 g"],"general_information":["Denominación del alimento: Calamar limpio troceado","Nombre del operador: Pescanova España S.L.U","Dirección del operador: Rúa José Fernández López S/N 36320 Chapela-Redondela-Pontevedra-España","Cantidad Neta: 250 g"],"ingredients":[" Calamar"],"conservation":" Mantener a -18° C hasta la fecha de consumo preferente","ean":"8410063026466"},{"full_name":"PESCANOVA sepia limpia estuche 400 g neto escurrido","name":"sepia limpia estuche 400 g neto escurrido","brand":"PESCANOVA ","img":"https://sgfm.elcorteingles.es/SGFM/01/09/9/0118911001099/0118911001099000g01011.jpg","price":"4,45 €","price_unit":"(11,12 € / Kilo)","categories":["Supermercado","Congelados","Pescados, mariscos y surimis","Calamares y sepia congelados","PESCANOVA sepia limpia estuche 400 g neto escurrido"],"general_information":["Denominación del alimento: Sepia limpia","Nombre del operador: Pescanova España S.L.U","Dirección del operador: Rúa José Fernández López S/N 36320 Chapela-Redondela-Pontevedra-España","Cantidad Neta: 400 g"],"ingredients":[" Sepia, sal, regulador de acidez (E 330, E 331)"],"conservation":" Mantener a -18° C hasta la fecha de consumo preferente","ean":"8410063043128"},{"full_name":"EL CORTE INGLES gamba pelada 50-55 piezas bolsa 400 g","name":"gamba pelada 50-55 piezas bolsa 400 g","brand":"EL CORTE INGLES ","img":"https://sgfm.elcorteingles.es/SGFM/dctm/MEDIA03/201609/21/00118939400778____1__600x600.jpg","price":"6,65 €","price_unit":"(16,62 € / Kilo)","categories":["Supermercado","Congelados","Pescados, mariscos y surimis","Gambas congeladas","EL CORTE INGLES gamba pelada 50-55 piezas bolsa 400 g"],"general_information":["Denominación del alimento: Gamba pelada cruda ultracongelada con agua añadida","País de origen: China","Nombre del operador: Elaborado para El Corte Inglés\npor  Delfín Ultracongelados, S.A.                                P.I. Los Albardiales  - C/ Colmenas Nº 35                45340 Ontigola (Toledo) - España","Lugar de procedencia del alimento: Producto originario de China","Peso neto escurrido: 400 g","Número de raciones por envase: 4"],"ingredients":[" Ingredientes: Gamba (Solenocera spp), agua, antioxidante E 223 (metabisulfito sódico) y estabilizantes (fosfatos de sodio E 339, trifosfatos E 451 y polifosfatos E 452). Puede contener trazas de moluscos y pescado"],"conservation":" Consérvese a temperaturas inferiores a ?18ºC\n\nMantenga la calidad respetando las condiciones de conservación. Producto ultracongelado, no volver a congelar una vez descongelado.","ean":"8433329072984"},{"full_name":"EL CORTE INGLES gamba pelada 35/45 piezas bolsa 200 g neto escurrido","name":"gamba pelada 35/45 piezas bolsa 200 g neto escurrido","brand":"EL CORTE INGLES ","img":"https://sgfm.elcorteingles.es/SGFM/dctm/MEDIA03/201702/28/00118939400794____1__600x600.jpg","price":"3,05 €","price_unit":"(15,25 € / Kilo)","categories":["Supermercado","Congelados","Pescados, mariscos y surimis","Gambas congeladas","EL CORTE INGLES gamba pelada 35/45 piezas bolsa 200 g neto escurrido"],"general_information":["Denominación del alimento: Gamba pelada cruda ultracongelada con agua añadida","País de origen: China","Nombre del operador: Elaborado para El Corte Inglés\npor  Delfín Ultracongelados, S.A.                                P.I. Los Albardiales  - C/ Colmenas Nº 35                45340 Ontigola (Toledo) - España","Lugar de procedencia del alimento: Producto originario de China","Peso neto escurrido: 200 g","Número de raciones por envase: 2"],"ingredients":[" Ingredientes: Gamba (Solenocera spp), agua, antioxidante E 223 (metabisulfito sódico) y estabilizantes (fosfatos de sodio E 339, trifosfatos E 451 y polifosfatos E 452). Puede contener trazas de moluscos y pescado"],"conservation":" Consérvese a temperaturas inferiores a ?18ºC\n\nMantenga la calidad respetando las condiciones de conservación. Producto ultracongelado, no volver a congelar una vez descongelado.","ean":"8433329072991"},{"full_name":"DELFIN gamba blanca cruda 100-120 piezas estuche 1 kg","name":"gamba blanca cruda 100-120 piezas estuche 1 kg","brand":"DELFIN ","img":"https://sgfm.elcorteingles.es/SGFM/dctm/MEDIA03/201610/20/00118939400786____1__600x600.jpg","price":"19,99 €","price_unit":"(19,99 € / Kilo)","categories":["Supermercado","Congelados","Pescados, mariscos y surimis","Gambas congeladas","DELFIN gamba blanca cruda 100-120 piezas estuche 1 kg"],"general_information":["Denominación del alimento: Gamba blanca ultracongelada","País de origen: Grecia","Nombre del operador: Delfín Ultracongelados S.A","Dirección del operador: C/Colmenas 35 P.I Los Albardiales 45340 Ontigola (Toledo)","Lugar de procedencia del alimento: Capturado en Mar Mediterráneo Este, Mar Egeo.","Cantidad Neta: 1000 g","Otras menciones obligatorias en la etiqueta: Arte de pesca: Redes de arrasre"],"ingredients":[" Gamba (Parapenaeus longirostris) y antioxidantes (metabisulfito sódico, ácido cítrico, citratos de sodio, ácido ascórbico). Contiene sulfitos."],"conservation":" PRODUCTO ULTRACONGELADO. MANTENER A -18°C. NO RECONGELAR","ean":"8410547941308"},{"full_name":"DELFIN gamba blanca del Mediterráneo cruda 60-80 piezas estuche 800 g neto escurrido","name":"gamba blanca del Mediterráneo cruda 60-80 piezas estuche 800 g neto escurrido","brand":"DELFIN ","img":"https://sgfm.elcorteingles.es/SGFM/00/17/4/0118939400174/0118939400174000g01011.jpg","price":"24,95 €","price_unit":"(31,19 € / Kilo)","categories":["Supermercado","Congelados","Pescados, mariscos y surimis","Gambas congeladas","DELFIN gamba blanca del Mediterráneo cruda 60-80 piezas estuche 800 g neto escurrido"],"general_information":[],"ingredients":[],"ean":"8410547916535"},{"full_name":"DELFIN gamba blanca cruda 50-60 piezas caja 360 g neto escurrido","name":"gamba blanca cruda 50-60 piezas caja 360 g neto escurrido","brand":"DELFIN ","img":"https://sgfm.elcorteingles.es/SGFM/dctm/MEDIA02/CONTENIDOS/201511/05/00118939400554____1__600x600.jpg","price":"7,59 €","price_unit":"(21,08 € / Kilo)","categories":["Supermercado","Congelados","Pescados, mariscos y surimis","Gambas congeladas","DELFIN gamba blanca cruda 50-60 piezas caja 360 g neto escurrido"],"general_information":["Denominación del alimento: GAMBA BLANCA ULTRACONGELADA","País de origen: Grecia","Nombre del operador: de","Dirección del operador: C/Colmenas 35 P.I Los Albardiales 45340 Ontigola (Toledo)","Cantidad Neta: 360 g","Peso neto escurrido: 360 g","Otras menciones obligatorias en la etiqueta: Arte de pesca: Redes de arrastre"],"ingredients":[" Gamba (Parapenaeus longirostris) y antioxidantes (metabisulfito sódico, ácido cítrico, citratos de sodio, ácido ascórbico). Contiene sulfitos."],"conservation":" PRODUCTO ULTRACONGELADO. MANTENER A -18°C. NO RECONGELAR","ean":"8410547939404"},{"full_name":"DELFIN gamba de Huelva cocida 50-60 piezas caja 360 g neto escurrido","name":"gamba de Huelva cocida 50-60 piezas caja 360 g neto escurrido","brand":"DELFIN ","img":"https://sgfm.elcorteingles.es/SGFM/00/60/4/0118939400604/0118939400604000g01011.jpg","price":"8,99 €","price_unit":"(24,97 € / Kilo)","categories":["Supermercado","Congelados","Pescados, mariscos y surimis","Gambas congeladas","DELFIN gamba de Huelva cocida 50-60 piezas caja 360 g neto escurrido"],"general_information":["Denominación del alimento: Gamba cocida ultracongelado","Nombre del operador: Delfín Ultracongelados S.A","Dirección del operador: C/Colmenas 35 P.I Los Albardiales 45340 Ontigola (Toledo)","Lugar de procedencia del alimento: Capturado en Atlántico Centro-Este","Cantidad Neta: 400,0 g","Peso neto escurrido: 360,0 g","Otras menciones obligatorias en la etiqueta: Arte de pesca: Redes de arrasre"],"ingredients":[" Gamba (Parapenaeus spp), sal y antioxidantes (metabisulfito sódico, difosfato disódico, ácido cítrico, citrato trisódico). Contiene sulfitos"],"conservation":" PRODUCTO COCIDO ULTRACONGELADO. MANTENER A -18°C. NO RECONGELAR","ean":"8410547943630"},{"full_name":"DELFIN gamba pelada 60-80 piezas bolsa 600 g neto escurrido","name":"gamba pelada 60-80 piezas bolsa 600 g neto escurrido","brand":"DELFIN ","img":"https://sgfm.elcorteingles.es/SGFM/dctm/MEDIA03/201711/22/00118939400687____2__600x600.jpg","price":"11,55 €            ","price_unit":"(18,33 € / Kilo)","categories":["Supermercado","Congelados","Pescados, mariscos y surimis","Gambas congeladas","DELFIN gamba pelada 60-80 piezas bolsa 600 g neto escurrido"],"general_information":["Denominación del alimento: GAMBA PELADA CRUDA ULTRACONGELADA","País de origen: China","Nombre del operador: DELFÍN ULTRACONGELADOS, S.A.","Dirección del operador: C/ COLMENAS 35 P.IND.  LOS ALBARDIALES 45340 ONTÍGOLA (TOLEDO)","Cantidad Neta: 600 g","Peso neto escurrido: 600 g"],"ingredients":[" GAMBAS, AGUA, ANTIOXIDANTE (METABISULFITO SÓDICO) Y ESTABILIZANTES (TRIFOSFATOS, POLIFOSFATOS Y DIFOSFATOS)"],"conservation":" RESGUARDE EL PRODUCTO NO CONSUMIDO CERRANDO EL ENVASE LO MÁS HERMÉTICAMENTE POSIBLE. CONSERVAR A -18º PRODUCTO ULTRACONGELADO NO VOLVER A CONGELAR","ean":"8410547948215"},{"full_name":"DELFIN gamba pelada 80-100 piezas bolsa 600 g neto escurrido","name":"gamba pelada 80-100 piezas bolsa 600 g neto escurrido","brand":"DELFIN ","img":"https://sgfm.elcorteingles.es/SGFM/dctm/MEDIA03/201711/22/00118939400679____2__600x600.jpg","price":"10,49 €            ","price_unit":"(16,65 € / Kilo)","categories":["Supermercado","Congelados","Pescados, mariscos y surimis","Gambas congeladas","DELFIN gamba pelada 80-100 piezas bolsa 600 g neto escurrido"],"general_information":["Denominación del alimento: GAMBA PELADA CRUDA ULTRACONGELADA","País de origen: China","Nombre del operador: DELFÍN ULTRACONGELADOS, S.A.","Dirección del operador: C/ COLMENAS 35 P.IND.  LOS ALBARDIALES 45340 ONTÍGOLA (TOLEDO)","Cantidad Neta: 600 g","Peso neto escurrido: 600 g"],"ingredients":[" GAMBAS, AGUA, ANTIOXIDANTE (METABISULFITO SÓDICO) Y ESTABILIZANTES (TRIFOSFATOS, POLIFOSFATOS Y DIFOSFATOS) CONTIENE SULFITOS"],"conservation":" RESGUARDE EL PRODUCTO NO CONSUMIDO CERRANDO EL ENVASE LO MÁS HERMÉTICAMENTE POSIBLE. CONSERVAR A -18º PRODUCTO ULTRACONGELADO NO VOLVER A CONGELAR","ean":"8410547948222"},{"full_name":"DELFIN gamba pelada 60-77 piezas bolsa 160 g neto escurrido","name":"gamba pelada 60-77 piezas bolsa 160 g neto escurrido","brand":"DELFIN ","img":"https://sgfm.elcorteingles.es/SGFM/dctm/MEDIA03/201711/22/00118939400059____2__600x600.jpg","price":"3,15 €","price_unit":"(19,69 € / Kilo)","categories":["Supermercado","Congelados","Pescados, mariscos y surimis","Gambas congeladas","DELFIN gamba pelada 60-77 piezas bolsa 160 g neto escurrido"],"general_information":["Denominación del alimento: Gambas Blancas Peladas Ultracongeladas","Nombre del operador: Delfín Ultracongelados S.A","Dirección del operador: C/Colmenas 35 P.I Los Albardiales 45340 Ontigola (Toledo)","Lugar de procedencia del alimento: Capturado en Mar Mediterráneo Este, Mar Egeo.","Cantidad Neta: 200,0 g","Peso neto escurrido: 160,0 g","Otras menciones obligatorias en la etiqueta: Arte de pesca: Redes de arrastre."],"ingredients":[" Gambas (Parapenaeus longirostris) y antioxidantes (metabisulfito sódico, ácidoascórbico, ácido cítrico, citratos de sodio).Contiene sulfitos."],"conservation":" PRODUCTO ULTRACONGELADO. MANTENER A -18°C. NO RECONGELAR","ean":"8410547049158"},{"full_name":"GRAND KRUST gamba salvaje pelada cruda 53-88 piezas bolsa 600 g neto escurrido","name":"gamba salvaje pelada cruda 53-88 piezas bolsa 600 g neto escurrido","brand":"GRAND KRUST ","img":"https://sgfm.elcorteingles.es/SGFM/dctm/MEDIA02/CONTENIDOS/201601/26/00118939400711____2__600x600.jpg","price":"11,99 €","price_unit":"(19,98 € / Kilo)","categories":["Supermercado","Congelados","Pescados, mariscos y surimis","Gambas congeladas","GRAND KRUST gamba salvaje pelada cruda 53-88 piezas bolsa 600 g neto escurrido"],"general_information":["Denominación del alimento: GAMBA PELADA CRUDA CONGELADA","Nombre del operador: KRUSTAGROUP S.A.U","Dirección del operador: POLIGONO PRATENC C/ 100 Nº 33-35 CP08820 EL PRAT D","Cantidad Neta: 0.600 Kilogramos","Número de raciones por envase: 75","Otras menciones obligatorias en la etiqueta: PRODUCTO CRUDO CONGELADO Y GLASEADO"],"ingredients":[" GAMBAS PELADAS,ESTABILIZANTE(E-452), ANTIOXIDANTE (E-223)SULFITOS"],"conservation":" PRODUCTO CONGELADO CONSERVAR POR DEBAJO DE -18°C, UNA VEZ DESCONGELADO NO VOLVER A CONGELAR","ean":"8414335028257"},{"full_name":"PESCANOVA gamba roja pelada bandeja 400 g neto escurrido","name":"gamba roja pelada bandeja 400 g neto escurrido","brand":"PESCANOVA ","img":"https://sgfm.elcorteingles.es/SGFM/00/35/6/0118939400356/0118939400356000g01011.jpg","price":"9,89 €","price_unit":"(24,72 € / Kilo)","categories":["Supermercado","Congelados","Pescados, mariscos y surimis","Gambas congeladas","PESCANOVA gamba roja pelada bandeja 400 g neto escurrido"],"general_information":["Denominación del alimento: Gamba roja pelada","Nombre del operador: Pescanova España S.L.U","Dirección del operador: Rúa José Fernández López S/N 36320 Chapela-Redondela-Pontevedra-España","Cantidad Neta: 400 g"],"ingredients":[" Gamba roja, antioxidante (E 223 (sulfitos) y estabilizante (E 452)"],"conservation":" Mantener a -18° C hasta la fecha de consumo preferente","ean":"8410063042381"},{"full_name":"PESCANOVA gambas peladas bolsa 240 g neto escurrido","name":"gambas peladas bolsa 240 g neto escurrido","brand":"PESCANOVA ","img":"https://sgfm.elcorteingles.es/SGFM/00/61/2/0118939400612/0118939400612000g01011.jpg","price":"5,24 €            ","price_unit":"(20,79 € / Kilo)","categories":["Supermercado","Congelados","Pescados, mariscos y surimis","Gambas congeladas","PESCANOVA gambas peladas bolsa 240 g neto escurrido"],"general_information":["Denominación del alimento: Gamba pelada","Nombre del operador: Pescanova España S.L.U","Dirección del operador: Rúa José Fernández López S/N 36320 Chapela-Redondela-Pontevedra-España","Cantidad Neta: 240 g"],"ingredients":[" Gambas, agua, sal y estabilizante (E 331). Puede contener trazas de sulfitos"],"conservation":" Mantener a -18° C hasta la fecha de consumo preferente","ean":"8410063065106"},{"full_name":"DON CAMARON camarón cocido grande 30/40 piezas estuche 250 g neto escurrido","name":"camarón cocido grande 30/40 piezas estuche 250 g neto escurrido","brand":"DON CAMARON ","img":"https://sgfm.elcorteingles.es/SGFM/dctm/MEDIA03/201612/19/00118938902147____1__600x600.jpg","price":"26,90 €","price_unit":"(107,60 € / Kilo)","categories":["Supermercado","Congelados","Pescados, mariscos y surimis","Gambas congeladas","DON CAMARON camarón cocido grande 30/40 piezas estuche 250 g neto escurrido"],"general_information":["Denominación del alimento: Camarón G","Nombre del operador: Don Camarón, S.L.","Dirección del operador: C/Marqués de Valterra, 19 - 36202 Vigo (Pontevedra)","Lugar de procedencia del alimento: Irlanda","Cantidad Neta: 0.25 Kilogramos","Número de raciones por envase: 35"],"ingredients":[" Camarón, sal, laurel, antioxidantes (E 223 (sulfitos), E 330, E 301, E 331), estabilizante (E 450). Puede contener trazas de pescado, moluscos."],"conservation":" Mantener a - 18 ºC hasta la fecha de consumo preferente. En el frigorífico dos días. No congelar una vez descongelado.","ean":"8437005500525"},{"full_name":"DON CAMARON camarón cocido grande 60/70 piezas estuche 500 g neto escurrido","name":"camarón cocido grande 60/70 piezas estuche 500 g neto escurrido","brand":"DON CAMARON ","img":"https://sgfm.elcorteingles.es/SGFM/dctm/MEDIA03/201612/19/00118938902139____1__600x600.jpg","price":"47,42 €","price_unit":"(94,84 € / Kilo)","categories":["Supermercado","Congelados","Pescados, mariscos y surimis","Gambas congeladas","DON CAMARON camarón cocido grande 60/70 piezas estuche 500 g neto escurrido"],"general_information":["Denominación del alimento: Camarón G","Nombre del operador: Don Camarón, S.L.","Dirección del operador: C/Marqués de Valterra, 19 - 36202 Vigo (Pontevedra)","Lugar de procedencia del alimento: Irlanda","Cantidad Neta: 0.5 Kilogramos","Número de raciones por envase: 65"],"ingredients":[" Camarón, sal, laurel, antioxidantes (E 223 (sulfitos), E 330, E 301, E 331), estabilizante (E 450). Puede contener trazas de pescado, moluscos."],"conservation":" Mantener a - 18 ºC hasta la fecha de consumo preferente. En el frigorífico dos días. No congelar una vez descongelado.","ean":"8437005500518"},{"full_name":"DON CAMARON camarón mediano cocido 40/50 piezas estuche 250 g neto escurrido","name":"camarón mediano cocido 40/50 piezas estuche 250 g neto escurrido","brand":"DON CAMARON ","img":"https://sgfm.elcorteingles.es/SGFM/dctm/MEDIA03/201612/02/00118938902121____1__600x600.jpg","price":"14,31 €","price_unit":"(57,24 € / Kilo)","categories":["Supermercado","Congelados","Pescados, mariscos y surimis","Gambas congeladas","DON CAMARON camarón mediano cocido 40/50 piezas estuche 250 g neto escurrido"],"general_information":["Denominación del alimento: Camarón M","Nombre del operador: Don Camarón, S.L.","Dirección del operador: C/Marqués de Valterra, 19 - 36202 Vigo (Pontevedra)","Lugar de procedencia del alimento: Irlanda","Cantidad Neta: 0.25 Kilogramos","Número de raciones por envase: 45"],"ingredients":[" Camarón, sal, laurel, antioxidantes (E 223 (sulfitos), E 330, E 301, E 331), estabilizante (E 450). Puede contener trazas de pescado, moluscos."],"conservation":" Mantener a - 18 ºC hasta la fecha de consumo preferente. En el frigorífico dos días. No congelar una vez descongelado.","ean":"8437005500501"},{"full_name":"DON CAMARON camarón mediano cocido 90/100 piezas estuche 500 g neto escurrido","name":"camarón mediano cocido 90/100 piezas estuche 500 g neto escurrido","brand":"DON CAMARON ","img":"https://sgfm.elcorteingles.es/SGFM/dctm/MEDIA03/201612/02/00118938902113____1__600x600.jpg","price":"29,95 €","price_unit":"(59,90 € / Kilo)","categories":["Supermercado","Congelados","Pescados, mariscos y surimis","Gambas congeladas","DON CAMARON camarón mediano cocido 90/100 piezas estuche 500 g neto escurrido"],"general_information":["Denominación del alimento: Camarón M","Nombre del operador: Don Camarón, S.L.","Dirección del operador: C/Marqués de Valterra, 19 - 36202 Vigo (Pontevedra)","Lugar de procedencia del alimento: Irlanda","Cantidad Neta: 0.5 Kilogramos","Número de raciones por envase: 95"],"ingredients":[" Camarón, sal, laurel, antioxidantes (E 223 (sulfitos), E 330, E 301, E 331), estabilizante (E 450). Puede contener trazas de pescado, moluscos."],"conservation":" Mantener a - 18 ºC hasta la fecha de consumo preferente. En el frigorífico dos días. No congelar una vez descongelado.","ean":"8437005500495"},{"full_name":"EL CORTE INGLES langostino salvaje cocido 40-60 piezas estuche 750 g neto escurrido","name":"langostino salvaje cocido 40-60 piezas estuche 750 g neto escurrido","brand":"EL CORTE INGLES ","img":"https://sgfm.elcorteingles.es/SGFM/dctm/MEDIA03/201610/28/00118938900174____1__600x600.jpg","price":"11,99 €            ","price_unit":"(13,32 € / Kilo)","categories":["Supermercado","Congelados","Pescados, mariscos y surimis","Langostinos y gambones congelados","EL CORTE INGLES langostino salvaje cocido 40-60 piezas estuche 750 g neto escurrido"],"general_information":["Denominación del alimento: Langostinos cocidos ultracongelados","Nombre del operador: Elaborado para El Corte Inglés\npor  Delfín Ultracongelados, S.A.                                P.I. Los Albardiales  - C/ Colmenas Nº 35                45340 Ontigola (Toledo) - España","Cantidad Neta: 750 g","Número de raciones por envase: 6"],"ingredients":[" Ingredientes: Langostinos, sal y antioxidante (metabisulfito sódico). Puede contener trazas de moluscos y pescado"],"conservation":" Consérvese a temperaturas inferiores a ?18ºC\n\nMantenga la calidad respetando las condiciones de conservación. Producto ultracongelado, no volver a congelar una vez descongelado.","ean":"8433329001281"},{"full_name":"EL CORTE INGLES langostino salvaje cocido 30-40 piezas estuche 750 g neto escurrido","name":"langostino salvaje cocido 30-40 piezas estuche 750 g neto escurrido","brand":"EL CORTE INGLES ","img":"https://sgfm.elcorteingles.es/SGFM/dctm/MEDIA03/201610/28/00118938900166____1__600x600.jpg","price":"15,00 €","price_unit":"(20 € / Kilo)","categories":["Supermercado","Congelados","Pescados, mariscos y surimis","Langostinos y gambones congelados","EL CORTE INGLES langostino salvaje cocido 30-40 piezas estuche 750 g neto escurrido"],"general_information":["Denominación del alimento: Langostinos cocidos ultracongelados","Nombre del operador: Elaborado para El Corte Inglés\npor  Delfín Ultracongelados, S.A.                                P.I. Los Albardiales  - C/ Colmenas Nº 35                45340 Ontigola (Toledo) - España","Cantidad Neta: 750 g","Número de raciones por envase: 6"],"ingredients":[" Ingredientes: Langostinos, sal y antioxidante (metabisulfito sódico). Puede contener trazas de moluscos y pescado"],"conservation":" Consérvese a temperaturas inferiores a ?18ºC\n\nMantenga la calidad respetando las condiciones de conservación. Producto ultracongelado, no volver a congelar una vez descongelado.","ean":"8433329001274"},{"full_name":"EL CORTE INGLES langostino salvaje cocido 20-25 piezas estuche 750 g neto escurrido","name":"langostino salvaje cocido 20-25 piezas estuche 750 g neto escurrido","brand":"EL CORTE INGLES ","img":"https://sgfm.elcorteingles.es/SGFM/dctm/MEDIA03/201611/14/00118938900307____1__600x600.jpg","price":"21,90 €            ","price_unit":"(26,53 € / Kilo)","categories":["Supermercado","Congelados","Pescados, mariscos y surimis","Langostinos y gambones congelados","EL CORTE INGLES langostino salvaje cocido 20-25 piezas estuche 750 g neto escurrido"],"general_information":["Denominación del alimento: Langostinos cocidos ultracongelados","Nombre del operador: Elaborado para El Corte Inglés\npor  Delfín Ultracongelados, S.A.                                P.I. Los Albardiales  - C/ Colmenas Nº 35                45340 Ontigola (Toledo) - España","Cantidad Neta: 750 g","Número de raciones por envase: 6"],"ingredients":[" Ingredientes: Langostinos, sal y antioxidante (metabisulfito sódico). Puede contener trazas de moluscos y pescado"],"conservation":" Consérvese a temperaturas inferiores a ?18ºC\n\nMantenga la calidad respetando las condiciones de conservación. Producto ultracongelado, no volver a congelar una vez descongelado.","ean":"8433329001267"},{"full_name":"EL CORTE INGLES langostino crudo 48/64 piezas estuche 800 g neto escurrido","name":"langostino crudo 48/64 piezas estuche 800 g neto escurrido","brand":"EL CORTE INGLES ","img":"https://sgfm.elcorteingles.es/SGFM/dctm/MEDIA03/201610/05/00118938902030____1__600x600.jpg","price":"7,35 €            ","price_unit":"(9 € / Kilo)","categories":["Supermercado","Congelados","Pescados, mariscos y surimis","Langostinos y gambones congelados","EL CORTE INGLES langostino crudo 48/64 piezas estuche 800 g neto escurrido"],"general_information":["Denominación del alimento: Langostino vannamei crudo ultracongelado","Nombre del operador: Elaborado para El Corte Inglés\npor  Delfín Ultracongelados, S.A.                                P.I. Los Albardiales  - C/ Colmenas Nº 35                45340 Ontigola (Toledo) - España","Cantidad Neta: 800 g","Número de raciones por envase: 6"],"ingredients":[" Ingredientes: Langostinos (Penaeus vannamei) y  antioxidante (metabisulfito sódico). Puede contener trazas de moluscos y pescado"],"conservation":" Consérvese a temperaturas inferiores a ?18ºC\n\nMantenga la calidad respetando las condiciones de conservación. Producto ultracongelado, no volver a congelar una vez descongelado.","ean":"8433329073011"},{"full_name":"EL CORTE INGLES langostinos cocidos 48/64 piezas estuche 800 g neto escurrido","name":"langostinos cocidos 48/64 piezas estuche 800 g neto escurrido","brand":"EL CORTE INGLES ","img":"https://sgfm.elcorteingles.es/SGFM/dctm/MEDIA03/201610/05/00118938902022____1__600x600.jpg","price":"7,35 €            ","price_unit":"(9 € / Kilo)","categories":["Supermercado","Congelados","Pescados, mariscos y surimis","Langostinos y gambones congelados","EL CORTE INGLES langostinos cocidos 48/64 piezas estuche 800 g neto escurrido"],"general_information":["Denominación del alimento: Langostino vannamei cocido ultracongelado","Nombre del operador: Elaborado para El Corte Inglés\npor  Delfín Ultracongelados, S.A.                                P.I. Los Albardiales  - C/ Colmenas Nº 35                45340 Ontigola (Toledo) - España","Cantidad Neta: 800 g","Número de raciones por envase: 6"],"ingredients":[" Ingredientes: Langostinos (Penaeus vannamei), sal y  antioxidante (metabisulfito sódico). Puede contener trazas de moluscos y pescado"],"conservation":" Consérvese a temperaturas inferiores a ?18ºC\n\nMantenga la calidad respetando las condiciones de conservación. Producto ultracongelado, no volver a congelar una vez descongelado.","ean":"8433329073004"},{"full_name":"EL CORTE INGLES langostino cocido 43-48 piezas estuche 1000 g neto escurrido","name":"langostino cocido 43-48 piezas estuche 1000 g neto escurrido","brand":"EL CORTE INGLES ","img":"https://sgfm.elcorteingles.es/SGFM/dctm/MEDIA03/201612/27/00118938900604____7__600x600.jpg","price":"11,40 €","price_unit":"(11,40 € / Kilo)","categories":["Supermercado","Congelados","Pescados, mariscos y surimis","Langostinos y gambones congelados","EL CORTE INGLES langostino cocido 43-48 piezas estuche 1000 g neto escurrido"],"general_information":["Denominación del alimento: Langostino vannamei cocido ultracongelado","Nombre del operador: Elaborado para El Corte Inglés\npor  Delfín Ultracongelados, S.A.                                P.I. Los Albardiales  - C/ Colmenas Nº 35                45340 Ontigola (Toledo) - España","Cantidad Neta: 1 Kilogramos","Número de raciones por envase: 8"],"ingredients":[" Ingredientes: Langostinos (Penaeus  vannamei) sal y antioxidante (metabisulfito sódico). Puede contener trazas de moluscos y pescado"],"conservation":" Consérvese a temperaturas inferiores a ?18ºC\n\nMantenga la calidad respetando las condiciones de conservación. Producto ultracongelado, no volver a congelar una vez descongelado.","ean":"8433329010412"},{"full_name":"EL CORTE INGLES langostino crudo 43-48 piezas estuche 1000 g neto escurrido","name":"langostino crudo 43-48 piezas estuche 1000 g neto escurrido","brand":"EL CORTE INGLES ","img":"https://sgfm.elcorteingles.es/SGFM/dctm/MEDIA03/201610/28/00118938900596____7__600x600.jpg","price":"11,99 €            ","price_unit":"(11,40 € / Kilo)","categories":["Supermercado","Congelados","Pescados, mariscos y surimis","Langostinos y gambones congelados","EL CORTE INGLES langostino crudo 43-48 piezas estuche 1000 g neto escurrido"],"general_information":["Denominación del alimento: Langostino vannamei crudo ultracongelado","Nombre del operador: Elaborado para El Corte Inglés\npor  Delfín Ultracongelados, S.A.                                P.I. Los Albardiales  - C/ Colmenas Nº 35                45340 Ontigola (Toledo) - España","Cantidad Neta: 1 Kilogramos","Número de raciones por envase: 8"],"ingredients":[" Ingredientes: Langostinos (Penaeus  vannamei) y antioxidante (metabisulfito sódico). Puede contener trazas de moluscos y pescado"],"conservation":" Consérvese a temperaturas inferiores a ?18ºC\n\nMantenga la calidad respetando las condiciones de conservación. Producto ultracongelado, no volver a congelar una vez descongelado.","ean":"8433329010405"},{"full_name":"EL CORTE INGLES langostino salvaje crudo 33-48 piezas estuche 800 g neto escurrido","name":"langostino salvaje crudo 33-48 piezas estuche 800 g neto escurrido","brand":"EL CORTE INGLES ","img":"https://sgfm.elcorteingles.es/SGFM/dctm/MEDIA03/201612/02/00118938900158____1__600x600.jpg","price":"16,40 €","price_unit":"(20,50 € / Kilo)","categories":["Supermercado","Congelados","Pescados, mariscos y surimis","Langostinos y gambones congelados","EL CORTE INGLES langostino salvaje crudo 33-48 piezas estuche 800 g neto escurrido"],"general_information":["Denominación del alimento: Langostinos crudos ultracongelados","Nombre del operador: Elaborado para El Corte Inglés\npor  Delfín Ultracongelados, S.A.                                P.I. Los Albardiales  - C/ Colmenas Nº 35                45340 Ontigola (Toledo) - España","Cantidad Neta: 800 g","Número de raciones por envase: 6"],"ingredients":[" Ingredientes: Langostinos y antioxidante (metabisulfito sódico). Puede contener trazas de moluscos y pescado"],"conservation":" Consérvese a temperaturas inferiores a ?18ºC\n\nMantenga la calidad respetando las condiciones de conservación. Producto ultracongelado, no volver a congelar una vez descongelado.","ean":"8433329001250"},{"full_name":"EL CORTE INGLES langostino salvaje crudo 24-32 piezas estuche 800 g neto escurrido","name":"langostino salvaje crudo 24-32 piezas estuche 800 g neto escurrido","brand":"EL CORTE INGLES ","img":"https://sgfm.elcorteingles.es/SGFM/dctm/MEDIA03/201610/28/00118938900141____1__600x600.jpg","price":"18,90 €            ","price_unit":"(23,50 € / Kilo)","categories":["Supermercado","Congelados","Pescados, mariscos y surimis","Langostinos y gambones congelados","EL CORTE INGLES langostino salvaje crudo 24-32 piezas estuche 800 g neto escurrido"],"general_information":[],"ingredients":[],"ean":"8410547300013"},{"full_name":"EL CORTE INGLES langostino salvaje crudo 10-15 piezas estuche 700 g neto escurrido","name":"langostino salvaje crudo 10-15 piezas estuche 700 g neto escurrido","brand":"EL CORTE INGLES ","img":"https://sgfm.elcorteingles.es/SGFM/dctm/MEDIA03/201612/19/00118938900299____1__600x600.jpg","price":"22,90 €","price_unit":"(32,71 € / Kilo)","categories":["Supermercado","Congelados","Pescados, mariscos y surimis","Langostinos y gambones congelados","EL CORTE INGLES langostino salvaje crudo 10-15 piezas estuche 700 g neto escurrido"],"general_information":["Denominación del alimento: Langostinos crudos ultracongelados","Nombre del operador: Elaborado para El Corte Inglés\npor  Delfín Ultracongelados, S.A.                                P.I. Los Albardiales  - C/ Colmenas Nº 35                45340 Ontigola (Toledo) - España","Cantidad Neta: 700 g","Número de raciones por envase: 5"],"ingredients":[" Ingredientes: Langostinos y antioxidante (metabisulfito sódico). Puede contener trazas de moluscos y pescado"],"conservation":" Consérvese a temperaturas inferiores a ?18ºC\n\nMantenga la calidad respetando las condiciones de conservación. Producto ultracongelado, no volver a congelar una vez descongelado.","ean":"8433329001236"},{"full_name":"EL CORTE INGLES gambón crudo 12-16 piezas estuche 400 g neto escurrido","name":"gambón crudo 12-16 piezas estuche 400 g neto escurrido","brand":"EL CORTE INGLES ","img":"https://sgfm.elcorteingles.es/SGFM/dctm/MEDIA03/201611/14/00118938902097____1__600x600.jpg","price":"5,90 €","price_unit":"(14,75 € / Kilo)","categories":["Supermercado","Congelados","Pescados, mariscos y surimis","Langostinos y gambones congelados","EL CORTE INGLES gambón crudo 12-16 piezas estuche 400 g neto escurrido"],"general_information":["Denominación del alimento: Gambón crudo ultracongelado","Nombre del operador: Elaborado para El Corte Inglés\npor  Delfín Ultracongelados, S.A.                                P.I. Los Albardiales  - C/ Colmenas Nº 35                45340 Ontigola (Toledo) - España","Cantidad Neta: 400 g","Número de raciones por envase: 2"],"ingredients":[" Ingredientes: Gambón (Pleoticus muelleri),  antioxidante (metabisulfito sódico), correctores de acidez (citratos de sodio) y sal. Puede contener trazas de moluscos y pescado"],"conservation":" Consérvese a temperaturas inferiores a ?18ºC\n\nMantenga la calidad respetando las condiciones de conservación. Producto ultracongelado, no volver a congelar una vez descongelado.","ean":"8433329073028"},{"full_name":"DELFIN langostino blanco crudo pelado estuche 160 g neto escurrido","name":"langostino blanco crudo pelado estuche 160 g neto escurrido","brand":"DELFIN ","img":"https://sgfm.elcorteingles.es/SGFM/dctm/MEDIA02/CONTENIDOS/201512/29/00201138902331____1__600x600.jpg","price":"4,20 €","price_unit":"(26,25 € / Kilo)","categories":["Supermercado","Congelados","Pescados, mariscos y surimis","Langostinos y gambones congelados","DELFIN langostino blanco crudo pelado estuche 160 g neto escurrido"],"general_information":["Denominación del alimento: Langostino crudo pelado ultracongelado","País de origen: España","Nombre del operador: Delfin Ultracongelados S.A","Dirección del operador: C/ colmenas 35 P.I Los Albardiales  45340 Ontigola (Toledo)","Cantidad Neta: 160 g","Peso neto escurrido: 160 g","Otras menciones obligatorias en la etiqueta: Envasado en España"],"ingredients":[" Langostino, antioxidante (metabisulfito sódico) y correctores de acidez (citratos de sodio, carbonatos de sodio)."],"conservation":" Mantener a -18ºC. No recongelar. Producto ultracongelado.","ean":"8410547949298"},{"full_name":"DELFIN langostino mediterraneo cocido 10-20 piezas caja 300 g neto escurrido","name":"langostino mediterraneo cocido 10-20 piezas caja 300 g neto escurrido","brand":"DELFIN ","img":"https://sgfm.elcorteingles.es/SGFM/dctm/MEDIA03/201611/11/00118938901768____2__600x600.jpg","price":"12,99 €","price_unit":"(43,30 € / Kilo)","categories":["Supermercado","Congelados","Pescados, mariscos y surimis","Langostinos y gambones congelados","DELFIN langostino mediterraneo cocido 10-20 piezas caja 300 g neto escurrido"],"general_information":[],"ingredients":[],"ean":"8410547952892"},{"full_name":"DELFIN langostino cocido pelado grande envase 160 g neto escurrido","name":"langostino cocido pelado grande envase 160 g neto escurrido","brand":"DELFIN ","img":"https://sgfm.elcorteingles.es/SGFM/dctm/MEDIA02/CONTENIDOS/201511/11/00118938901479____1__600x600.jpg","price":"4,60 €","price_unit":"(23 € / Kilo)","categories":["Supermercado","Congelados","Pescados, mariscos y surimis","Langostinos y gambones congelados","DELFIN langostino cocido pelado grande envase 160 g neto escurrido"],"general_information":["Denominación del alimento: Langostino blanco cocido pelado ultracongelado","Nombre del operador: Delfín Ultracongelados S.A","Dirección del operador: C/Colmenas 35 P.I Los Albardiales 45340 Ontigola (Toledo)","Lugar de procedencia del alimento: Producto de acuicultura. Criado en Ecuador","Cantidad Neta: 200,0 g","Peso neto escurrido: 160,0 g","Otras menciones obligatorias en la etiqueta: Arte de pesca: Redes de arrasre"],"ingredients":[" Langostino (litopenaeus vannamei), sal y antioxidante (Metabisulfito sódico). Contiene sulfitos"],"conservation":" PRODUCTO ULTRACONGELADO. MANTENER A -18°C. NO RECONGELAR","ean":"8410547943128"},{"full_name":"DELFIN gambón argentino crudo especial plancha 20-30 piezas envase 700 g neto escurrido","name":"gambón argentino crudo especial plancha 20-30 piezas envase 700 g neto escurrido","brand":"DELFIN ","img":"https://sgfm.elcorteingles.es/SGFM/01/10/7/0118938901107/0118938901107000g01011.jpg","price":"12,45 €","price_unit":"(17,79 € / Kilo)","categories":["Supermercado","Congelados","Pescados, mariscos y surimis","Langostinos y gambones congelados","DELFIN gambón argentino crudo especial plancha 20-30 piezas envase 700 g neto escurrido"],"general_information":["Denominación del alimento: Gambón crudo","Nombre del operador: Delfín Ultracongelados S.A","Dirección del operador: C/Colmenas 35 P.I Los Albardiales 45340 Ontigola (Toledo)","Lugar de procedencia del alimento: Capturado en Océano Atlántico Sudoeste","Cantidad Neta: 700,0 g","Otras menciones obligatorias en la etiqueta: Arte de pesca: Redes de arrastre."],"ingredients":[" Gambón (Pleoticus muelleri) y antioxidante (metabisulfito sódico). Contiene sulfitos."],"conservation":" PRODUCTO ULTRACONGELADO. MANTENER A -18°C. NO RECONGELAR","ean":"8410547923434"},{"full_name":"DELFIN gambón cocido 10/15 piezas estuche 600 g neto escurrido","name":"gambón cocido 10/15 piezas estuche 600 g neto escurrido","brand":"DELFIN ","img":"https://sgfm.elcorteingles.es/SGFM/dctm/MEDIA03/201710/24/00118938902386____1__600x600.jpg","price":"11,99 €","price_unit":"(19,98 € / Kilo)","categories":["Supermercado","Congelados","Pescados, mariscos y surimis","Langostinos y gambones congelados","DELFIN gambón cocido 10/15 piezas estuche 600 g neto escurrido"],"general_information":[],"ingredients":[],"ean":"8410547943470"},{"full_name":"DELFIN gambón cocido 15-25 piezas estuche 700 g neto escurrido","name":"gambón cocido 15-25 piezas estuche 700 g neto escurrido","brand":"DELFIN ","img":"https://sgfm.elcorteingles.es/SGFM/dctm/MEDIA02/CONTENIDOS/201507/23/00118938901917____1__600x600.jpg","price":"12,45 €","price_unit":"(17,79 € / Kilo)","categories":["Supermercado","Congelados","Pescados, mariscos y surimis","Langostinos y gambones congelados","DELFIN gambón cocido 15-25 piezas estuche 700 g neto escurrido"],"general_information":["Denominación del alimento: Gambón cocido ultracongelado","País de origen: España","Nombre del operador: Delfin Ultracongelados S.A","Dirección del operador: C/ colmenas 35 P.I Los Albardiales  45340 Ontigola (Toledo)","Cantidad Neta: 700 g","Peso neto escurrido: 700 g","Otras menciones obligatorias en la etiqueta: Una vez descongelado está listo para su consumo."],"ingredients":[" Gambones, sal y antioxidantes (metabisulfito sódico, ascorbato sódico y ácido cítrico), conservante (citratos de sodio) y azúcar."],"conservation":" Mantener a -18ºC. No recongelar. Producto cocido ultracongelado","ean":"8410547948437"},{"full_name":"DELFIN gambón pelado cocido 20-30 piezas bolsa 200 g","name":"gambón pelado cocido 20-30 piezas bolsa 200 g","brand":"DELFIN ","img":"https://sgfm.elcorteingles.es/SGFM/dctm/MEDIA03/201605/24/00118938902014____1__600x600.jpg","price":"4,83 €","price_unit":"(24,15 € / Kilo)","categories":["Supermercado","Congelados","Pescados, mariscos y surimis","Langostinos y gambones congelados","DELFIN gambón pelado cocido 20-30 piezas bolsa 200 g"],"general_information":["Denominación del alimento: GAMBON PELADO COCIDO DESVENADO","País de origen: Argentina","Nombre del operador: DELFÍN ULTRACONGELADOS, S.A.","Dirección del operador: C/ COLMENAS 35 P.IND.  LOS ALBARDIALES 45340 ONTÍGOLA (TOLEDO)","Cantidad Neta: 200 g","Peso neto escurrido: 200 g"],"ingredients":[" LANGOSTINO, ANTIOXIDANTE, METABISULFITO DE SODIO"],"conservation":" RESGUARDE EL PRODUCTO NO CONSUMIDO CERRANDO EL ENVASE LO MÁS HERMÉTICAMENTE POSIBLE. CONSERVAR A -18º PRODUCTO ULTRACONGELADO NO VOLVER A CONGELAR","ean":"8410547951536"},{"full_name":"DELFIN gambón austral pelado crudo estuche 200 g neto escurrido","name":"gambón austral pelado crudo estuche 200 g neto escurrido","brand":"DELFIN ","img":"https://sgfm.elcorteingles.es/SGFM/dctm/MEDIA02/CONTENIDOS/201511/11/00118938901024____1__600x600.jpg","price":"4,60 €","price_unit":"(23 € / Kilo)","categories":["Supermercado","Congelados","Pescados, mariscos y surimis","Langostinos y gambones congelados","DELFIN gambón austral pelado crudo estuche 200 g neto escurrido"],"general_information":["Denominación del alimento: Gambón Pelado Ultracongelado","Nombre del operador: Delfín Ultracongelados S.A","Dirección del operador: C/Colmenas 35 P.I Los Albardiales 45340 Ontigola (Toledo)","Lugar de procedencia del alimento: Capturado en Océano Atlántico Sudoeste","Cantidad Neta: 250 g","Peso neto escurrido: 200 g","Otras menciones obligatorias en la etiqueta: Arte de pesca: Redes de arrastre."],"ingredients":[" Gambones (Pleoticus muelleri) y antioxidante (metabisulfito sódico). Contiene sulfitos."],"conservation":" PRODUCTO ULTRACONGELADO. MANTENER A -18°C. NO RECONGELAR","ean":"8410547921928"},{"full_name":"GRAND KRUST gambón crudo sabor salvaje selección especial 20-30 piezas estuche 2 kg","name":"gambón crudo sabor salvaje selección especial 20-30 piezas estuche 2 kg","brand":"GRAND KRUST ","img":"https://sgfm.elcorteingles.es/SGFM/dctm/MEDIA03/201610/28/00118938902055____1__600x600.jpg","price":"19,90 €","price_unit":"(9,95 € / Kilo)","categories":["Supermercado","Congelados","Pescados, mariscos y surimis","Langostinos y gambones congelados","GRAND KRUST gambón crudo sabor salvaje selección especial 20-30 piezas estuche 2 kg"],"general_information":[],"ingredients":[],"ean":"8414335028004"},{"full_name":"GRAND KRUST gambón crudo 14-21 piezas sin gluten estuche 700 g neto escurrido","name":"gambón crudo 14-21 piezas sin gluten estuche 700 g neto escurrido","brand":"GRAND KRUST ","img":"https://sgfm.elcorteingles.es/SGFM/dctm/MEDIA02/CONTENIDOS/201511/02/00118938901925____2__600x600.jpg","price":"11,99 €","price_unit":"(17,13 € / Kilo)","categories":["Supermercado","Congelados","Pescados, mariscos y surimis","Langostinos y gambones congelados","GRAND KRUST gambón crudo 14-21 piezas sin gluten estuche 700 g neto escurrido"],"general_information":["Denominación del alimento: LANGOSTINO ARGENTINO CRUDO CONGELADO","Nombre del operador: KRUSTAGROUP S.A.U","Dirección del operador: POLIGONO PRATENC C/ 100 Nº 33-35 CP08820 EL PRAT D","Cantidad Neta: 0.700 Kilogramos","Número de raciones por envase: 18","Otras menciones obligatorias en la etiqueta: PRODUCTO CRUDO CONGELADO"],"ingredients":[" LANGOSTINO ARGENTINO, ANTIOXIDANTE (E-223)SULFITOS"],"conservation":" PRODUCTO CONGELADO CONSERVAR POR DEBAJO DE -18° C, UNA VEZ DESCONGELADO NO VOLVER A CONGELAR","ean":"8414335012041"},{"full_name":"PESCANOVA gambón cocido 20-30 piezas estuche 800 g neto escurrido","name":"gambón cocido 20-30 piezas estuche 800 g neto escurrido","brand":"PESCANOVA ","img":"https://sgfm.elcorteingles.es/SGFM/dctm/MEDIA03/201712/07/00118938901743____2__600x600.jpg","price":"13,99 €","price_unit":"(17,49 € / Kilo)","categories":["Supermercado","Congelados","Pescados, mariscos y surimis","Langostinos y gambones congelados","PESCANOVA gambón cocido 20-30 piezas estuche 800 g neto escurrido"],"general_information":[],"ingredients":[],"ean":"8410063065113"},{"full_name":"PESCANOVA langostino austral gigante crudo especial plancha 16-24 piezas estuche 800 g neto escurrido","name":"langostino austral gigante crudo especial plancha 16-24 piezas estuche 800 g neto escurrido","brand":"PESCANOVA ","img":"https://sgfm.elcorteingles.es/SGFM/dctm/MEDIA03/201712/07/00118938901909____2__600x600.jpg","price":"14,99 €            ","price_unit":"(17,75 € / Kilo)","categories":["Supermercado","Congelados","Pescados, mariscos y surimis","Langostinos y gambones congelados","PESCANOVA langostino austral gigante crudo especial plancha 16-24 piezas estuche 800 g neto escurrido"],"general_information":["Denominación del alimento: Gambón gigante","Nombre del operador: Pescanova España S.L.U","Dirección del operador: Rúa José Fernández López S/N 36320 Chapela-Redondela-Pontevedra-España","Cantidad Neta: 800 g"],"ingredients":[" Gambón, sal, antioxidantes (E 223 (sulfitos), E 330), sacarosa"],"conservation":" Mantener a -18° C hasta la fecha de consumo preferente","ean":"8410063052489"},{"full_name":"PESCANOVA langostino banana salvaje selección 20-30 piezas estuche 1000 g neto escurrido","name":"langostino banana salvaje selección 20-30 piezas estuche 1000 g neto escurrido","brand":"PESCANOVA ","img":"https://sgfm.elcorteingles.es/SGFM/dctm/MEDIA02/CONTENIDOS/201411/28/00118938901438____1__600x600.jpg","price":"35,00 €","price_unit":"(35 € / Kilo)","categories":["Supermercado","Congelados","Pescados, mariscos y surimis","Langostinos y gambones congelados","PESCANOVA langostino banana salvaje selección 20-30 piezas estuche 1000 g neto escurrido"],"general_information":["Denominación del alimento: Langostino banana","Nombre del operador: Pescanova España S.L.U","Dirección del operador: Rúa José Fernández López S/N 36320 Chapela-Redondela-Pontevedra-España","Cantidad Neta: 1000 g"],"ingredients":[" Langostino, antioxidantes (E 223(sulfitos), E 300, E 330)"],"conservation":" Mantener a -18° C hasta la fecha de consumo preferente","ean":"8410063056074"},{"full_name":"PESCANOVA langostino tigre extra cocido 24-32 piezas estuche 800 g neto escurrido","name":"langostino tigre extra cocido 24-32 piezas estuche 800 g neto escurrido","brand":"PESCANOVA ","img":"https://sgfm.elcorteingles.es/SGFM/dctm/MEDIA03/201712/07/00118938901420____1__600x600.jpg","price":"28,35 €","price_unit":"(35,44 € / Kilo)","categories":["Supermercado","Congelados","Pescados, mariscos y surimis","Langostinos y gambones congelados","PESCANOVA langostino tigre extra cocido 24-32 piezas estuche 800 g neto escurrido"],"general_information":["Denominación del alimento: Langostino tigre cocido","Nombre del operador: Pescanova España S.L.U","Dirección del operador: Rúa José Fernández López S/N 36320 Chapela-Redondela-Pontevedra-España","Cantidad Neta: 800 g"],"ingredients":[" Langostino, sal y antioxidante (E 223 (sulfitos), E 300, E 330)"],"conservation":" Mantener a -18° C hasta la fecha de consumo preferente","ean":"8410063058368"},{"full_name":"PESCANOVA langostino tigre salvaje selección 20-30 piezas estuche 1000 g neto escurrido","name":"langostino tigre salvaje selección 20-30 piezas estuche 1000 g neto escurrido","brand":"PESCANOVA ","img":"https://sgfm.elcorteingles.es/SGFM/dctm/MEDIA03/201712/07/00118938901412____2__600x600.jpg","price":"36,79 €","price_unit":"(36,79 € / Kilo)","categories":["Supermercado","Congelados","Pescados, mariscos y surimis","Langostinos y gambones congelados","PESCANOVA langostino tigre salvaje selección 20-30 piezas estuche 1000 g neto escurrido"],"general_information":["Denominación del alimento: Langostino tigre","Nombre del operador: Pescanova España S.L.U","Dirección del operador: Rúa José Fernández López S/N 36320 Chapela-Redondela-Pontevedra-España","Cantidad Neta: 1000 g"],"ingredients":[" Langostino, antioxidantes (E 223(sulfitos), E 300, E 330)"],"conservation":" Mantener a -18° C hasta la fecha de consumo preferente","ean":"8410063056111"},{"full_name":"PESCANOVA gambón pelado estuche 200 g neto escurrido","name":"gambón pelado estuche 200 g neto escurrido","brand":"PESCANOVA ","img":"https://sgfm.elcorteingles.es/SGFM/dctm/MEDIA03/201602/08/00118938901990____1__600x600.jpg","price":"6,29 €            ","price_unit":"(29,95 € / Kilo)","categories":["Supermercado","Congelados","Pescados, mariscos y surimis","Langostinos y gambones congelados","PESCANOVA gambón pelado estuche 200 g neto escurrido"],"general_information":["Denominación del alimento: Gambón pelado","Nombre del operador: Pescanova España S.L.U","Dirección del operador: Rúa José Fernández López S/N 36320 Chapela-Redondela-Pontevedra-España","Cantidad Neta: 200 g"],"ingredients":[" Gambón, antioxidantes (E 223 (sulfitos), E 330). Puede contener pescado, moluscos"],"conservation":" Mantener a -18° C hasta la fecha de consumo preferente","ean":"8410063064567"},{"full_name":"PESCANOVA langostino cocido pelado grande envase 180 g neto escurrido","name":"langostino cocido pelado grande envase 180 g neto escurrido","brand":"PESCANOVA ","img":"https://sgfm.elcorteingles.es/SGFM/dctm/MEDIA03/201604/07/00118938900984____2__600x600.jpg","price":"3,90 €","price_unit":"(19,50 € / Kilo)","categories":["Supermercado","Congelados","Pescados, mariscos y surimis","Langostinos y gambones congelados","PESCANOVA langostino cocido pelado grande envase 180 g neto escurrido"],"general_information":[],"ingredients":[],"ean":"8410063072234"},{"full_name":"PESCANOVA langostino salvaje crudo pelado grande estuche 200 g neto escurrido","name":"langostino salvaje crudo pelado grande estuche 200 g neto escurrido","brand":"PESCANOVA ","img":"https://sgfm.elcorteingles.es/SGFM/01/51/1/0118938901511/0118938901511000g01011.jpg","price":"4,19 €            ","price_unit":"(19,95 € / Kilo)","categories":["Supermercado","Congelados","Pescados, mariscos y surimis","Langostinos y gambones congelados","PESCANOVA langostino salvaje crudo pelado grande estuche 200 g neto escurrido"],"general_information":["Denominación del alimento: Langostino pelado grande","Nombre del operador: Pescanova España S.L.U","Dirección del operador: Rúa José Fernández López S/N 36320 Chapela-Redondela-Pontevedra-España","Cantidad Neta: 200 g"],"ingredients":[" Langostino pelado, agua, sal y estabilizantes (E 450, E451, E 452). Puede contener pescado, moluscos."],"conservation":" Mantener a -18° C hasta la fecha de consumo preferente","ean":"8410063027388"},{"full_name":"PESCANOVA langostino vannamei crudo extra 24-40 piezas estuche 800 g neto escurrido","name":"langostino vannamei crudo extra 24-40 piezas estuche 800 g neto escurrido","brand":"PESCANOVA ","img":"https://sgfm.elcorteingles.es/SGFM/dctm/MEDIA03/201712/07/00118938900950____2__600x600.jpg","price":"14,95 €            ","price_unit":"(17,44 € / Kilo)","categories":["Supermercado","Congelados","Pescados, mariscos y surimis","Langostinos y gambones congelados","PESCANOVA langostino vannamei crudo extra 24-40 piezas estuche 800 g neto escurrido"],"general_information":[],"ingredients":[],"ean":"8410063077789"},{"full_name":"PESCANOVA gambón para horno listo en 15 minutos bandeja 800 g","name":"gambón para horno listo en 15 minutos bandeja 800 g","brand":"PESCANOVA ","img":"https://sgfm.elcorteingles.es/SGFM/dctm/MEDIA03/201712/07/00118938901784____3__600x600.jpg","price":"15,55 €            ","price_unit":"(18,69 € / Kilo)","categories":["Supermercado","Congelados","Pescados, mariscos y surimis","Langostinos y gambones congelados","PESCANOVA gambón para horno listo en 15 minutos bandeja 800 g"],"general_information":["Denominación del alimento: Gambón horno","Nombre del operador: Pescanova España S.L.U","Dirección del operador: Rúa José Fernández López S/N 36320 Chapela-Redondela-Pontevedra-España","Cantidad Neta: 800 g"],"ingredients":[" Gambón (90%)[antioxidantes (E 223 (sulfitos), E 330) y sacarosa] aceite de oliva virge y sal"],"conservation":" Mantener a -18° C hasta la fecha de consumo preferente","ean":"8410063066493"},{"full_name":"PESCANOVA langostino vannamei cocido extra 24-40 piezas estuche 886 g neto escurrido","name":"langostino vannamei cocido extra 24-40 piezas estuche 886 g neto escurrido","brand":"PESCANOVA ","img":"https://sgfm.elcorteingles.es/SGFM/dctm/MEDIA03/201712/07/00118938900968____2__600x600.jpg","price":"13,95 €","price_unit":"(17,44 € / Kilo)","categories":["Supermercado","Congelados","Pescados, mariscos y surimis","Langostinos y gambones congelados","PESCANOVA langostino vannamei cocido extra 24-40 piezas estuche 886 g neto escurrido"],"general_information":["Denominación del alimento: Langostinos vannamei cocido extra","Nombre del operador: Pescanova España S.L.U","Dirección del operador: Rúa José Fernández López S/N 36320 Chapela-Redondela-Pontevedra-España","Cantidad Neta: 800 g"],"ingredients":[" Langostino, sal, antioxidantes (E 223 (sulfitos), E 330)"],"conservation":" Mantener a -18° C hasta la fecha de consumo preferente","ean":"8410063045924"},{"full_name":"PESCANOVA langostinos crudo bio ecológico 40-48 piezas estuche 800 g neto escurrido","name":"langostinos crudo bio ecológico 40-48 piezas estuche 800 g neto escurrido","brand":"PESCANOVA ","img":"https://sgfm.elcorteingles.es/SGFM/dctm/MEDIA03/201610/19/00118938902089____1__600x600.jpg","price":"14,99 €","price_unit":"(18,74 € / Kilo)","categories":["Supermercado","Congelados","Pescados, mariscos y surimis","Langostinos y gambones congelados","PESCANOVA langostinos crudo bio ecológico 40-48 piezas estuche 800 g neto escurrido"],"general_information":["Denominación del alimento: Langostino bio","Nombre del operador: Pescanova España S.L.U","Dirección del operador: Rúa José Fernández López S/N 36320 Chapela-Redondela-Pontevedra-España","Cantidad Neta: 800 g"],"ingredients":[" Langostino, sal y antioxidante (E 223 (sulfitos), E 330)"],"conservation":" Mantener a -18° C hasta la fecha de consumo preferente","ean":"8410063075303"},{"full_name":"SURCAR langostino austral 20-30 piezas estuche 800 g neto escurrido","name":"langostino austral 20-30 piezas estuche 800 g neto escurrido","brand":"SURCAR ","img":"https://sgfm.elcorteingles.es/SGFM/dctm/MEDIA02/CONTENIDOS/201409/11/00118938901800____1__600x600.jpg","price":"11,99 €","price_unit":"(14,99 € / Kilo)","categories":["Supermercado","Congelados","Pescados, mariscos y surimis","Langostinos y gambones congelados","SURCAR langostino austral 20-30 piezas estuche 800 g neto escurrido"],"general_information":[],"ingredients":[],"ean":"8423559012027"},{"full_name":"EL CORTE INGLES almeja del pacífico 18-27 unidades estuche 450 g neto escurrido","name":"almeja del pacífico 18-27 unidades estuche 450 g neto escurrido","brand":"EL CORTE INGLES ","img":"https://sgfm.elcorteingles.es/SGFM/dctm/MEDIA03/201610/06/00118911002147____1__600x600.jpg","price":"1,89 €","price_unit":"(4,20 € / Kilo)","categories":["Supermercado","Congelados","Pescados, mariscos y surimis","Mariscos diversos congelados","EL CORTE INGLES almeja del pacífico 18-27 unidades estuche 450 g neto escurrido"],"general_information":["Denominación del alimento: ALMEJA  DEL PACÍFICO","Nombre del operador: Importado para El Corte Inglés\npor IBERICA DE CONGELADOS                            \nLg. A Riouxa s/n Teis   36216  Vigo ( Pontevedra) España","Lugar de procedencia del alimento: ORIGEN: VIETNAM  Nº UE: DL 84","Cantidad Neta: 450 g"],"ingredients":[" Ingredientes: Almeja (molusco) entera cocida (Meretrix Lyrata)."],"conservation":" CONSERVACIÓN MÁXIMA EN EL CONGELADOR DE SU FRIGORÍFICO\nEn el congelador de (*) 1 semana\nEn el congelador de (**) 1 mes\nEn el congelador de (*** / ****) Ver fecha de consumo preferente\n\nCONSERVACIÓN MÁXIMA EN EL FRIGORÍFICO:  1 día\n\nConsérvese a temperaturas inferiores a ?18ºC\n\nMantenga la calidad respetando las condiciones de conservación. Producto ultracongelado, no volver a congelar una vez descongelado.","ean":"8433329069854"},{"full_name":"DELFIN carabinero 5-8 piezas estuche 360 g neto escurrido","name":"carabinero 5-8 piezas estuche 360 g neto escurrido","brand":"DELFIN ","img":"https://sgfm.elcorteingles.es/SGFM/dctm/MEDIA03/201610/14/00118911000984____1__600x600.jpg","price":"24,40 €","price_unit":"(67,78 € / Kilo)","categories":["Supermercado","Congelados","Pescados, mariscos y surimis","Mariscos diversos congelados","DELFIN carabinero 5-8 piezas estuche 360 g neto escurrido"],"general_information":["Denominación del alimento: CARABINEROS CRUDOS ULTRACONGELADOS","País de origen: España","Nombre del operador: DELFIN ULTRACONGELADOS S.A.","Dirección del operador: C/ COLMENAS Nº 35 P.I LOS ALBARDIALES ONTIGOLA TOLEDO","Lugar de procedencia del alimento: Atlántico Centro -Oeste, también puede proceder del Atlántico Centro -Oeste","Cantidad Neta: 360 g","Peso neto escurrido: 360 g","Número de raciones por envase: 2","Otras menciones obligatorias en la etiqueta: Capturado en Atlántico Centro -Oeste, también puede proceder del Atlántico Centro -Oeste. Arte de pesca: redes de arrastre."],"ingredients":[" Carabinero (Plesiopenaeus edwarsianus) y antioxidante (metabisulfito sódico). Puede contener trazas de pescado y moluscos."],"conservation":" Conservar a -18ºC No recongelar","ean":"8410547928699"},{"full_name":"DELFIN carne de vieira con coral estuche 300 g neto escurrido","name":"carne de vieira con coral estuche 300 g neto escurrido","brand":"DELFIN ","img":"https://sgfm.elcorteingles.es/SGFM/dctm/MEDIA03/201611/29/00201111002489____1__600x600.jpg","price":"13,99 €","price_unit":"(46,63 € / Kilo)","categories":["Supermercado","Congelados","Pescados, mariscos y surimis","Mariscos diversos congelados","DELFIN carne de vieira con coral estuche 300 g neto escurrido"],"general_information":["Denominación del alimento: CARNE DE VIEIRA CON CORAL CRUDA ULTRACONGELADA","País de origen: Reino Unido","Nombre del operador: DELFIN ULTRACONGELADOS S.A","Dirección del operador: C/ COLMENAS Nº 35 P.I LOS ALBARDIALES","Lugar de procedencia del alimento: REINO UNIDO","Cantidad Neta: 300 g","Peso neto escurrido: 300 g","Número de raciones por envase: 2","Otras menciones obligatorias en la etiqueta: CAPTURADO EN ATLÁNTICO NORESTE, ARTE DE PESCA: RASTRAS"],"ingredients":[" Carne de Vieira y agua."],"conservation":" CONSERVAR A -18ºC NO RECONGELAR","ean":"8410547952922"},{"full_name":"DELFIN carne de zamburiña limpia 40-60 piezas bolsa 270 g neto escurrido","name":"carne de zamburiña limpia 40-60 piezas bolsa 270 g neto escurrido","brand":"DELFIN ","img":"https://sgfm.elcorteingles.es/SGFM//01/67/7/0118911001677/0118911001677000g01011.jpg","price":"7,34 €","price_unit":"(27,19 € / Kilo)","categories":["Supermercado","Congelados","Pescados, mariscos y surimis","Mariscos diversos congelados","DELFIN carne de zamburiña limpia 40-60 piezas bolsa 270 g neto escurrido"],"general_information":["Denominación del alimento: CARNE DE ZAMBURIÑA LIMPIA ULTRACONGELADA","País de origen: Reino Unido","Nombre del operador: Delfín Ultracongelados S.A","Dirección del operador: C/Colmenas 35 P.I Los Albardiales 45340 Ontigola (Toledo)","Lugar de procedencia del alimento: Capturado en Océano Atlántico Noreste.","Cantidad Neta: 270 g","Peso neto escurrido: 270 g","Otras menciones obligatorias en la etiqueta: Arte de pesca: Rastras"],"ingredients":[" Carne de zamburiña (Chlamys varia)"],"conservation":" PRODUCTO ULTRACONGELADO. MANTENER A -18°C. NO RECONGELAR","ean":"8410547926381"},{"full_name":"DELFIN carne de mejillón bolsa 250 g neto escurrido","name":"carne de mejillón bolsa 250 g neto escurrido","brand":"DELFIN ","img":"https://sgfm.elcorteingles.es/SGFM/dctm/MEDIA02/CONTENIDOS/201507/23/00118911001867____1__600x600.jpg","price":"3,14 €","price_unit":"(12,56 € / Kilo)","categories":["Supermercado","Congelados","Pescados, mariscos y surimis","Mariscos diversos congelados","DELFIN carne de mejillón bolsa 250 g neto escurrido"],"general_information":["Denominación del alimento: CARNE DE MEJILLON","País de origen: Chile","Nombre del operador: Delfin Ultracongelados, S.A.","Dirección del operador: P.I. Los Albardiales, C/Colmenas,35","Cantidad Neta: 250 g","Peso neto escurrido: 250 g","Otras menciones obligatorias en la etiqueta: MSC-C-53308 PESCA SOSTENIBLE CERTIFICADA"],"ingredients":[" Mejillón (Mytilus Chilensis)"],"conservation":" Resguarde el producto no consumido cerrando el envase lo más herméticamente posible.","ean":"8410547948376"},{"full_name":"DELFIN cigalas crudas 8-12 piezas estuche 700 g neto escurrido","name":"cigalas crudas 8-12 piezas estuche 700 g neto escurrido","brand":"DELFIN ","img":"https://sgfm.elcorteingles.es/SGFM/dctm/MEDIA02/CONTENIDOS/201511/04/00118911000976____1__600x600.jpg","price":"24,99 €","price_unit":"(35,70 € / Kilo)","categories":["Supermercado","Congelados","Pescados, mariscos y surimis","Mariscos diversos congelados","DELFIN cigalas crudas 8-12 piezas estuche 700 g neto escurrido"],"general_information":[],"ingredients":[],"ean":"8410547928538"},{"full_name":"DELFIN buey de mar cocido pieza 660 g neto escurrido","name":"buey de mar cocido pieza 660 g neto escurrido","brand":"DELFIN ","img":"https://sgfm.elcorteingles.es/SGFM/01/32/1/0118911001321/0118911001321000g01011.jpg","price":"6,69 €","price_unit":"(10,14 € / Kilo)","categories":["Supermercado","Congelados","Pescados, mariscos y surimis","Mariscos diversos congelados","DELFIN buey de mar cocido pieza 660 g neto escurrido"],"general_information":["Denominación del alimento: Buey de Mar cocido Ultracongelado","País de origen: Irlanda","Nombre del operador: Delfín Ultracongelados S.A","Dirección del operador: C/Colmenas 35 P.I Los Albardiales 45340 Ontigola (Toledo)","Cantidad Neta: 667,0 g","Otras menciones obligatorias en la etiqueta: Una vez descongelado está listo para su consumo."],"ingredients":[" Buey de mar (Cancer pagurus) y sal."],"conservation":" PRODUCTO COCIDO ULTRACONGELADO. MANTENER A -18°C. NO RECONGELAR","ean":"8410547048212"},{"full_name":"DELFIN carne de mejillón natural envase 180 g neto escurrido","name":"carne de mejillón natural envase 180 g neto escurrido","brand":"DELFIN ","img":"https://sgfm.elcorteingles.es/SGFM/01/26/3/0118911001263/0118911001263000g01011.jpg","price":"2,82 €","price_unit":"(15,67 € / Kilo)","categories":["Supermercado","Congelados","Pescados, mariscos y surimis","Mariscos diversos congelados","DELFIN carne de mejillón natural envase 180 g neto escurrido"],"general_information":["Denominación del alimento: Carne de Mejillón cocida ultracongelada","Nombre del operador: Delfín Ultracongelados S.A","Dirección del operador: C/Colmenas 35 P.I Los Albardiales 45340 Ontigola (Toledo)","Lugar de procedencia del alimento: Producto de cría en Chile.","Cantidad Neta: 200,0 g","Peso neto escurrido: 200,0 g"],"ingredients":[" mejillón cocido (Mytilus chilensis)."],"conservation":" PRODUCTO COCIDO ULTRACONGELADO. MANTENER A -18°C. NO RECONGELAR","ean":"8410547938018"},{"full_name":"DELFIN langosta cocida estuche 400 g neto escurrido","name":"langosta cocida estuche 400 g neto escurrido","brand":"DELFIN ","img":"https://sgfm.elcorteingles.es/SGFM/dctm/MEDIA03/201710/27/00118911002469____1__600x600.jpg","price":"18,85 €","price_unit":"(47,12 € / Kilo)","categories":["Supermercado","Congelados","Pescados, mariscos y surimis","Mariscos diversos congelados","DELFIN langosta cocida estuche 400 g neto escurrido"],"general_information":[],"ingredients":[],"ean":"8410547956739"},{"full_name":"DELFIN bogavante americano cocido estuche 350 g neto escurrido","name":"bogavante americano cocido estuche 350 g neto escurrido","brand":"DELFIN ","img":"https://sgfm.elcorteingles.es/SGFM/dctm/MEDIA03/201710/27/00118911002436____1__600x600.jpg","price":"12,70 €","price_unit":"(36,29 € / Kilo)","categories":["Supermercado","Congelados","Pescados, mariscos y surimis","Mariscos diversos congelados","DELFIN bogavante americano cocido estuche 350 g neto escurrido"],"general_information":[],"ingredients":[],"ean":"8410547956586"},{"full_name":"DELFIN bogavante americano crudo estuche 350 g neto escurrido","name":"bogavante americano crudo estuche 350 g neto escurrido","brand":"DELFIN ","img":"https://sgfm.elcorteingles.es/SGFM/dctm/MEDIA03/201710/27/00118911002444____1__600x600.jpg","price":"14,20 €","price_unit":"(40,57 € / Kilo)","categories":["Supermercado","Congelados","Pescados, mariscos y surimis","Mariscos diversos congelados","DELFIN bogavante americano crudo estuche 350 g neto escurrido"],"general_information":[],"ingredients":[],"ean":"8410547955657"},{"full_name":"DELFIN cola de langosta cruda pieza 195 g neto escurrido","name":"cola de langosta cruda pieza 195 g neto escurrido","brand":"DELFIN ","img":"https://sgfm.elcorteingles.es/SGFM/dctm/MEDIA03/201710/27/00118911002451____1__600x600.jpg","price":"17,20 €","price_unit":"(88,21 € / Kilo)","categories":["Supermercado","Congelados","Pescados, mariscos y surimis","Mariscos diversos congelados","DELFIN cola de langosta cruda pieza 195 g neto escurrido"],"general_information":[],"ingredients":[],"ean":"8410547956302"},{"full_name":"DELFIN bocas y pechos de cangrejo cocido estuche 800 g neto escurrido","name":"bocas y pechos de cangrejo cocido estuche 800 g neto escurrido","brand":"DELFIN ","img":"https://sgfm.elcorteingles.es/SGFM//01/93/7/0201111001937/0201111001937000g01011.jpg","price":"19,10 €","price_unit":"(23,88 € / Kilo)","categories":["Supermercado","Congelados","Pescados, mariscos y surimis","Mariscos diversos congelados","DELFIN bocas y pechos de cangrejo cocido estuche 800 g neto escurrido"],"general_information":["Denominación del alimento: BOCA PECHO COCIDO DELFIN","País de origen: Namibia","Nombre del operador: DELFÍN ULTRACONGELADOS, S.A.","Dirección del operador: C/ COLMENAS 35 P.IND.  LOS ALBARDIALES 45340 ONTÍGOLA (TOLEDO)","Cantidad Neta: 800 g","Peso neto escurrido: 800 g"],"ingredients":[" BOCA PECHO,"],"conservation":" RESGUARDE EL PRODUCTO NO CONSUMIDO CERRANDO EL ENVASE LO MÁS HERMÉTICAMENTE POSIBLE. CONSERVAR A -18º PRODUCTO ULTRACONGELADO NO VOLVER A CONGELAR","ean":"8410547922031"},{"full_name":"DELFIN pechos de cangrejo cocidos 2-4 piezas bolsa 600 g neto escurrido","name":"pechos de cangrejo cocidos 2-4 piezas bolsa 600 g neto escurrido","brand":"DELFIN ","img":"https://sgfm.elcorteingles.es/SGFM/dctm/MEDIA02/CONTENIDOS/201511/23/00118911001909____1__600x600.jpg","price":"21,70 €","price_unit":"(36,17 € / Kilo)","categories":["Supermercado","Congelados","Pescados, mariscos y surimis","Mariscos diversos congelados","DELFIN pechos de cangrejo cocidos 2-4 piezas bolsa 600 g neto escurrido"],"general_information":[],"ingredients":[],"ean":"8410547949212"},{"full_name":"DELFIN carabinero 3-5 piezas estuche 360 g neto escurrido","name":"carabinero 3-5 piezas estuche 360 g neto escurrido","brand":"DELFIN ","img":"https://sgfm.elcorteingles.es/SGFM/dctm/MEDIA02/CONTENIDOS/201511/05/00118911001420____1__600x600.jpg","price":"26,90 €","price_unit":"(74,72 € / Kilo)","categories":["Supermercado","Congelados","Pescados, mariscos y surimis","Mariscos diversos congelados","DELFIN carabinero 3-5 piezas estuche 360 g neto escurrido"],"general_information":[],"ingredients":[],"ean":"8410547949205"},{"full_name":"DELFIN carabinero 8-12 piezas estuche 360 g neto escurrido","name":"carabinero 8-12 piezas estuche 360 g neto escurrido","brand":"DELFIN ","img":"https://sgfm.elcorteingles.es/SGFM/00/31/5/0118911000315/0118911000315000g01011.jpg","price":"20,80 €","price_unit":"(57,78 € / Kilo)","categories":["Supermercado","Congelados","Pescados, mariscos y surimis","Mariscos diversos congelados","DELFIN carabinero 8-12 piezas estuche 360 g neto escurrido"],"general_information":["Denominación del alimento: CARABINERO 8/12","País de origen: España","Nombre del operador: DELFÍN ULTRACONGELADOS, S.A.","Dirección del operador: C/ COLMENAS 35 P.IND.  LOS ALBARDIALES 45340 ONTÍGOLA (TOLEDO)","Cantidad Neta: 360 g","Peso neto escurrido: 360 g"],"ingredients":[],"conservation":" RESGUARDE EL PRODUCTO NO CONSUMIDO CERRANDO EL ENVASE LO MÁS HERMÉTICAMENTE POSIBLE. CONSERVAR A -18º PRODUCTO ULTRACONGELADO NO VOLVER A CONGELAR","ean":"8410547950386"},{"full_name":"FRIDELA vieira rellena con gambas pieza 150 g","name":"vieira rellena con gambas pieza 150 g","brand":"FRIDELA ","img":"https://sgfm.elcorteingles.es/SGFM/dctm/MEDIA02/CONTENIDOS/201508/31/00118946900281____1__600x600.jpg","price":"1,80 €","price_unit":"(12 € / Kilo)","categories":["Supermercado","Congelados","Pescados, mariscos y surimis","Mariscos diversos congelados","FRIDELA vieira rellena con gambas pieza 150 g"],"general_information":["Denominación del alimento: Vieiras rellenas con gambas.","Nombre del operador: Precocinados Fridela.","Dirección del operador: P.Industrial Canraso, Vial Transversal, 1 - 31500 Tudela (Navarra) -España.","Cantidad Neta: 150 g","Otras menciones obligatorias en la etiqueta: Producto ultracongelado. Sin grasas hidrogrenadas."],"ingredients":[" Leche pasterizada (49%), carne de vieira (20%), harina de trigo, cebolla frita (cebolla, aceita de oliva, sal, corrector acidez (ácido cítrico)), gamba (4%) (sulfitos)(gamba pelada sin cabeza, agua, estabilizadores (trifosfato, polifosfato), corsevante (metabisulfito de sodio)), margarina (aceites y grasas vegetales, agua, emulgente, sal, ácido cítrico), puerro, buey de mar, zanahoria, sal, especias, vino blanco (sulfitos), bebida espirituosa, ajo y pan rallado. Contiene gluten, leche, molusco, crustáceo, sulfitos, pescado."],"conservation":" Conservación: Frigoríficos 3 dias. Congelador -18°C 24 meses","ean":"8436531107444"},{"full_name":"PEREIRA mejillón gallego cocido media concha bandeja 400 g","name":"mejillón gallego cocido media concha bandeja 400 g","brand":"PEREIRA ","img":"https://sgfm.elcorteingles.es/SGFM/dctm/MEDIA03/201703/06/00118911002113____7__600x600.jpg","price":"3,52 €","price_unit":"(8,80 € / Kilo)","categories":["Supermercado","Congelados","Pescados, mariscos y surimis","Mariscos diversos congelados","PEREIRA mejillón gallego cocido media concha bandeja 400 g"],"general_information":[],"ingredients":[],"ean":"8423559132343"},{"full_name":"PEREIRA camarón cocido grande aproximado 160 piezas estuche 1","name":"camarón cocido grande aproximado 160 piezas estuche 1 ","brand":"PEREIRA ","price":"58,99 €","price_unit":"(58,99 € / Kilo)","categories":["Supermercado","Congelados","Pescados, mariscos y surimis","Mariscos diversos congelados","PEREIRA camarón cocido grande aproximado 160 piezas estuche 1"],"general_information":[],"ingredients":[],"ean":"8423559180221"},{"full_name":"PEREIRA camarón cocido extra aproximado 120 piezas estuche 1","name":"camarón cocido extra aproximado 120 piezas estuche 1 ","brand":"PEREIRA ","price":"77,99 €","price_unit":"(77,99 € / Kilo)","categories":["Supermercado","Congelados","Pescados, mariscos y surimis","Mariscos diversos congelados","PEREIRA camarón cocido extra aproximado 120 piezas estuche 1"],"general_information":[],"ingredients":[],"ean":"8423559180115"},{"full_name":"PESCANOVA preparado de marisco para paella 4 raciones sin gluten bolsa 500 g","name":"preparado de marisco para paella 4 raciones sin gluten bolsa 500 g","brand":"PESCANOVA ","img":"https://sgfm.elcorteingles.es/SGFM/dctm/MEDIA03/201602/18/00118947400026____2__600x600.jpg","price":"4,69 €","price_unit":"(9,38 € / Kilo)","categories":["Supermercado","Congelados","Pescados, mariscos y surimis","Mariscos diversos congelados","PESCANOVA preparado de marisco para paella 4 raciones sin gluten bolsa 500 g"],"general_information":["Denominación del alimento: Preparado para paella de mariscos","Nombre del operador: Pescanova España S.L.U","Dirección del operador: Rúa José Fernández López S/N 36320 Chapela-Redondela-Pontevedra-España","Cantidad Neta: 500 g"],"ingredients":[" Mariscos (33%): Chirlas ('C) / Berberechos (B) / Almejas blancas (A) / Almejas del pacífico (P)*, mejillones, Langostino (5%), camarones, antioxidantes [E 223 (sulfitos)].Vegetales: Guisantes, judías verdes planas y pimiento rojo. Pota (moluscos), caldo (20%): Agua, merluza, crustáceos, ajo, aceite de girasol, sal, gelatina, potenciador de sabor (glutamato de monosodio), tomate [corrector de la acidez (ácido cítrico)], maltodextrina de patata, colorantes (carmines y curcumina).*Ver ingrediente presente en la última letra del lote (A, B, C o P)."],"conservation":" Mantener a -18° C hasta la fecha de consumo preferente","ean":"8410063011424"},{"full_name":"PESCANOVA buey de mar cocido pieza 700 g neto escurrido","name":"buey de mar cocido pieza 700 g neto escurrido","brand":"PESCANOVA ","img":"https://sgfm.elcorteingles.es/SGFM/dctm/MEDIA03/201712/07/00118911000117____1__600x600.jpg","price":"9,45 €","price_unit":"(13,50 € / Kilo)","categories":["Supermercado","Congelados","Pescados, mariscos y surimis","Mariscos diversos congelados","PESCANOVA buey de mar cocido pieza 700 g neto escurrido"],"general_information":["Denominación del alimento: Buey de mar cocido","Nombre del operador: Pescanova España S.L.U","Dirección del operador: Rúa José Fernández López S/N 36320 Chapela-Redondela-Pontevedra-España","Cantidad Neta: 700 g"],"ingredients":[" Buey de mar y sal"],"conservation":" Mantener a -18° C hasta la fecha de consumo preferente","ean":"8410063002088"},{"full_name":"PESCANOVA carne de vieira estuche 225 g neto escurrido","name":"carne de vieira estuche 225 g neto escurrido","brand":"PESCANOVA ","img":"https://sgfm.elcorteingles.es/SGFM/dctm/MEDIA03/201712/07/00118911000521____2__600x600.jpg","price":"11,00 €","price_unit":"(48,89 € / Kilo)","categories":["Supermercado","Congelados","Pescados, mariscos y surimis","Mariscos diversos congelados","PESCANOVA carne de vieira estuche 225 g neto escurrido"],"general_information":["Denominación del alimento: Vieira","Nombre del operador: Pescanova España S.L.U","Dirección del operador: Rúa José Fernández López S/N 36320 Chapela-Redondela-Pontevedra-España","Cantidad Neta: 225 g"],"ingredients":[" Vieira"],"conservation":" Mantener a -18° C hasta la fecha de consumo preferente","ean":"8410063002071"},{"full_name":"PESCANOVA vieira media concha estuche 400 g neto escurrido","name":"vieira media concha estuche 400 g neto escurrido","brand":"PESCANOVA ","img":"https://sgfm.elcorteingles.es/SGFM/dctm/MEDIA03/201712/07/00118911001123____2__600x600.jpg","price":"13,05 €            ","price_unit":"(31,25 € / Kilo)","categories":["Supermercado","Congelados","Pescados, mariscos y surimis","Mariscos diversos congelados","PESCANOVA vieira media concha estuche 400 g neto escurrido"],"general_information":["Denominación del alimento: Vieira media concha","Nombre del operador: Pescanova España S.L.U","Dirección del operador: Rúa José Fernández López S/N 36320 Chapela-Redondela-Pontevedra-España","Cantidad Neta: 400 g"],"ingredients":[" Vieira"],"conservation":" Mantener a -18° C hasta la fecha de consumo preferente","ean":"8410063057897"},{"full_name":"ALIADA lomos y centros de merluza del Cabo 4-5 piezas estuche 400 g neto escurrido","name":"lomos y centros de merluza del Cabo 4-5 piezas estuche 400 g neto escurrido","brand":"ALIADA ","img":"https://sgfm.elcorteingles.es/SGFM/00/45/5/0118937000455/0118937000455000g01011.jpg","price":"3,20 €","price_unit":"(8 € / Kilo)","categories":["Supermercado","Congelados","Pescados, mariscos y surimis","Merluza congelada","ALIADA lomos y centros de merluza del Cabo 4-5 piezas estuche 400 g neto escurrido"],"general_information":["Denominación del alimento: LOMOS Y CENTROS DE MERLUZA DEL CABO","Cantidad Neta: 400 g","Número de raciones por envase: 4"],"ingredients":[" Ingredientes: Merluza (Merluccius capensis / Merluccius paradoxus)"],"conservation":" Consérvese a temperaturas inferiores a ?18ºC\n\nMantenga la calidad respetando las condiciones de conservación. Producto ultracongelado, no volver a congelar una vez descongelado.","ean":"8433329028318"},{"full_name":"ALIADA filete de merluza del Cabo sin piel 4-7 piezas bolsa 400 g neto escurrido","name":"filete de merluza del Cabo sin piel 4-7 piezas bolsa 400 g neto escurrido","brand":"ALIADA ","img":"https://sgfm.elcorteingles.es/SGFM/dctm/MEDIA02/CONTENIDOS/201406/17/00118937000562____1__600x600.jpg","price":"2,66 €","price_unit":"(6,65 € / Kilo)","categories":["Supermercado","Congelados","Pescados, mariscos y surimis","Merluza congelada","ALIADA filete de merluza del Cabo sin piel 4-7 piezas bolsa 400 g neto escurrido"],"general_information":["Denominación del alimento: FILETES DE MERLUZA DEL CABO","País de origen: Namibia","Lugar de procedencia del alimento: Namibia. Establecimiento autorizado nº: ver las 2 primeras letras del lote","Peso neto escurrido: 400 g"],"ingredients":[" Ingredientes: Merluza (Merluccius capensis / Merluccius paradoxus) Puede contener trazas de crustáceos, moluscos."],"conservation":" CONSERVACIÓN MÁXIMA EN EL CONGELADOR DE SU FRIGORÍFICO\nEn el congelador de (*) 1 semana\nEn el congelador de (**) 1 mes\nEn el congelador de (***) Varios meses\nEn el congelador de (****) Ver fecha de consumo preferente\nA partir del momento de su colocación en dicho congelador\n\nCONSERVACIÓN MÁXIMA EN EL FRIGORÍFICO:  1 día\n\nConsérvese a temperaturas inferiores a ?18ºC\n\nMantenga la calidad respetando las condiciones de conservación. Producto ultracongelado, no volver a congelar una vez descongelado.","ean":"8433329040327"},{"full_name":"DELFIN cocochas de merluza estuche 400 g neto escurrido","name":"cocochas de merluza estuche 400 g neto escurrido","brand":"DELFIN ","img":"https://sgfm.elcorteingles.es/SGFM/00/01/8/0118937000018/0118937000018000g01011.jpg","price":"14,24 €","price_unit":"(35,60 € / Kilo)","categories":["Supermercado","Congelados","Pescados, mariscos y surimis","Merluza congelada","DELFIN cocochas de merluza estuche 400 g neto escurrido"],"general_information":["Denominación del alimento: Cocochas de Merluza ultracongeladas","Nombre del operador: Delfín Ultracongelados S.A","Dirección del operador: C/Colmenas 35 P.I Los Albardiales 45340 Ontigola (Toledo)","Lugar de procedencia del alimento: CAPTURADO EN OCÉANO ATLÁNTICO CENTRO ESTE / SUROESTE","Cantidad Neta: 500,0 g","Otras menciones obligatorias en la etiqueta: Arte de pesca: Redes de arrastre."],"ingredients":[" Cocochas de merluza (Merluccius spp)"],"conservation":" PRODUCTO ULTRACONGELADO. MANTENER A -18°C. NO RECONGELAR","ean":"8410547022007"},{"full_name":"DELFIN filetes de merluza del Cabo sin piel crudos bolsa 360 g","name":"filetes de merluza del Cabo sin piel crudos bolsa 360 g","brand":"DELFIN ","img":"https://sgfm.elcorteingles.es/SGFM/dctm/MEDIA03/201605/24/00118937000588____1__600x600.jpg","price":"3,69 €","price_unit":"(10,25 € / Kilo)","categories":["Supermercado","Congelados","Pescados, mariscos y surimis","Merluza congelada","DELFIN filetes de merluza del Cabo sin piel crudos bolsa 360 g"],"general_information":["Denominación del alimento: Filete de Merluza sin piel Ultracongelado","Nombre del operador: Delfín Ultracongelados S.A","Dirección del operador: C/Colmenas 35 P.I Los Albardiales 45340 Ontigola (Toledo)","Lugar de procedencia del alimento: CAPTURADO EN OCÉANO ATLÁNTICO CENTRO ESTE / SUROESTE","Cantidad Neta: 400 g","Peso neto escurrido: 360 g","Otras menciones obligatorias en la etiqueta: Arte de pesca: Redes de arrastre."],"ingredients":[" Filetes de merluza sin piel (Merluccius spp)"],"conservation":" PRODUCTO ULTRACONGELADO. MANTENER A -18°C. NO RECONGELAR","ean":"8410547020010"},{"full_name":"DELFIN rodajas de merluza de cola azul bolsa 340 g neto escurrido","name":"rodajas de merluza de cola azul bolsa 340 g neto escurrido","brand":"DELFIN ","img":"https://sgfm.elcorteingles.es/SGFM/dctm/MEDIA03/201610/14/00118937000612____1__600x600.jpg","price":"3,19 €","price_unit":"(9,38 € / Kilo)","categories":["Supermercado","Congelados","Pescados, mariscos y surimis","Merluza congelada","DELFIN rodajas de merluza de cola azul bolsa 340 g neto escurrido"],"general_information":["Denominación del alimento: RODJAS DE MERLUZA DE COLA AZUL CON PIEL CRUDAS ULTRACONGELADAS","País de origen: España","Nombre del operador: DELFIN ULTRACONGELADOS S.A","Dirección del operador: C/ COLMENAS Nº 35 P.I LOS ALBARDIALES","Lugar de procedencia del alimento: PACÍFICO SUDOESTE","Cantidad Neta: 340 g","Peso neto escurrido: 340 g","Número de raciones por envase: 2","Otras menciones obligatorias en la etiqueta: CAPTURADO EN OCÉANO PACÍFICO SUDOESTE. ARTE DE PESCA: REDES DE ARRASTRE."],"ingredients":[" Merluza (Macruronus novaezelandiae). Puede contener trazas de moluscos, crustáceus y sulfitos."],"conservation":"Modo de empleo: DESCONGELAR SI QUIERE CONSUMIRLO DE UN DÍA PARA OTRO, EN LA PARTE BAJA DE SU FRIGORÍFICO. DESCONGELE ÚNICAMENTE AQUILLO QUE VAYA A CONSUMIR. IMPORTANTE: RESGUARDE EL PRODUCTO NO CONSUMIDO CERRADO EL ENVASE LO MÁS HERMETICAMENTE POSIBLE.","ean":"8410547952519"},{"full_name":"DELFIN lomos de merluza del Cabo con piel crudos bolsa 400 g","name":"lomos de merluza del Cabo con piel crudos bolsa 400 g","brand":"DELFIN ","img":"https://sgfm.elcorteingles.es/SGFM/dctm/MEDIA03/201605/24/00118937000596____1__600x600.jpg","price":"5,24 €","price_unit":"(13,10 € / Kilo)","categories":["Supermercado","Congelados","Pescados, mariscos y surimis","Merluza congelada","DELFIN lomos de merluza del Cabo con piel crudos bolsa 400 g"],"general_information":["Denominación del alimento: LOMOS MERLUZA CON PIEL","País de origen: Namibia","Nombre del operador: DELFÍN ULTRACONGELADOS, S.A.","Dirección del operador: C/ COLMENAS 35 P.IND.  LOS ALBARDIALES 45340 ONTÍGOLA (TOLEDO)","Cantidad Neta: 400 g","Peso neto escurrido: 400 g"],"ingredients":[],"conservation":" RESGUARDE EL PRODUCTO NO CONSUMIDO CERRANDO EL ENVASE LO MÁS HERMÉTICAMENTE POSIBLE. CONSERVAR A -18º PRODUCTO ULTRACONGELADO NO VOLVER A CONGELAR","ean":"8410547951109"},{"full_name":"PESCANOVA filetes de merluza sin piel 10-20 piezas bolsa 800 g neto escurrido","name":"filetes de merluza sin piel 10-20 piezas bolsa 800 g neto escurrido","brand":"PESCANOVA ","img":"https://sgfm.elcorteingles.es/SGFM/00/49/7/0118937000497/0118937000497000g01011.jpg","price":"8,53 €            ","price_unit":"(10,25 € / Kilo)","categories":["Supermercado","Congelados","Pescados, mariscos y surimis","Merluza congelada","PESCANOVA filetes de merluza sin piel 10-20 piezas bolsa 800 g neto escurrido"],"general_information":["Denominación del alimento: Filetes de Merluza sin piel envase ahorro","Nombre del operador: Pescanova España S.L.U","Dirección del operador: Rúa José Fernández López S/N 36320 Chapela-Redondela-Pontevedra-España","Cantidad Neta: 800 g"],"ingredients":[" Merluza"],"conservation":" Mantener a -18° C hasta la fecha de consumo preferente","ean":"8410063010434"},{"full_name":"PESCANOVA filetes de merluza sin piel bolsa 400 g neto escurrido","name":"filetes de merluza sin piel bolsa 400 g neto escurrido","brand":"PESCANOVA ","img":"https://sgfm.elcorteingles.es/SGFM/dctm/MEDIA02/CONTENIDOS/201601/20/00118937000034____1__600x600.jpg","price":"3,99 €","price_unit":"(9,98 € / Kilo)","categories":["Supermercado","Congelados","Pescados, mariscos y surimis","Merluza congelada","PESCANOVA filetes de merluza sin piel bolsa 400 g neto escurrido"],"general_information":["Denominación del alimento: Filetes de Merluza sin piel Medianos","Nombre del operador: Pescanova España S.L.U","Dirección del operador: Rúa José Fernández López S/N 36320 Chapela-Redondela-Pontevedra-España","Cantidad Neta: 400 g"],"ingredients":[" Merluza. Puede contener crustáceos, moluscos."],"conservation":" Mantener a -18° C hasta la fecha de consumo preferente","ean":"8410063001142"},{"full_name":"PESCANOVA filetes de merluza sin piel baby bolsa 400 g neto escurrido","name":"filetes de merluza sin piel baby bolsa 400 g neto escurrido","brand":"PESCANOVA ","img":"https://sgfm.elcorteingles.es/SGFM/dctm/MEDIA03/201701/04/00201137000244____1__600x600.jpg","price":"4,19 €","price_unit":"(10,48 € / Kilo)","categories":["Supermercado","Congelados","Pescados, mariscos y surimis","Merluza congelada","PESCANOVA filetes de merluza sin piel baby bolsa 400 g neto escurrido"],"general_information":["Denominación del alimento: Filetes de Merluza sin piel pequeños","Nombre del operador: Pescanova España S.L.U","Dirección del operador: Rúa José Fernández López S/N 36320 Chapela-Redondela-Pontevedra-España","Cantidad Neta: 400 g"],"ingredients":[" Merluza. Puede contener crustáceos, moluscos."],"conservation":" Mantener a -18° C hasta la fecha de consumo preferente","ean":"8410063027838"},{"full_name":"PESCANOVA lomos de merluza 4-5 piezas estuche 400 g neto escurrido","name":"lomos de merluza 4-5 piezas estuche 400 g neto escurrido","brand":"PESCANOVA ","img":"https://sgfm.elcorteingles.es/SGFM/dctm/MEDIA02/CONTENIDOS/201602/01/00118937000067____1__600x600.jpg","price":"5,60 €            ","price_unit":"(13,65 € / Kilo)","categories":["Supermercado","Congelados","Pescados, mariscos y surimis","Merluza congelada","PESCANOVA lomos de merluza 4-5 piezas estuche 400 g neto escurrido"],"general_information":["Denominación del alimento: Lomos de Merluza","Nombre del operador: Pescanova España S.L.U","Dirección del operador: Rúa José Fernández López S/N 36320 Chapela-Redondela-Pontevedra-España","Cantidad Neta: 400 g"],"ingredients":[" Merluza"],"conservation":" Mantener a -18° C hasta la fecha de consumo preferente","ean":"8410063003030"},{"full_name":"PESCANOVA corazones de filete de merluza 6 unidades estuche 500 g neto escurrido","name":"corazones de filete de merluza 6 unidades estuche 500 g neto escurrido","brand":"PESCANOVA ","img":"https://sgfm.elcorteingles.es/SGFM/dctm/MEDIA03/201712/28/00118937000091____2__600x600.jpg","price":"5,45 €","price_unit":"(10,90 € / Kilo)","categories":["Supermercado","Congelados","Pescados, mariscos y surimis","Merluza congelada","PESCANOVA corazones de filete de merluza 6 unidades estuche 500 g neto escurrido"],"general_information":["Denominación del alimento: Corazones de Filete de Merluza","Nombre del operador: Pescanova España S.L.U","Dirección del operador: Rúa José Fernández López S/N 36320 Chapela-Redondela-Pontevedra-España","Cantidad Neta: 500 g"],"ingredients":[" Merluza. Puede contener crustáceos, moluscos."],"conservation":" Mantener a -18° C hasta la fecha de consumo preferente","ean":"8410063010427"},{"full_name":"PESCANOVA centros de merluza 4 unidades estuche 400 g neto escurrido","name":"centros de merluza 4 unidades estuche 400 g neto escurrido","brand":"PESCANOVA ","img":"https://sgfm.elcorteingles.es/SGFM/dctm/MEDIA02/CONTENIDOS/201601/18/00118937000570____1__600x600.jpg","price":"6,50 €","price_unit":"(16,25 € / Kilo)","categories":["Supermercado","Congelados","Pescados, mariscos y surimis","Merluza congelada","PESCANOVA centros de merluza 4 unidades estuche 400 g neto escurrido"],"general_information":["Denominación del alimento: Centros de Merluza","Nombre del operador: Pescanova España S.L.U","Dirección del operador: Rúa José Fernández López S/N 36320 Chapela-Redondela-Pontevedra-España","Cantidad Neta: 400 g"],"ingredients":[" Merluza"],"conservation":" Mantener a -18° C hasta la fecha de consumo preferente","ean":"8410063070438"},{"full_name":"PESCANOVA medallones de filete de merluza sin piel 4-5 piezas estuche 400 g neto escurrido","name":"medallones de filete de merluza sin piel 4-5 piezas estuche 400 g neto escurrido","brand":"PESCANOVA ","img":"https://sgfm.elcorteingles.es/SGFM/dctm/MEDIA03/201712/28/00118937000117____2__600x600.jpg","price":"6,20 €            ","price_unit":"(15,25 € / Kilo)","categories":["Supermercado","Congelados","Pescados, mariscos y surimis","Merluza congelada","PESCANOVA medallones de filete de merluza sin piel 4-5 piezas estuche 400 g neto escurrido"],"general_information":["Denominación del alimento: Medallones de Filete de Merluza","Nombre del operador: Pescanova España S.L.U","Dirección del operador: Rúa José Fernández López S/N 36320 Chapela-Redondela-Pontevedra-España","Cantidad Neta: 400 g"],"ingredients":[" Merluza. Puede contener crustáceos, moluscos."],"conservation":" Mantener a -18° C hasta la fecha de consumo preferente","ean":"8410063016078"},{"full_name":"PESCANOVA ventresca de merluza estuche 400 g neto escurrido","name":"ventresca de merluza estuche 400 g neto escurrido","brand":"PESCANOVA ","img":"https://sgfm.elcorteingles.es/SGFM/dctm/CONTENIDOS/201511/24/00118937000109____1__600x600.jpg","price":"4,60 €","price_unit":"(11,50 € / Kilo)","categories":["Supermercado","Congelados","Pescados, mariscos y surimis","Merluza congelada","PESCANOVA ventresca de merluza estuche 400 g neto escurrido"],"general_information":["Denominación del alimento: Ventrescas de Merluza","Nombre del operador: Pescanova España S.L.U","Dirección del operador: Rúa José Fernández López S/N 36320 Chapela-Redondela-Pontevedra-España","Cantidad Neta: 400 g"],"ingredients":[" Merluza"],"conservation":" Mantener a -18° C hasta la fecha de consumo preferente","ean":"8410063011448"},{"full_name":"PEREIRA rodajas de merluza bolsa 540 g neto escurrido","name":"rodajas de merluza bolsa 540 g neto escurrido","brand":"PEREIRA ","img":"https://sgfm.elcorteingles.es/SGFM//00/60/8/0201137000608/0201137000608000g01011.jpg","price":"4,06 €","price_unit":"(7,52 € / Kilo)","categories":["Supermercado","Congelados","Pescados, mariscos y surimis","Merluza congelada","PEREIRA rodajas de merluza bolsa 540 g neto escurrido"],"general_information":[],"ingredients":[],"ean":"8423559552066"},{"full_name":"EL CORTE INGLES filetes de bacalao al punto de sal bandeja 400 g neto escurrido","name":"filetes de bacalao al punto de sal bandeja 400 g neto escurrido","brand":"EL CORTE INGLES ","img":"https://sgfm.elcorteingles.es/SGFM/dctm/MEDIA03/201711/21/00118910501529____7__600x600.jpg","price":"4,15 €","price_unit":"(10,38 € / Kilo)","categories":["Supermercado","Congelados","Pescados, mariscos y surimis","Pescados diversos congelados","EL CORTE INGLES filetes de bacalao al punto de sal bandeja 400 g neto escurrido"],"general_information":["Denominación del alimento: Filetes de bacalao crudos. Ultracongelados","Nombre del operador: Elaborado para El Corte Inglés\npor  Delfín Ultracongelados, S.A.                                P.I. Los Albardiales  - C/ Colmenas Nº 35                45340 Ontigola (Toledo) - España","Cantidad Neta: 400 g"],"ingredients":[" Ingredientes: Bacalao (Gadus morhua) y sal Puede contener trazas de crustáceos, moluscos y sulfitos."],"conservation":" Consérvese a temperaturas inferiores a ?18ºC\n\nMantenga la calidad respetando las condiciones de conservación. Producto ultracongelado, no volver a congelar una vez descongelado.","ean":"8433329072977"},{"full_name":"EL CORTE INGLES filetes de rape estuche 250 g neto escurrido","name":"filetes de rape estuche 250 g neto escurrido","brand":"EL CORTE INGLES ","img":"https://sgfm.elcorteingles.es/SGFM/00/33/1/0118910500331/0118910500331000g01011.jpg","price":"6,10 €","price_unit":"(24,40 € / Kilo)","categories":["Supermercado","Congelados","Pescados, mariscos y surimis","Pescados diversos congelados","EL CORTE INGLES filetes de rape estuche 250 g neto escurrido"],"general_information":["Denominación del alimento: Filetes de rape crudos ultracongelados","Nombre del operador: Elaborado para El Corte Inglés\npor  Delfín Ultracongelados, S.A.                                P.I. Los Albardiales  - C/ Colmenas Nº 35                45340 Ontigola (Toledo) - España","Cantidad Neta: 250 g","Número de raciones por envase: 2"],"ingredients":[" Ingredientes: Filete de rape (Lophius spp)"],"conservation":" Consérvese a temperaturas inferiores a ?18ºC\n\nMantenga la calidad respetando las condiciones de conservación. Producto ultracongelado, no volver a congelar una vez descongelado.","ean":"8433329009843"},{"full_name":"ALIADA colas de rape 3-4 piezas bolsa 540 g neto escurrido","name":"colas de rape 3-4 piezas bolsa 540 g neto escurrido","brand":"ALIADA ","img":"https://sgfm.elcorteingles.es/SGFM/00/80/2/0118910500802/0118910500802000g01011.jpg","price":"3,79 €","price_unit":"(7,02 € / Kilo)","categories":["Supermercado","Congelados","Pescados, mariscos y surimis","Pescados diversos congelados","ALIADA colas de rape 3-4 piezas bolsa 540 g neto escurrido"],"general_information":["Denominación del alimento: Colas de rape. Ultracongeladas","Nombre del operador: Envasado para el                                                      Grupo El Corte Inglés\nHermosilla, 112 - ES-28009 Madrid ? España\npor CIF: A-28627446","Peso neto escurrido: 540 g","Número de raciones por envase: Ã 3"],"ingredients":[" Ingredientes: Rape (Lophius spp) y antioxidantes (E-330, E-331). Puede contener trazas de moluscos, crustáceos y sulfitos."],"conservation":" Consérvese a temperaturas inferiores a ?18ºC\n\nMantenga la calidad respetando las condiciones de conservación. Producto ultracongelado, no volver a congelar una vez descongelado.","ean":"8433329027816"},{"full_name":"CAMPOS filetes de atún solomillos sin piel estuche 225 g neto escurrido","name":"filetes de atún solomillos sin piel estuche 225 g neto escurrido","brand":"CAMPOS ","img":"https://sgfm.elcorteingles.es/SGFM/dctm/MEDIA03/201604/01/00118910501073____1__600x600.jpg","price":"3,95 €","price_unit":"(17,56 € / Kilo)","categories":["Supermercado","Congelados","Pescados, mariscos y surimis","Pescados diversos congelados","CAMPOS filetes de atún solomillos sin piel estuche 225 g neto escurrido"],"general_information":["Denominación del alimento: Solomillos Atún","País de origen: España","Nombre del operador: SALICA ALIMENTOS CONGELADOS, S.A.","Dirección del operador: Poligono Industrial A Tomada, parc. 11-12, 15940 Pobra do Caramiñal, A Coruña","Cantidad Neta: 250 g","Peso neto escurrido: 225 g","Número de raciones por envase: 3"],"ingredients":[" Atún"],"conservation":" Mantener a -18ºC. Para no alterar la calidad de este producto, no congelar una vez descongelado.","ean":"8425663000860"},{"full_name":"CAMPOS filetes de bonito del norte solomillo sin piel estuche 180 g neto escurrido","name":"filetes de bonito del norte solomillo sin piel estuche 180 g neto escurrido","brand":"CAMPOS ","img":"https://sgfm.elcorteingles.es/SGFM/00/75/2/0118910500752/0118910500752000g01011.jpg","price":"5,39 €","price_unit":"(29,94 € / Kilo)","categories":["Supermercado","Congelados","Pescados, mariscos y surimis","Pescados diversos congelados","CAMPOS filetes de bonito del norte solomillo sin piel estuche 180 g neto escurrido"],"general_information":["Denominación del alimento: Solomillos Bonito MSC","País de origen: España","Nombre del operador: SALICA ALIMENTOS CONGELADOS, S.A.","Dirección del operador: Poligono Industrial A Tomada, parc. 11-12, 15940 Pobra do Caramiñal, A Coruña","Cantidad Neta: 200 g","Peso neto escurrido: 180 g","Número de raciones por envase: 5","Otras menciones obligatorias en la etiqueta: MSC-C-50421"],"ingredients":[" Bonito"],"conservation":" Mantener a -18ºC. Una vez descongelado, no volver a congelar.","ean":"8425663000709"},{"full_name":"DELFIN filetes de abadejo de Alaska bolsa 700 g neto escurrido","name":"filetes de abadejo de Alaska bolsa 700 g neto escurrido","brand":"DELFIN ","img":"https://sgfm.elcorteingles.es/SGFM/dctm/MEDIA02/CONTENIDOS/201507/23/00118910501313____1__600x600.jpg","price":"4,93 €","price_unit":"(7,04 € / Kilo)","categories":["Supermercado","Congelados","Pescados, mariscos y surimis","Pescados diversos congelados","DELFIN filetes de abadejo de Alaska bolsa 700 g neto escurrido"],"general_information":["Denominación del alimento: FILETE DE ABADEJO CRUDO ULTRACONGELADO","País de origen: China","Nombre del operador: DELFÍN ULTRACONGELADOS, S.A.","Dirección del operador: C/ COLMENAS 35 P.IND.  LOS ALBARDIALES 45340 ONTÍGOLA (TOLEDO)","Cantidad Neta: 700 g","Peso neto escurrido: 700 g","Otras menciones obligatorias en la etiqueta: PESCA SOSTENIBLE CERTIFICADA ECOETIQUETA MSC."],"ingredients":[" ABADEJO DE ALASKA"],"conservation":" RESGUARDE EL PRODUCTO NO CONSUMIDO CERRANDO EL ENVASE LO MÁS HERMÉTICAMENTE POSIBLE. CONSERVAR A -18º PRODUCTO ULTRACONGELADO NO VOLVER A CONGELAR","ean":"8410547947973"},{"full_name":"DELFIN boquerón limpio bolsa 500 g neto escurrido","name":"boquerón limpio bolsa 500 g neto escurrido","brand":"DELFIN ","img":"https://sgfm.elcorteingles.es/SGFM/dctm/MEDIA02/CONTENIDOS/201505/21/00118910501248____1__600x600.jpg","price":"4,67 €","price_unit":"(9,34 € / Kilo)","categories":["Supermercado","Congelados","Pescados, mariscos y surimis","Pescados diversos congelados","DELFIN boquerón limpio bolsa 500 g neto escurrido"],"general_information":["Denominación del alimento: BOQUERON SIN CABEZA EVISCERADO CRUDO ULTRACONGELADO","País de origen: Grecia","Nombre del operador: Delfín Ultracongelados S.A","Dirección del operador: C/Colmenas 35 P.I Los Albardiales 45340 Ontigola (Toledo)","Lugar de procedencia del alimento: Capturado en Mar Mediterráneo Este, Mar Egeo.","Cantidad Neta: 500 g","Peso neto escurrido: 500 g","Otras menciones obligatorias en la etiqueta: Arte de pesca: Redes de arrastre"],"ingredients":[" Boquerón (Engraulis encrasucolus)."],"conservation":" PRODUCTO ULTRACONGELADO. MANTENER A -18°C. NO RECONGELAR","ean":"8410547947942"},{"full_name":"DELFIN cola de rape pieza 450 g neto escurrido","name":"cola de rape pieza 450 g neto escurrido","brand":"DELFIN ","img":"https://sgfm.elcorteingles.es/SGFM/00/94/3/0118910500943/0118910500943000g01011.jpg","price":"6,46 €","price_unit":"(14,36 € / Kilo)","categories":["Supermercado","Congelados","Pescados, mariscos y surimis","Pescados diversos congelados","DELFIN cola de rape pieza 450 g neto escurrido"],"general_information":["Denominación del alimento: Cola de rape","Nombre del operador: Delfín Ultracongelados S.A","Dirección del operador: C/Colmenas 35 P.I Los Albardiales 45340 Ontigola (Toledo)","Cantidad Neta: 600,0 g","Peso neto escurrido: 480,0 g"],"ingredients":[" Rape (Lophius spp) y antioxidantes (ácido citrico, citratos de sodio)"],"conservation":" PRODUCTO ULTRACONGELADO. MANTENER A -18°C. NO RECONGELAR","ean":"8410547933228"},{"full_name":"DELFIN cocochas de bacalao crudas bandeja 400 g","name":"cocochas de bacalao crudas bandeja 400 g","brand":"DELFIN ","img":"https://sgfm.elcorteingles.es/SGFM/dctm/MEDIA03/201704/04/00118910501552____1__600x600.jpg","price":"9,99 €","price_unit":"(24,98 € / Kilo)","categories":["Supermercado","Congelados","Pescados, mariscos y surimis","Pescados diversos congelados","DELFIN cocochas de bacalao crudas bandeja 400 g"],"general_information":["Denominación del alimento: COCOCHAS DE BACALAO CRUDAS ULTRACONGELADAS","País de origen: España","Nombre del operador: Delfín Ultracongelados S.A","Dirección del operador: C/Colmenas Nº 35 P.I Los Albardiales Ontigola (Toledo)","Lugar de procedencia del alimento: Atlántico Noreste","Cantidad Neta: 400 g","Peso neto escurrido: 400 g","Número de raciones por envase: 2","Otras menciones obligatorias en la etiqueta: Capturado en el Atlántico Noreste, mar de Noruega y mares de Islandia e Islas Feroe. Puede contener ocasionalmente alguna espina. Arte de pesca: Redes de arrastre."],"ingredients":[" Cocochas de bacalao (Gadus morhua) y sal. Puede contener trazas de crustáceos, moluscos y sulfitos."],"conservation":" Conservar a -18ºC No recongelar","ean":"8410547954308"},{"full_name":"DELFIN pez espada 2 piezas estuche 225 g neto escurrido","name":"pez espada 2 piezas estuche 225 g neto escurrido","brand":"DELFIN ","img":"https://sgfm.elcorteingles.es/SGFM/dctm/MEDIA02/CONTENIDOS/201511/11/00118910500968____1__600x600.jpg","price":"5,59 €","price_unit":"(23,29 € / Kilo)","categories":["Supermercado","Congelados","Pescados, mariscos y surimis","Pescados diversos congelados","DELFIN pez espada 2 piezas estuche 225 g neto escurrido"],"general_information":["Denominación del alimento: Filete de Pez espada ultracongelado","Nombre del operador: Delfín Ultracongelados S.A","Dirección del operador: C/Colmenas 35 P.I Los Albardiales 45340 Ontigola (Toledo)","Lugar de procedencia del alimento: Capturado en Pacifico Noroeste","Cantidad Neta: 300,0 g","Peso neto escurrido: 240,0 g","Otras menciones obligatorias en la etiqueta: Arte de pesca: Sedales y anzuelos"],"ingredients":[" Pez espada (Xiphias gladius)."],"conservation":" PRODUCTO ULTRACONGELADO. MANTENER A -18°C. NO RECONGELAR","ean":"8410547940950"},{"full_name":"AGUINAMAR lomos de bacalao salvaje al punto de sal bandeja 300 g neto escurrido","name":"lomos de bacalao salvaje al punto de sal bandeja 300 g neto escurrido","brand":"AGUINAMAR ","img":"https://sgfm.elcorteingles.es/SGFM/dctm/MEDIA03/201708/18/00118910501511____6__600x600.jpg","price":"5,87 €","price_unit":"(19,57 € / Kilo)","categories":["Supermercado","Congelados","Pescados, mariscos y surimis","Pescados diversos congelados","AGUINAMAR lomos de bacalao salvaje al punto de sal bandeja 300 g neto escurrido"],"general_information":["Denominación del alimento: Lomos de Bacalao en su punto de Sal 300 g. Congelado.","Nombre del operador: Angulas Aguinaga S.A.","Dirección del operador: Laskibar 5 -20271-Irura (Gipuzkoa)","Cantidad Neta: 300 g"],"ingredients":[" Bacalao (Gadus morhua) (pescado), sal y estabilizantes ((E-450 y E-451)."],"conservation":" Conservar a -18 °C. No recongelar.","ean":"8422107000462"},{"full_name":"EL DUENDE hamburguesa de salmón Noruego sin gluten y sin lactosa estuche 85 g neto escurrido","name":"hamburguesa de salmón Noruego sin gluten y sin lactosa estuche 85 g neto escurrido","brand":"EL DUENDE ","img":"https://sgfm.elcorteingles.es/SGFM/dctm/MEDIA02/CONTENIDOS/201512/14/00118927100695____1__600x600.jpg","price":"1,59 €","price_unit":"(18,71 € / Kilo)","categories":["Supermercado","Congelados","Pescados, mariscos y surimis","Pescados diversos congelados","EL DUENDE hamburguesa de salmón Noruego sin gluten y sin lactosa estuche 85 g neto escurrido"],"general_information":[],"ingredients":[],"ean":"8437001825486"},{"full_name":"FINDUS suprema de salmón de Noruega sin espinas estuche 300 g neto escurrido","name":"suprema de salmón de Noruega sin espinas estuche 300 g neto escurrido","brand":"FINDUS ","img":"https://sgfm.elcorteingles.es/SGFM/dctm/MEDIA02/CONTENIDOS/201510/13/00118910500885____1__600x600.jpg","price":"7,50 €","price_unit":"(25 € / Kilo)","categories":["Supermercado","Congelados","Pescados, mariscos y surimis","Pescados diversos congelados","FINDUS suprema de salmón de Noruega sin espinas estuche 300 g neto escurrido"],"general_information":[],"ingredients":[],"ean":"8410092100236"},{"full_name":"LUMAR lomos de salmón estuche 250 g neto escurrido","name":"lomos de salmón estuche 250 g neto escurrido","brand":"LUMAR ","img":"https://sgfm.elcorteingles.es/SGFM/dctm/MEDIA02/CONTENIDOS/201505/13/00118910501230____1__600x600.jpg","price":"5,45 €","price_unit":"(21,80 € / Kilo)","categories":["Supermercado","Congelados","Pescados, mariscos y surimis","Pescados diversos congelados","LUMAR lomos de salmón estuche 250 g neto escurrido"],"general_information":[],"ingredients":[],"ean":"8436043310318"},{"full_name":"LUMAR pez espada en rodajas 2 unidades estuche 250 g neto escurrido","name":"pez espada en rodajas 2 unidades estuche 250 g neto escurrido","brand":"LUMAR ","img":"https://sgfm.elcorteingles.es/SGFM/dctm/MEDIA03/201705/17/00118910501537____1__600x600.jpg","price":"4,31 €","price_unit":"(17,24 € / Kilo)","categories":["Supermercado","Congelados","Pescados, mariscos y surimis","Pescados diversos congelados","LUMAR pez espada en rodajas 2 unidades estuche 250 g neto escurrido"],"general_information":[],"ingredients":[],"ean":"8436043304065"},{"full_name":"LUMAR suprema de atún sin piel y sin espinas estuche 250 g","name":"suprema de atún sin piel y sin espinas estuche 250 g","brand":"LUMAR ","img":"https://sgfm.elcorteingles.es/SGFM/dctm/CONTENIDOS/201511/24/00118910501370____1__600x600.jpg","price":"4,03 €","price_unit":"(16,12 € / Kilo)","categories":["Supermercado","Congelados","Pescados, mariscos y surimis","Pescados diversos congelados","LUMAR suprema de atún sin piel y sin espinas estuche 250 g"],"general_information":[],"ingredients":[],"ean":"8436043300647"},{"full_name":"PESCANOVA solomillo de bacalao estuche 550 g","name":"solomillo de bacalao estuche 550 g","brand":"PESCANOVA ","img":"https://sgfm.elcorteingles.es/SGFM/dctm/MEDIA02/CONTENIDOS/201511/06/00118910500711____1__600x600.jpg","price":"13,02 €            ","price_unit":"(22,55 € / Kilo)","categories":["Supermercado","Congelados","Pescados, mariscos y surimis","Pescados diversos congelados","PESCANOVA solomillo de bacalao estuche 550 g"],"general_information":["Denominación del alimento: Solomillo de Bacalao","Nombre del operador: Pescanova España S.L.U","Dirección del operador: Rúa José Fernández López S/N 36320 Chapela-Redondela-Pontevedra-España","Cantidad Neta: 550 g"],"ingredients":[" Bacalao, agua y sal"],"conservation":" Mantener a -18° C hasta la fecha de consumo preferente","ean":"8410063036403"},{"full_name":"PESCANOVA filetes de bacalao en trozos estuche 400 g neto escurrido","name":"filetes de bacalao en trozos estuche 400 g neto escurrido","brand":"PESCANOVA ","img":"https://sgfm.elcorteingles.es/SGFM/00/06/7/0118910500067/0118910500067000g01011.jpg","price":"6,50 €","price_unit":"(16,25 € / Kilo)","categories":["Supermercado","Congelados","Pescados, mariscos y surimis","Pescados diversos congelados","PESCANOVA filetes de bacalao en trozos estuche 400 g neto escurrido"],"general_information":["Denominación del alimento: Filetes de Bacalao","Nombre del operador: Pescanova España S.L.U","Dirección del operador: Rúa José Fernández López S/N 36320 Chapela-Redondela-Pontevedra-España","Cantidad Neta: 400 g"],"ingredients":[" Bacalao, agua y sal. Puede contener crustáceos, moluscos."],"conservation":" Mantener a -18° C hasta la fecha de consumo preferente","ean":"8410063021034"},{"full_name":"PESCANOVA porciones de bacalao en su punto de sal estuche 400 g neto escurrido","name":"porciones de bacalao en su punto de sal estuche 400 g neto escurrido","brand":"PESCANOVA ","img":"https://sgfm.elcorteingles.es/SGFM/dctm/MEDIA02/CONTENIDOS/201503/24/00118910500430____1__600x600.jpg","price":"3,60 €","price_unit":"(9 € / Kilo)","categories":["Supermercado","Congelados","Pescados, mariscos y surimis","Pescados diversos congelados","PESCANOVA porciones de bacalao en su punto de sal estuche 400 g neto escurrido"],"general_information":[],"ingredients":[],"ean":"8410063036281"},{"full_name":"PESCANOVA lomos de bacalao en su punto de sal bandeja 300 g neto escurrido","name":"lomos de bacalao en su punto de sal bandeja 300 g neto escurrido","brand":"PESCANOVA ","img":"https://sgfm.elcorteingles.es/SGFM/dctm/MEDIA03/201603/31/00118910500190____1__600x600.jpg","price":"4,99 €","price_unit":"(16,63 € / Kilo)","categories":["Supermercado","Congelados","Pescados, mariscos y surimis","Pescados diversos congelados","PESCANOVA lomos de bacalao en su punto de sal bandeja 300 g neto escurrido"],"general_information":["Denominación del alimento: Lomos de Bacalao","Nombre del operador: Pescanova España S.L.U","Dirección del operador: Rúa José Fernández López S/N 36320 Chapela-Redondela-Pontevedra-España","Cantidad Neta: 300 g"],"ingredients":[" Bacalao, agua y sal"],"conservation":" Mantener a -18° C hasta la fecha de consumo preferente","ean":"8410063028118"},{"full_name":"PESCANOVA filete de rape estuche 250 g neto escurrido","name":"filete de rape estuche 250 g neto escurrido","brand":"PESCANOVA ","img":"https://sgfm.elcorteingles.es/SGFM/dctm/CONTENIDOS/201511/24/00118910500042____1__600x600.jpg","price":"8,50 €","price_unit":"(34 € / Kilo)","categories":["Supermercado","Congelados","Pescados, mariscos y surimis","Pescados diversos congelados","PESCANOVA filete de rape estuche 250 g neto escurrido"],"general_information":["Denominación del alimento: Filetes de Rape","Nombre del operador: Pescanova España S.L.U","Dirección del operador: Rúa José Fernández López S/N 36320 Chapela-Redondela-Pontevedra-España","Cantidad Neta: 250 g"],"ingredients":[" Rape. Puede contener crustáceos, moluscos"],"conservation":" Mantener a -18° C hasta la fecha de consumo preferente","ean":"8410063001173"},{"full_name":"PRECOAN caldo casero de pescado sin gluten 2-3 raciones bolsa 500 g","name":"caldo casero de pescado sin gluten 2-3 raciones bolsa 500 g","brand":"PRECOAN ","img":"https://sgfm.elcorteingles.es/SGFM/dctm/MEDIA03/201604/29/00118931301743____1__600x600.jpg","price":"2,94 €","price_unit":"(5,88 € / Kilo)","categories":["Supermercado","Congelados","Pescados, mariscos y surimis","Pescados diversos congelados","PRECOAN caldo casero de pescado sin gluten 2-3 raciones bolsa 500 g"],"general_information":[],"ingredients":[],"ean":"8425324500180"},{"full_name":"ROYAL filetes de bacalao bandeja 400 g neto escurrido","name":"filetes de bacalao bandeja 400 g neto escurrido","brand":"ROYAL ","img":"https://sgfm.elcorteingles.es/SGFM/dctm/MEDIA02/CONTENIDOS/201410/20/00201110501572____1__600x600.jpg","price":"5,87 €","price_unit":"(14,68 € / Kilo)","categories":["Supermercado","Congelados","Pescados, mariscos y surimis","Pescados diversos congelados","ROYAL filetes de bacalao bandeja 400 g neto escurrido"],"general_information":["Denominación del alimento: Filetes de bacalao congelado","Nombre del operador: Copesco & Sefrisa, SA","Dirección del operador: C/ Edison 11-15, Pol. Ind. Ca n'Estella 08635 Sant Esteve Sesrovires Barcelona - España","Lugar de procedencia del alimento: Bacalao (Gadus morhua) capturado con anzuelo en el Altántico Noreste.","Cantidad Neta: 350,0 g"],"ingredients":[" Bacalao y sal."],"conservation":" Conservar a -18°C. Una vez descongelado, no volver a congelar.","ean":"8412480976454"},{"full_name":"ROYAL lomos extra de bacalao ultracongelado al punto de sal bandeja 270 g neto escurrido","name":"lomos extra de bacalao ultracongelado al punto de sal bandeja 270 g neto escurrido","brand":"ROYAL ","img":"https://sgfm.elcorteingles.es/SGFM/dctm/MEDIA02/CONTENIDOS/201408/13/00118910501149____1__600x600.jpg","price":"5,62 €","price_unit":"(20,81 € / Kilo)","categories":["Supermercado","Congelados","Pescados, mariscos y surimis","Pescados diversos congelados","ROYAL lomos extra de bacalao ultracongelado al punto de sal bandeja 270 g neto escurrido"],"general_information":["Denominación del alimento: Lomo extra de bacalao congelado","Nombre del operador: Copesco & Sefrisa, SA","Dirección del operador: C/ Edison 11-15, Pol. Ind. Ca n'Estella 08635 Sant Esteve Sesrovires Barcelona - España","Lugar de procedencia del alimento: Bacalao (Gadus morhua) capturado con anzuelo en el Altántico Noreste.","Cantidad Neta: 270 g"],"ingredients":[" Bacalao y sal."],"conservation":" Conservar a -18°C. Una vez descongelado, no volver a congelar.","ean":"8412480971350"},{"full_name":"ROYAL delicias de bacalao ultracongelado al punto de sal bandeja 350 g neto escurrido","name":"delicias de bacalao ultracongelado al punto de sal bandeja 350 g neto escurrido","brand":"ROYAL ","img":"https://sgfm.elcorteingles.es/SGFM/dctm/MEDIA02/CONTENIDOS/201408/13/00118910501156____1__600x600.jpg","price":"5,30 €","price_unit":"(15,14 € / Kilo)","categories":["Supermercado","Congelados","Pescados, mariscos y surimis","Pescados diversos congelados","ROYAL delicias de bacalao ultracongelado al punto de sal bandeja 350 g neto escurrido"],"general_information":["Denominación del alimento: Delicias de bacalao congelado","Nombre del operador: Copesco & Sefrisa, SA","Dirección del operador: C/ Edison 11-15, Pol. Ind. Ca n'Estella 08635 Sant Esteve Sesrovires Barcelona - España","Lugar de procedencia del alimento: Bacalao (Gadus morhua) capturado con anzuelo en el Altántico Noreste.","Cantidad Neta: 350 g"],"ingredients":[" Bacalao y sal."],"conservation":" Conservar a -18°C. Una vez descongelado, no volver a congelar.","ean":"8412480973361"},{"full_name":"ROYAL lomos de salmón sin espinas bandeja 300 g neto escurrido","name":"lomos de salmón sin espinas bandeja 300 g neto escurrido","brand":"ROYAL ","img":"https://sgfm.elcorteingles.es/SGFM/dctm/MEDIA03/201610/25/00118910501503____1__600x600.jpg","price":"8,00 €","price_unit":"(26,67 € / Kilo)","categories":["Supermercado","Congelados","Pescados, mariscos y surimis","Pescados diversos congelados","ROYAL lomos de salmón sin espinas bandeja 300 g neto escurrido"],"general_information":["Denominación del alimento: ROYAL lomo de salmon 300 G","Nombre del operador: Copesco & Sefrisa, S.A.","Dirección del operador: C/ Edison 11-15, Pol. Ind. Ca N'Estella 08635 Sant Esteve Sesrovires - Barcelona","Lugar de procedencia del alimento: España","Cantidad Neta: 300 g","Otras menciones obligatorias en la etiqueta: Contiene pescado."],"ingredients":[" Salmón fresco (Salmo salar)"],"conservation":" Congelación -18ºC","ean":"8412480592203"},{"full_name":"ROYAL bacalao en bocaditos sin espinas al punto de sal bandeja 250 g neto escurrido","name":"bacalao en bocaditos sin espinas al punto de sal bandeja 250 g neto escurrido","brand":"ROYAL ","img":"https://sgfm.elcorteingles.es/SGFM/dctm/MEDIA03/201610/25/00118910501495____1__600x600.jpg","price":"4,99 €","price_unit":"(19,96 € / Kilo)","categories":["Supermercado","Congelados","Pescados, mariscos y surimis","Pescados diversos congelados","ROYAL bacalao en bocaditos sin espinas al punto de sal bandeja 250 g neto escurrido"],"general_information":[],"ingredients":[],"ean":"8412480971800"},{"full_name":"TERRANOVA tortillitas de bacalao bolsa 400 g","name":"tortillitas de bacalao bolsa 400 g","brand":"TERRANOVA ","img":"https://sgfm.elcorteingles.es/SGFM/00/24/0/0118949300240/0118949300240000g01011.jpg","price":"3,19 €","price_unit":"(7,98 € / Kilo)","categories":["Supermercado","Congelados","Pescados, mariscos y surimis","Pescados diversos congelados","TERRANOVA tortillitas de bacalao bolsa 400 g"],"general_information":[],"ingredients":[],"ean":"8437002729318"},{"full_name":"DELFIN pulpo entero crudo bandeja 1350 g neto escurrido","name":"pulpo entero crudo bandeja 1350 g neto escurrido","brand":"DELFIN ","img":"https://sgfm.elcorteingles.es/SGFM/01/37/0/0118911001370/0118911001370000g01011.jpg","price":"17,26 €","price_unit":"(12,79 € / Kilo)","categories":["Supermercado","Congelados","Pescados, mariscos y surimis","Pulpo congelado","DELFIN pulpo entero crudo bandeja 1350 g neto escurrido"],"general_information":["Denominación del alimento: Pulpo entero crudo ultracongelado","Nombre del operador: Delfín Ultracongelados S.A","Dirección del operador: C/Colmenas 35 P.I Los Albardiales 45340 Ontigola (Toledo)","Lugar de procedencia del alimento: Capturado en Atlántico Centro-Este","Cantidad Neta: 1500,0 g","Peso neto escurrido: 1350,0 g","Otras menciones obligatorias en la etiqueta: Arte de pesca: Nasas y trampas"],"ingredients":[" Pulpo (Octopus vulgaris), sal y correctores de acidez (ácido cítrico, citrato trisódico, ácido fosfórico y trifosfato de pentasodio)"],"conservation":" PRODUCTO ULTRACONGELADO. MANTENER A -18°C. NO RECONGELAR","ean":"8410547940967"},{"full_name":"DELFIN tentáculos de pulpo cocido estuche 340 g","name":"tentáculos de pulpo cocido estuche 340 g","brand":"DELFIN ","img":"https://sgfm.elcorteingles.es/SGFM/dctm/MEDIA03/201704/12/00118911002303____1__600x600.jpg","price":"12,90 €","price_unit":"(37,94 € / Kilo)","categories":["Supermercado","Congelados","Pescados, mariscos y surimis","Pulpo congelado","DELFIN tentáculos de pulpo cocido estuche 340 g"],"general_information":[],"ingredients":[],"ean":"8410547954568"},{"full_name":"ROSA DE LOS VIENTOS pulpo crudo limpio envase 1000 kg","name":"pulpo crudo limpio envase 1000 kg","brand":"ROSA DE LOS VIENTOS ","img":"https://sgfm.elcorteingles.es/SGFM/dctm/MEDIA02/CONTENIDOS/201410/15/00118911000018____1__600x600.jpg","price":"9,10 €","price_unit":"(9,10 € / Kg)","categories":["Supermercado","Congelados","Pescados, mariscos y surimis","Pulpo congelado","ROSA DE LOS VIENTOS pulpo crudo limpio envase 1000 kg"],"general_information":[],"ingredients":[]}]