[{"full_name":"EL CORTE INGLES bases para pizza 4 unidades envase 500 g","name":"bases para pizza 4 unidades envase 500 g","brand":"EL CORTE INGLES ","img":"https://sgfm.elcorteingles.es/SGFM/dctm/MEDIA03/201609/02/00118950102394____1__600x600.jpg","price":"1,10 €","price_unit":"(2,20 € / Kilo)","categories":["Supermercado","Congelados","Pizzas y platos italianos","Pizzas, bases congeladas y baguettes","EL CORTE INGLES bases para pizza 4 unidades envase 500 g"],"general_information":["Denominación del alimento: Bases para pizza. Producto ultracongelado","Nombre del operador: Elaborado para El Corte Inglés \npor  Grupo Empresarial Palacios Alimentación, S.A.\nC/Logroño s/n - 26120 Albelda de Iregua - La Rioja\nEspaña","Cantidad Neta: 500 g"],"ingredients":[" INGREDIENTES: Harina de trigo, agua, aceite de girasol, levadura y sal. Puede contener leche, soja, pescado y sulfitos."],"conservation":" Modo de conservación:\nFrigorífico: 1 día\n Congelador: * 1 semana\n                     ** 1 mes\n                     *** o ***(*) ver fecha de consumo preferente.\n\nNO VOLVER A CONGELAR UNA VEZ DESCONGELADO\nUna vez abierto el envase, conservar en refrigeración y consumir antes de 24 horas","ean":"8433329071291"},{"full_name":"EL CORTE INGLES pizza americana de carne envase 465 g","name":"pizza americana de carne envase 465 g","brand":"EL CORTE INGLES ","img":"https://sgfm.elcorteingles.es/SGFM/dctm/MEDIA03/201609/02/00118950102360____1__600x600.jpg","price":"2,50 €","price_unit":"(5,38 € / Kilo)","categories":["Supermercado","Congelados","Pizzas y platos italianos","Pizzas, bases congeladas y baguettes","EL CORTE INGLES pizza americana de carne envase 465 g"],"general_information":["Denominación del alimento: Pizza americana de carne.  Plato preparado ultracongelado","Nombre del operador: Elaborado para El Corte Inglés \npor  Grupo Empresarial Palacios Alimentación, S.A.\nC/Logroño s/n - 26120 Albelda de Iregua - La Rioja\nEspaña","Cantidad Neta: 465 g"],"ingredients":[" INGREDIENTES: Guarnición (52,7%): Queso Edam [leche pasteurizada, fermentos, colorante (E 160a), estabilizante (E 509), cuajo y sal], carne americana (12,9%) [carne de cerdo, carne de vacuno, agua, tomate, cebolla, proteína de soja (contiene sulfitos), sal, especias, aromas, antioxidante (E 330), azúcar, pimentón, pimentón picante y comino], salsa barbacoa {agua, azúcar, tomate, vinagre de vino blanco (vinagre de vino blanco y antioxidante (E 224) (sulfitos)), almidón modificado (E 1442), sal, aroma, aroma de humo, maltodextrina, extracto de manzana, estabilizante (E 415), antioxidante (E 330), cayena y conservador (E 202)}, bacon [panceta de cerdo, agua, estabilizantes (E 451i, E 450iii y E 450v), sal, azúcar, antioxidantes (E 316 y E 331iii), dextrosa, aroma, aroma de humo, proteína de soja (contiene sulfitos), conservadores (E 250 y E 262i), extractos de especias y gelificante (E 407)] y aceite de oliva. \nBase (47,3%): Harina de trigo, agua, aceite de girasol, levadura y sal. Puede contener pescado."],"conservation":" Modo de conservación:\nFrigorífico: 1 día\n Congelador: * 1 semana\n                     ** 1 mes\n                     *** o ***(*) ver fecha de consumo preferente.\n\nNO VOLVER A CONGELAR UNA VEZ DESCONGELADO\nUna vez abierto el envase, conservar en refrigeración y consumir antes de 24 horas","ean":"8433329071284"},{"full_name":"EL CORTE INGLES pizza boloñesa envase 400 g","name":"pizza boloñesa envase 400 g","brand":"EL CORTE INGLES ","img":"https://sgfm.elcorteingles.es/SGFM/dctm/MEDIA03/201608/02/00118950102337____1__600x600.jpg","price":"2,10 €","price_unit":"(5,25 € / Kilo)","categories":["Supermercado","Congelados","Pizzas y platos italianos","Pizzas, bases congeladas y baguettes","EL CORTE INGLES pizza boloñesa envase 400 g"],"general_information":["Denominación del alimento: Pizza Boloñesa. Plato preparado congelado","Nombre del operador: Elaborado para El Corte Inglés \npor  Grupo Empresarial Palacios Alimentación, S.A.\nC/Logroño s/n - 26120 Albelda de Iregua - La Rioja\nEspaña","Cantidad Neta: 400 g"],"ingredients":[" INGREDIENTES: Guarnición (52%):  Queso Mozzarella (23,3%) [leche pasteurizada, sal, fermentos, cuajo y antioxidante (E 330)], carne boloñesa (19%) [tomate, carne de vacuno, carne de cerdo, cebolla, concentrado de proteína de soja (contiene sulfitos), sal, azúcar y antioxidante (E 330)] y salsa de tomate (tomate, agua, aceite de girasol, sal y especias). \nBase (48%): Harina de trigo, agua, aceite de girasol, sal, gasificantes (E 450i y E 500ii), almidón de trigo y levadura. Puede contener huevo y pescado."],"conservation":" Modo de conservación:\nFrigorífico: 1 día\n Congelador: * 1 semana\n                     ** 1 mes\n                     *** o ***(*) ver fecha de consumo preferente.\n\nNO VOLVER A CONGELAR UNA VEZ DESCONGELADO\nUna vez abierto el envase, conservar en refrigeración y consumir antes de 24 horas","ean":"8433329071253"},{"full_name":"EL CORTE INGLES pizza de atún envase 390 g","name":"pizza de atún envase 390 g","brand":"EL CORTE INGLES ","img":"https://sgfm.elcorteingles.es/SGFM/dctm/MEDIA03/201608/26/00118950102378____1__600x600.jpg","price":"2,10 €","price_unit":"(5,38 € / Kilo)","categories":["Supermercado","Congelados","Pizzas y platos italianos","Pizzas, bases congeladas y baguettes","EL CORTE INGLES pizza de atún envase 390 g"],"general_information":["Denominación del alimento: Pizza de atún. Plato preparado congelado","Nombre del operador: Elaborado para El Corte Inglés \npor  Grupo Empresarial Palacios Alimentación, S.A.\nC/Logroño s/n - 26120 Albelda de Iregua - La Rioja\nEspaña","Cantidad Neta: 390 g"],"ingredients":[" INGREDIENTES: Guarnición (51%): Queso Mozzarella [leche pasteurizada, sal, fermentos, cuajo y antioxidante (E 330)], salsa de tomate (tomate, agua, aceite de girasol, sal y especias), atún (10,3%) (atún, agua y sal) y cebolla. Base (49%): Harina de trigo, agua, aceite de girasol, sal, gasificantes (E 450i y E 500ii), almidón de trigo y levadura. Puede contener soja, huevo y sulfitos."],"conservation":" Modo de conservación:\nFrigorífico: 1 día\n Congelador: * 1 semana\n                     ** 1 mes\n                     *** o ***(*) ver fecha de consumo preferente.\n\nNO VOLVER A CONGELAR UNA VEZ DESCONGELADO\nUna vez abierto el envase, conservar en refrigeración y consumir antes de 24 horas","ean":"8433329071260"},{"full_name":"EL CORTE INGLES pizza de jamón y queso envase 390 g","name":"pizza de jamón y queso envase 390 g","brand":"EL CORTE INGLES ","img":"https://sgfm.elcorteingles.es/SGFM/dctm/MEDIA03/201608/17/00118950102345____1__600x600.jpg","price":"1,98 €","price_unit":"(5,08 € / Kilo)","categories":["Supermercado","Congelados","Pizzas y platos italianos","Pizzas, bases congeladas y baguettes","EL CORTE INGLES pizza de jamón y queso envase 390 g"],"general_information":["Denominación del alimento: Pizza de jamón y queso. Plato preparado congelado","Nombre del operador: Elaborado para El Corte Inglés \npor  Grupo Empresarial Palacios Alimentación, S.A.\nC/Logroño s/n - 26120 Albelda de Iregua - La Rioja\nEspaña","Cantidad Neta: 390 g"],"ingredients":[" INGREDIENTES: Guarnición (50,8%): Queso Mozzarella (22,8%) [leche pasteurizada, sal, fermentos, cuajo y antioxidante (E 330)], jamón cocido extra (17,4%) [jamón de cerdo, agua, gelificante (E 407), azúcar, estabilizante (E 451i), sal, antioxidantes (E 331iii y E 316) y conservadores (E 250 y E 262i)] y salsa de tomate (tomate, agua, aceite de girasol, sal y especias). \nBase (49,2%): Harina de trigo, agua, aceite de girasol, sal, gasificantes (E 450i y E 500ii), almidón de trigo y levadura. Puede contener soja, huevo, pescado y sulfitos"],"conservation":" Modo de conservación:\nFrigorífico: 1 día\n Congelador: * 1 semana\n                     ** 1 mes\n                     *** o ***(*) ver fecha de consumo preferente.\n\nNO VOLVER A CONGELAR UNA VEZ DESCONGELADO\nUna vez abierto el envase, conservar en refrigeración y consumir antes de 24 horas","ean":"8433329071239"},{"full_name":"EL CORTE INGLES pizza vegetal envase 390 g","name":"pizza vegetal envase 390 g","brand":"EL CORTE INGLES ","img":"https://sgfm.elcorteingles.es/SGFM/dctm/MEDIA03/201608/26/00118950102386____1__600x600.jpg","price":"1,98 €","price_unit":"(5,08 € / Kilo)","categories":["Supermercado","Congelados","Pizzas y platos italianos","Pizzas, bases congeladas y baguettes","EL CORTE INGLES pizza vegetal envase 390 g"],"general_information":["Denominación del alimento: Pizza vegetal. Plato preparado congelado","Nombre del operador: Elaborado para El Corte Inglés \npor  Grupo Empresarial Palacios Alimentación, S.A.\nC/Logroño s/n - 26120 Albelda de Iregua - La Rioja\nEspaña","Cantidad Neta: 390 g"],"ingredients":[" INGREDIENTES: Guarnición (51%): Queso Mozzarella [leche pasteurizada, sal, fermentos, cuajo y antioxidante (E 330)], salsa de tomate (tomate, agua, aceite de girasol, sal y especias), calabacín asado (5,1%) (calabacín y aceite de girasol), cebolla (3,9%), pimiento rojo asado (3,9%) (pimiento rojo y aceite de girasol), pimiento verde asado (3,9%) (pimiento verde y aceite de girasol) y aceitunas negras (3,9%) [aceituna negra, agua, sal y estabilizante (E 579)]. Base (49%): Harina de trigo, agua, aceite de girasol, sal, gasificantes (E 450i y E 500ii), almidón de trigo y levadura. Puede contener soja, huevo, pescado y sulfitos."],"conservation":" Modo de conservación:\nFrigorífico: 1 día\n Congelador: * 1 semana\n                     ** 1 mes\n                     *** o ***(*) ver fecha de consumo preferente.\n\nNO VOLVER A CONGELAR UNA VEZ DESCONGELADO\nUna vez abierto el envase, conservar en refrigeración y consumir antes de 24 horas","ean":"8433329071277"},{"full_name":"EL CORTE INGLES pizza 4 quesos cocida en horno de leña envase 365 g","name":"pizza 4 quesos cocida en horno de leña envase 365 g","brand":"EL CORTE INGLES ","img":"https://sgfm.elcorteingles.es/SGFM/dctm/MEDIA03/201609/23/00118950102352____1__600x600.jpg","price":"1,98 €","price_unit":"(5,42 € / Kilo)","categories":["Supermercado","Congelados","Pizzas y platos italianos","Pizzas, bases congeladas y baguettes","EL CORTE INGLES pizza 4 quesos cocida en horno de leña envase 365 g"],"general_information":["Denominación del alimento: Pizza de 4 quesos. Plato preparado congelado","Nombre del operador: Elaborado para El Corte Inglés \npor  Grupo Empresarial Palacios Alimentación, S.A.\nC/Logroño s/n - 26120 Albelda de Iregua - La Rioja\nEspaña","Cantidad Neta: 365 g"],"ingredients":[" INGREDIENTES: Base (52,6%): Harina de trigo, agua, aceite de girasol, sal, gasificantes (E 450i y E 500ii), almidón de trigo y levadura.\nGuarnición (47,4%): Queso Mozzarella (18,6%) [leche pasteurizada, sal, fermentos, cuajo y antioxidante (E 330)], salsa de tomate (tomate, agua, aceite de girasol, sal y especias), queso Gouda (6,6%) [leche pasteurizada, fermentos lácticos, colorante (E 160a), estabilizante (E 509), cuajo y sal], queso Edam (6,6%) [leche pasteurizada, fermentos lácticos, colorante (E 160a), estabilizante (E 509), cuajo y sal] y queso Emmental (5,2%) [leche pasteurizada, sal, fermentos lácticos y cuajo]. Puede contener soja, huevo, pescado y sulfitos"],"conservation":" Modo de conservación:\nFrigorífico: 1 día\n Congelador: * 1 semana\n                     ** 1 mes\n                     *** o ***(*) ver fecha de consumo preferente.\n\nNO VOLVER A CONGELAR UNA VEZ DESCONGELADO\nUna vez abierto el envase, conservar en refrigeración y consumir antes de 24 horas","ean":"8433329071246"},{"full_name":"EL CORTE INGLES minipizza 3 quesos 9 unidades caja 270 g","name":"minipizza 3 quesos 9 unidades caja 270 g","brand":"EL CORTE INGLES ","img":"https://sgfm.elcorteingles.es/SGFM/dctm/MEDIA03/201709/11/00118950102642____1__600x600.jpg","price":"1,99 €","price_unit":"(7,37 € / Kilo)","categories":["Supermercado","Congelados","Pizzas y platos italianos","Pizzas, bases congeladas y baguettes","EL CORTE INGLES minipizza 3 quesos 9 unidades caja 270 g"],"general_information":["Denominación del alimento: Masa cubierta de quesos. Producto congelado precocinado","Nombre del operador: Elaborado para El Corte Inglés \npor La Niña del Sur, S.L. \nCamino del Reguerón S/N Polígono Industrial de Alquerías - 30580 Alquerías (Murcia) - España","Cantidad Neta: 270 g","Número de raciones por envase: 9"],"ingredients":[" Ingredientes: Harina de trigo, agua, Mozzarella 14% (acidulante: E 330 y conservador: E 202), Emmental 10%, Edam 9%, nata, margarina (grasa vegetal refinada de palma, aceite vegetal refinado de girasol, agua, emulgentes: E 471, sal, acidulante: E 330, antioxidantes: E 306 y E 304),leche, aceite de girasol, sal, queso de pasta dura (contiene lisozima de huevo), azúcar, levadura, lecitina de soja, especias y plantas aromáticas, acidulante: E 330 y almidón modificado de maíz. Puede contener trazas de pescado"],"conservation":" Consérvese preferentemente a temperaturas inferiores a -18ºC \nCONSERVACIÓN MÁXIMA EN EL CONGELADOR DE SU FRIGORÍFICO \n\nEN CONGELACIÓN: \n***/**** ( -18ºC) Hasta la fecha de consumo preferente \n\n**/* ( -12ºC) 1 MES \n\nEN REFRIGERACIÓN: 24 HORAS                                 \nMantenga la calidad respetando las condiciones de conservación. Producto congelado, no volver a congelar una vez descongelado.","ean":"8433329072052"},{"full_name":"EL CORTE INGLES minipizza de jamón y queso 9 unidades caja 270 g","name":"minipizza de jamón y queso 9 unidades caja 270 g","brand":"EL CORTE INGLES ","img":"https://sgfm.elcorteingles.es/SGFM/dctm/MEDIA03/201709/11/00118950102634____1__600x600.jpg","price":"1,94 €","price_unit":"(7,19 € / Kilo)","categories":["Supermercado","Congelados","Pizzas y platos italianos","Pizzas, bases congeladas y baguettes","EL CORTE INGLES minipizza de jamón y queso 9 unidades caja 270 g"],"general_information":["Denominación del alimento: Masa cubierta de salsa, jamón y queso. Producto congelado precocinado","Nombre del operador: Elaborado para El Corte Inglés \npor La Niña del Sur, S.L. \nCamino del Reguerón S/N Polígono Industrial de Alquerías - 30580 Alquerías (Murcia) - España","Cantidad Neta: 270 g","Número de raciones por envase: 9"],"ingredients":[" Ingredientes: Harina trigo, jamón cocido 20% (jamón, agua, sal, azúcar, proteínas de leche y soja, aromas, emulgentes: E 450i y E 407, antioxidantes: E 301 y E 331, conservador: E 250), salsa de tomate, agua, Mozzarella 10%  (acidulante: E 330 y conservador: E 202), Edam 6, 6%, margarina (grasa vegetal refinada de palma, aceite vegetal refinado de girasol, agua, emulgentes: E 471, sal, acidulante: E 330, antioxidantes: E 306 y E 304), tomate frito (tomate, aceite de oliva, sal, azúcar, almidón de maíz), aceite de girasol, azúcar, sal, levadura, lecitina de soja, almidón modificado de maíz, especias y plantas aromáticas, acidulante: E 330. Puede contener trazas de huevo y pescado"],"conservation":" Consérvese preferentemente a temperaturas inferiores a -18ºC \nCONSERVACIÓN MÁXIMA EN EL CONGELADOR DE SU FRIGORÍFICO \n\nEN CONGELACIÓN: \n***/**** ( -18ºC) Hasta la fecha de consumo preferente \n\n**/* ( -12ºC) 1 MES                                                    EN REFRIGERACIÓN: 24 HORAS                                 \nMantenga la calidad respetando las condiciones de conservación. Producto congelado, no volver a congelar una vez descongelado.","ean":"8433329072045"},{"full_name":"EL CORTE INGLES baguette de jamón y queso 2 unidades caja 250 g","name":"baguette de jamón y queso 2 unidades caja 250 g","brand":"EL CORTE INGLES ","img":"https://sgfm.elcorteingles.es/SGFM/dctm/MEDIA03/201709/11/00118950102659____1__600x600.jpg","price":"1,69 €","price_unit":"(6,76 € / Kilo)","categories":["Supermercado","Congelados","Pizzas y platos italianos","Pizzas, bases congeladas y baguettes","EL CORTE INGLES baguette de jamón y queso 2 unidades caja 250 g"],"general_information":["Denominación del alimento: Baguettes de jamón y queso. Producto congelado precocinado","Nombre del operador: Elaborado para El Corte Inglés \npor La Niña del Sur, S.L. \nCamino del Reguerón S/N Polígono Industrial de Alquerías - 30580 Alquerías (Murcia) - España","Cantidad Neta: 250 g","Número de raciones por envase: 2"],"ingredients":[" Ingredientes: Harina de trigo, agua, salsa de tomate, jamón cocido 12% (jamón, agua, sal, azúcar, proteínas de soja y leche, aromas, emulgentes: E 450i y E 407, antioxidantes: E 301 y E 331, conservador: E 250), Mozzarella 12% (acidulante: E 330 y conservador: E 202), aceite de girasol, sal, almidón modificado de maíz, jarabe de glucosa, levadura, azúcar, especias y plantas aromáticas. Puede contener trazas de pescado"],"conservation":" Consérvese preferentemente a temperaturas inferiores a -18ºC \nCONSERVACIÓN MÁXIMA EN EL CONGELADOR DE SU FRIGORÍFICO \n\nEN CONGELACIÓN: \n***/**** ( -18ºC) Hasta la fecha de consumo preferente \n\n**/* ( -12ºC) 1 MES \n\nEN REFRIGERACIÓN: 24 HORAS                                 \nMantenga la calidad respetando las condiciones de conservación. Producto congelado, no volver a congelar una vez descongelado.","ean":"8433329072069"},{"full_name":"EL CORTE INGLES baguettes 4 quesos 2 unidades caja 250 g","name":"baguettes 4 quesos 2 unidades caja 250 g","brand":"EL CORTE INGLES ","img":"https://sgfm.elcorteingles.es/SGFM/dctm/MEDIA03/201709/11/00118950102667____1__600x600.jpg","price":"1,69 €","price_unit":"(6,76 € / Kilo)","categories":["Supermercado","Congelados","Pizzas y platos italianos","Pizzas, bases congeladas y baguettes","EL CORTE INGLES baguettes 4 quesos 2 unidades caja 250 g"],"general_information":["Denominación del alimento: Baguettes 4 quesos. Producto congelado precocinado","Nombre del operador: Elaborado para El Corte Inglés \npor La Niña del Sur, S.L. \nCamino del Reguerón S/N Polígono Industrial de Alquerías - 30580 Alquerías (Murcia) - España","Cantidad Neta: 250 g","Número de raciones por envase: 2"],"ingredients":[" Ingredientes: Harina de trigo, agua, quesos (Mozzarella 7, 2% (acidulante: E 330 y conservador: E 202), Emmental 6, 4%, Edam 4, 8%, Cheddar 1, 6% (contiene colorante: E 160b), queso azul), aceite girasol, leche, almidón modificado de maíz, levadura, sal, aceite de oliva, cebolla, especias y plantas aromáticas. Puede contener trazas de pescado y soja."],"conservation":" Consérvese preferentemente a temperaturas inferiores a -18ºC \nCONSERVACIÓN MÁXIMA EN EL CONGELADOR DE SU FRIGORÍFICO \n\nEN CONGELACIÓN: \n***/**** ( -18ºC) Hasta la fecha de consumo preferente \n\n**/* ( -12ºC) 1 MES \n\nEN REFRIGERACIÓN: 24 HORAS                                 \nMantenga la calidad respetando las condiciones de conservación. Producto congelado, no volver a congelar una vez descongelado.","ean":"8433329072076"},{"full_name":"BUITONI Formaggi pizza 4 quesos sin gluten estuche 365 g","name":"Formaggi pizza 4 quesos sin gluten estuche 365 g","brand":"BUITONI ","img":"https://sgfm.elcorteingles.es/SGFM/dctm/MEDIA02/CONTENIDOS/201511/19/00201150102505____1__600x600.jpg","price":"4,31 €","price_unit":"(11,81 € / Kilo)","categories":["Supermercado","Congelados","Pizzas y platos italianos","Pizzas, bases congeladas y baguettes","BUITONI Formaggi pizza 4 quesos sin gluten estuche 365 g"],"general_information":["Denominación del alimento: Pizza de 4 quesos. Comida preparada ultracongelada. Sin gluten y sin lactosa.","País de origen: España","Nombre del operador: Nestlé España, S.A.","Dirección del operador: NESTLÉ ESPAÑA, S.A.- Av. Països Catalans, 25 ? 51 ? 08950 ? Esplugues de Llobregat (Barcelona).","Cantidad Neta: 360 g","Otras menciones obligatorias en la etiqueta: Una vez descongelado no volver a congelar. No consumir sin hornear. / Envasado en atmósfera protectora."],"ingredients":[" Almidón de trigo (sin gluten), queso (24%) (sin lactosa) (mozzarella (15%), grana padano (4%) (con lisozima de huevo), gouda (3,4%), edam (1,6%)), agua, puré de tomate (16,4%), aceite de girasol, dextrosa, harina de maíz, azúcar, sal, levadura, fibra vegetal (Plantago ovata), perejil, estabilizantes (goma guar, hidroxipropilmetilcelulosa, mono y diglicéridos de ácidos grasos), ajo, orégano."],"conservation":" Producto ultracongelado. Conservar a -18°C","ean":"7613035384231"},{"full_name":"BUITONI Prosciutto pizza de jamón sin gluten estuche 365 g","name":"Prosciutto pizza de jamón sin gluten estuche 365 g","brand":"BUITONI ","img":"https://sgfm.elcorteingles.es/SGFM/dctm/MEDIA02/CONTENIDOS/201511/19/00118950102238____1__600x600.jpg","price":"4,05 €","price_unit":"(11,10 € / Kilo)","categories":["Supermercado","Congelados","Pizzas y platos italianos","Pizzas, bases congeladas y baguettes","BUITONI Prosciutto pizza de jamón sin gluten estuche 365 g"],"general_information":["Denominación del alimento: Pizza de jamón y queso. Comida preparada ultracongelada. Sin gluten y sin lactosa.","País de origen: España","Nombre del operador: Nestlé España, S.A.","Dirección del operador: NESTLÉ ESPAÑA, S.A.- Av. Països Catalans, 25 ? 51 ? 08950 ? Esplugues de Llobregat (Barcelona).","Cantidad Neta: 365 g","Otras menciones obligatorias en la etiqueta: Una vez descongelado no volver a congelar. No consumir sin hornear. / Envasado en atmósfera protectora."],"ingredients":[" Almidón de trigo (sin gluten), puré de tomate (19,1%), queso mozzarella (16,4%) (sin lactosa), agua, jamón cocido (10,9%) (jamón de cerdo, carne de cerdo, agua, sal, dextrosa, estabilizantes (fosfatos de sodio, carragenanos), aroma, pimienta, extracto de pimienta, antioxidante (ascorbato sódico), conservador (nitrito sódico)), aceite de girasol, dextrosa, harina de maíz, azúcar, sal, levadura, fibra vegetal (Plantago ovata), estabilizantes (goma guar, hidroxipropilmetilcelulosa, mono y diglicéridos de ácidos grasos), ajo, orégano."],"conservation":" Producto ultracongelado. Conservar a -18 °C","ean":"7613035371194"},{"full_name":"BUITONI Masa Fina pizza de 4 quesos estuche 300 g","name":"Masa Fina pizza de 4 quesos estuche 300 g","brand":"BUITONI ","img":"https://sgfm.elcorteingles.es/SGFM/01/95/8/0118950101958/0118950101958000g01011.jpg","price":"2,69 €","price_unit":"(8,97 € / Kilo)","categories":["Supermercado","Congelados","Pizzas y platos italianos","Pizzas, bases congeladas y baguettes","BUITONI Masa Fina pizza de 4 quesos estuche 300 g"],"general_information":["Denominación del alimento: Pizza 4 quesos. Comida preparada ultracongelada.","País de origen: Alemania","Nombre del operador: Nestlé España, S.A.","Dirección del operador: Edificio Nestlé 08950 Esplugues de Llobregat (Barcelona)","Cantidad Neta: 300 g","Otras menciones obligatorias en la etiqueta: No consumir sin hornear"],"ingredients":[" Harina de trigo, agua, tomate (12%), queso edam (8%), queso mozzarella (6%), queso emmental (6%), aceite de nabina, nata, queso fresco desnatado, sal, queso azul (0,8%), leche, azúcar, almidón modificado de maíz, especias y plantas aromáticas, harina de malta de trigo y cebada, dextrosa, harinas de avena y trigo, extracto de malta de cebada, estabilizante (goma guar), levadura, germen de trigo, masa madre en polvo (contiene trigo), extracto de especias. Puede contener frutos secos, pescado, crustáceos, soja, apio y mostaza."],"conservation":" Producto ultracongelado. Conservar a -18°C. Una vez descongelado no volver a congelar.","ean":"7613034718525"},{"full_name":"BUITONI Masa Fina pizza de jamón y queso estuche 320 g","name":"Masa Fina pizza de jamón y queso estuche 320 g","brand":"BUITONI ","img":"https://sgfm.elcorteingles.es/SGFM/01/94/1/0118950101941/0118950101941000g01011.jpg","price":"2,69 €","price_unit":"(8,41 € / Kilo)","categories":["Supermercado","Congelados","Pizzas y platos italianos","Pizzas, bases congeladas y baguettes","BUITONI Masa Fina pizza de jamón y queso estuche 320 g"],"general_information":["Denominación del alimento: Pizza de jamón cocido, queso y pimiento. Comida preparada ultracongelada.","País de origen: Alemania","Nombre del operador: Nestlé España, S.A.","Dirección del operador: NESTLÉ ESPAÑA S.A. Edificio Nestlé 08950 Esplugues de Llobregat (Barcelona)","Cantidad Neta: 320 g","Otras menciones obligatorias en la etiqueta: Producto ultracongelado. Una vez descongelado no volver a congelar. No consumir sin hornear."],"ingredients":[" Ingredientes: Harina de trigo, agua, queso mozzarella (15 %), tomate, jamón cocido (9%) (jamón, agua, sal, conservador: nitrito sódico, dextrosa, estabilizante: ácido cítrico, extractos de especias, antioxidante: ácido ascórbico, humo), aceite de nabina, pimiento (3%), sal, azúcar, almidón modificado de maíz, harina de malta de trigo y cebada,  dextrosa, harinas de avena y trigo tratadas térmicamente, extracto de malta de cebada, estabilizante: goma guar, especias y plantas aromáticas, levadura,  germen de trigo, masa madre en polvo (trigo), extractos de especias, ajo. Puede contener frutos secos, pescado, crustáceos, soja, apio y mostaza."],"conservation":" Conservar a - 18°C","ean":"7613034718501"},{"full_name":"BUITONI La Pizzeria pizza de aceitunas y tomates cherry estuche 365 g","name":"La Pizzeria pizza de aceitunas y tomates cherry estuche 365 g","brand":"BUITONI ","img":"https://sgfm.elcorteingles.es/SGFM/dctm/MEDIA03/201609/02/00118950102436____1__600x600.jpg","price":"3,65 €","price_unit":"(10 € / Kilo)","categories":["Supermercado","Congelados","Pizzas y platos italianos","Pizzas, bases congeladas y baguettes","BUITONI La Pizzeria pizza de aceitunas y tomates cherry estuche 365 g"],"general_information":["Denominación del alimento: Pizza de queso mozzarella, aceitunas y tomate cherry. Comida preparada ultracongelada.","Nombre del operador: Nestlé España, S.A.","Dirección del operador: Nestlé España, S.A., Edificio Nestlé, 08950 Esplugues de Llobregat (Barcelona)","Cantidad Neta: 365 g","Otras menciones obligatorias en la etiqueta: Producto ultracongelado. Una vez descongelado no volver a congelar. No consumir sin hornear."],"ingredients":[" Ingredientes: harina de trigo, tomate (19%), agua, queso mozzarella (14%) (leche, sal, fermentos lácticos, cuajo), tomate cherry (9%), aceituna verde y negra (6%), queso Pecorino (2%) (leche de oveja, sal, cuajo), aceite de girasol, sal, aceite de oliva (0,7%), aceite de oliva virgen extra, ajo, azúcar, levadura, orégano, perejil."],"conservation":" Producto ultracongelado. Conservar a -18°C. Una vez descongelado no volver a congelar.","ean":"8000300358391"},{"full_name":"BUITONI La Pizzeria pizza de champiñones estuche 365 g","name":"La Pizzeria pizza de champiñones estuche 365 g","brand":"BUITONI ","img":"https://sgfm.elcorteingles.es/SGFM/dctm/MEDIA03/201609/02/00118950102444____1__600x600.jpg","price":"3,65 €","price_unit":"(10 € / Kilo)","categories":["Supermercado","Congelados","Pizzas y platos italianos","Pizzas, bases congeladas y baguettes","BUITONI La Pizzeria pizza de champiñones estuche 365 g"],"general_information":["Denominación del alimento: Pizza de champiñones y queso mozzarella. Comida preparada ultracongelada.","Nombre del operador: Nestlé España, S.A.","Dirección del operador: Nestlé España, S.A., Edificio Nestlé, 08950 Esplugues de Llobregat (Barcelona)","Cantidad Neta: 365 g","Otras menciones obligatorias en la etiqueta: Producto ultracongelado. Una vez descongelado no volver a congelar. No consumir sin hornear."],"ingredients":[" Ingredientes: harina de trigo, agua, tomate (15%), champiñones (14%), queso mozzarella (13%) (leche, sal, fermentos lácticos, cuajo), ricota (2,8%) (suero de leche, nata, sal), aceite de girasol, sal, cebolla, ajo, harina de arroz, fibra vegetal, boletus (0,15%), albahaca, aroma natural, levadura, suero de leche en polvo, vino blanco."],"conservation":" Producto ultracongelado. Conservar a -18°C. Una vez descongelado no volver a congelar.","ean":"8000300358377"},{"full_name":"BUITONI La Pizzeria pizza de ricota de búfala y tomates cherry estuche 365 g","name":"La Pizzeria pizza de ricota de búfala y tomates cherry estuche 365 g","brand":"BUITONI ","img":"https://sgfm.elcorteingles.es/SGFM/dctm/MEDIA03/201609/02/00118950102428____1__600x600.jpg","price":"3,65 €","price_unit":"(10 € / Kilo)","categories":["Supermercado","Congelados","Pizzas y platos italianos","Pizzas, bases congeladas y baguettes","BUITONI La Pizzeria pizza de ricota de búfala y tomates cherry estuche 365 g"],"general_information":["Denominación del alimento: Pizza de queso mozzarella, ricota de búfala y tomate cherry. Comida preparada ultracongelada.","Nombre del operador: Nestlé España, S.A.","Dirección del operador: Nestlé España, Edificio Nestlé, 08950 Esplugues de Llobregat (Barcelona)","Cantidad Neta: 365 g","Otras menciones obligatorias en la etiqueta: Producto ultracongelado. Una vez descongelado no volver a congelar. No consumir sin hornear."],"ingredients":[" Ingredientes: harina de trigo, agua, tomate (17%), queso mozzarella (15%), tomate cherry (13%), ricota de búfala 5% (suero de leche de búfala, nata de búfala, sal), aceite de girasol, sal, aceite de oliva virgen extra, albahaca, perejil deshidratado, azúcar, orégano deshidratado, levadura, ajo, harina de arroz, fibra vegetal, suero de leche en polvo."],"conservation":" Producto ultracongelado. Conservar a -18°C. Una vez descongelado no volver a congelar.","ean":"8000300358414"},{"full_name":"BUITONI FORNO DI PIETRA pizza vegetal calabacín pimientos y aceitunas estuche 370 g","name":"pizza vegetal calabacín pimientos y aceitunas estuche 370 g","brand":"BUITONI FORNO DI PIETRA ","img":"https://sgfm.elcorteingles.es/SGFM/dctm/MEDIA03/201705/31/00118950101057____1__600x600.jpg","price":"3,19 €","price_unit":"(8,62 € / Kilo)","categories":["Supermercado","Congelados","Pizzas y platos italianos","Pizzas, bases congeladas y baguettes","BUITONI FORNO DI PIETRA pizza vegetal calabacín pimientos y aceitunas estuche 370 g"],"general_information":["Denominación del alimento: Pizza de pimiento, calabacín y cebolla asados. Comida preparada ultracongelada","País de origen: Alemania","Nombre del operador: Nestlé España, S.A.","Dirección del operador: Nestlé España, S.A. Edificio Nestlé 08950 Esplugues de Llobregat (Barcelona)","Cantidad Neta: 370 g","Otras menciones obligatorias en la etiqueta: Producto ultracongelado. Una vez descongelado no volver a congelar. No consumir sin hornear."],"ingredients":[" Ingredientes: Hortalizas (25%) en proporción variable [hortalizas asadas (pimiento, calabacín, cebolla), aceitunas, guindilla (guindilla, agua, vinagre de alcohol, sal, acidulante ácido cítrico)], harina de trigo, tomate (23%), queso mozzarella (13%), agua, aceite de nabina, leche en polvo, levadura, aceite de oliva virgen extra, margarina vegetal (grasa de palma y coco y aceite de nabina, agua, emulgente mono y diglicéridos de ácidos grasos, acidulante ácido cítrico), sal, azúcar, cebolla, especias y plantas aromáticas, ajo, emulgente lecitina de soja, dextrosa, vinagre balsámico blanco (vinagre de vino blanco, mosto de uva). Puede contener frutos secos, pescado, crustáceos, mostaza y apio."],"conservation":" Conservar a - 18°C","ean":"7613032392345"},{"full_name":"BUITONI FORNO DI PIETRA pizza de jamón y queso estuche 360 g","name":"pizza de jamón y queso estuche 360 g","brand":"BUITONI FORNO DI PIETRA ","img":"https://sgfm.elcorteingles.es/SGFM/dctm/MEDIA03/201705/31/00118950101032____1__600x600.jpg","price":"3,19 €","price_unit":"(8,86 € / Kilo)","categories":["Supermercado","Congelados","Pizzas y platos italianos","Pizzas, bases congeladas y baguettes","BUITONI FORNO DI PIETRA pizza de jamón y queso estuche 360 g"],"general_information":["Denominación del alimento: Pizza de queso y jamón cocido . Comida preparada ultracongelada","Nombre del operador: Nestlé España, S.A.","Dirección del operador: Av. Països Catalans, 25-51 -08950 Esplugues de llobregat (Barcelona)","Cantidad Neta: 360 g","Otras menciones obligatorias en la etiqueta: Producto ultracongelado. No consumir sin hornear."],"ingredients":[" Harina de trigo, tomate (21%), quesos (20%) (mozzarella, emmental), jamón cocido (11%) (jamón, agua, sal, conservador, nitrito sódico, dextrosa, estabilizantes (ácido cítrico, difosfatos), extractos de especias, antioxidante ácido ascórbico, humo), agua, aceite vegetal (nabina), crema de queso, leche, leche en polvo, levadura, nata, sal, azúcar, emulgente lecitina de soja, plantas aromáticas y especias, dextrosa, vinagre balsámico (vinagre de vino blanco, mosto de uva), almidón modificado de maíz, espesante goma xantana, acidulante ácido cítrico. Puede contener frutos secos, pescado, crustáceos, apio y mostaza."],"conservation":" Conservar a -18°C. Una vez descongelado no volver a congelar.","ean":"7613032372378"},{"full_name":"BUITONI FORNO DI PIETRA Tonno pizza con atún en aceite estuche 360 g","name":"Tonno pizza con atún en aceite estuche 360 g","brand":"BUITONI FORNO DI PIETRA ","img":"https://sgfm.elcorteingles.es/SGFM/dctm/MEDIA03/201705/31/00118950101149____2__600x600.jpg","price":"3,19 €","price_unit":"(8,86 € / Kilo)","categories":["Supermercado","Congelados","Pizzas y platos italianos","Pizzas, bases congeladas y baguettes","BUITONI FORNO DI PIETRA Tonno pizza con atún en aceite estuche 360 g"],"general_information":["Denominación del alimento: Pizza de atún. Comida preparada ultracongelada.","Nombre del operador: Nestlé España, S.A.","Dirección del operador: Avinguda Països Catalans, 51 - 08950 Esplugues de Llobregat (Barcelona)","Cantidad Neta: 360 g"],"ingredients":[" Harina de trigo, tomate, atún (15%) (atún, aceite de girasol, sal), quesos (15%) (edam (con colorante beta caroteno), mozzarella)), agua, aceite de nabina, cebolleta, leche en polvo, levadura, sal, margarina (grasa de palma y coco y aceite de nabina, agua, emulgente mono y diglicéridos de ácidos grasos, acidulante ácido cítrico), azúcar, aceite de oliva virgen extra, emulgente lecitina de soja, especias y plantas aromáticas, ajo, dextrosa, almidón modificado de maíz. Puede contener trazas de frutos secos, crustáceos, apio y mostaza."],"conservation":" Producto ultracongelado. Conservar a -18°C. Una vez descongelado no volver a congelar. No consumir sin hornear.","ean":"7613032372392"},{"full_name":"BUITONI FORNO DI PIETRA 4 Stagioni pizza de queso salami champiñones y jamón cocido estuche 355 g","name":"4 Stagioni pizza de queso salami champiñones y jamón cocido estuche 355 g","brand":"BUITONI FORNO DI PIETRA ","img":"https://sgfm.elcorteingles.es/SGFM/dctm/MEDIA03/201705/31/00118950102212____2__600x600.jpg","price":"3,19 €","price_unit":"(8,99 € / Kilo)","categories":["Supermercado","Congelados","Pizzas y platos italianos","Pizzas, bases congeladas y baguettes","BUITONI FORNO DI PIETRA 4 Stagioni pizza de queso salami champiñones y jamón cocido estuche 355 g"],"general_information":["Denominación del alimento: Pizza de queso, salami, champiñones y jamón cocido. Comida preparada ultracongelada","País de origen: Alemania","Nombre del operador: Nestlé España, S.A.","Dirección del operador: Edificio Nestlé 08950 Esplugues de Llobregat (Barcelona)","Cantidad Neta: 355 g","Otras menciones obligatorias en la etiqueta: Producto ultracongelado. Una vez descongelado no volver a congelar. No consumir sin hornear."],"ingredients":[" Ingredientes: harina de trigo, tomate (24,6%), queso edam (15,7%), salami (7,8%) [carne y tocino de cerdo, sal, conservador: nitrito sódico, especias (contiene mostaza), dextrosa, maltodextrina, extractos de especias, antioxidante: ácido ascórbico, humo], champiñones (7,0%), aceite de nabina, agua, jamón cocido (2,8%) (jamón de cerdo, sal, conservador: nitrito sódico, dextrosa, estabilizante: ácido cítrico, extractos de especias, antioxidante: ácido ascórbico, humo),  pepperoni (1,9%) [carne y tocino de cerdo, sal, conservador: nitrito sódico, especias (contiene mostaza), dextrosa, azúcar, extractos de especias, antioxidante: ácido ascórbico, humo],  levadura, leche en polvo, sal, azúcar, margarina vegetal (grasas de palma y coco, aceite de nabina, agua, emulgente: mono y diglicéridos de ácidos grasos, acidulante: ácido cítrico),  especias y plantas aromáticas,  ajo,  emulgente: lecitina de soja, dextrosa, espinacas.  Puede contener frutos secos, pescado, crustáceos y apio."],"conservation":" Conservar a -18°C","ean":"7613035409781"},{"full_name":"BUITONI FORNO DI PIETRA pizza 4 quesos con emmental mozzarella gorgonzola y queso curado estuche 350 g","name":"pizza 4 quesos con emmental mozzarella gorgonzola y queso curado estuche 350 g","brand":"BUITONI FORNO DI PIETRA ","img":"https://sgfm.elcorteingles.es/SGFM/dctm/MEDIA03/201705/31/00118950101040____2__600x600.jpg","price":"3,19 €","price_unit":"(9,11 € / Kilo)","categories":["Supermercado","Congelados","Pizzas y platos italianos","Pizzas, bases congeladas y baguettes","BUITONI FORNO DI PIETRA pizza 4 quesos con emmental mozzarella gorgonzola y queso curado estuche 350 g"],"general_information":["Denominación del alimento: Pizza 4 quesos. Comida preparada ultracongelada.","País de origen: Alemania","Nombre del operador: Nestlé España, S.A.","Dirección del operador: Edificio Nestlé 08950 Esplugues de Llobregat (Barcelona)","Cantidad Neta: 350 g","Otras menciones obligatorias en la etiqueta: No consumir sin hornear."],"ingredients":[" Harina de trigo,  tomate (22%), queso emmental (14%), queso mozzarella (12%), agua,  aceite de nabina, queso fresco desnatado, nata, queso curado  (2%), leche en polvo, levadura, queso azul (0,8%), sal, leche,  azúcar, especias y plantas aromáticas, emulgente (lecitina de soja),  dextrosa, almidón modificado de maíz. Puede contener frutos secos, pescado,  crustáceos, mostaza y apio."],"conservation":" Producto ultracongelado. Conservar a -18°C. Una vez descongelado no volver a congelar.","ean":"7613032372422"},{"full_name":"BUITONI FORNO DI PIETRA pizza caprese tomate cherry mozzarella y pesto estuche 350 g","name":"pizza caprese tomate cherry mozzarella y pesto estuche 350 g","brand":"BUITONI FORNO DI PIETRA ","img":"https://sgfm.elcorteingles.es/SGFM/dctm/MEDIA03/201705/31/00118950101164____2__600x600.jpg","price":"3,19 €","price_unit":"(9,11 € / Kilo)","categories":["Supermercado","Congelados","Pizzas y platos italianos","Pizzas, bases congeladas y baguettes","BUITONI FORNO DI PIETRA pizza caprese tomate cherry mozzarella y pesto estuche 350 g"],"general_information":["Denominación del alimento: Pizza de tomate cherry y queso. Comida preparada ultracongelada","País de origen: Alemania","Nombre del operador: Nestlé España, S.A.","Dirección del operador: Nestlé España, S.A. Edificio Nestlé 08950 Esplugues de Llobregat (Barcelona)","Cantidad Neta: 350 g","Otras menciones obligatorias en la etiqueta: Producto ultracongelado. Una vez descongelado no volver a congelar. No consumir sin hornear."],"ingredients":[" Ingredientes: Harina de trigo, tomate, queso mozzarella (24,2%), tomate cherry (8,5%), aceite de nabina, agua, leche en polvo, levadura, azúcar, sal, especias y plantas aromáticas (albahaca 0,4%, cebolla, pimienta, ajo, pimentón, guindilla, pimienta de Cayena, orégano, tomillo, romero, perejil, cebollino), margarina vegetal (grasa de palma y coco y aceite de nabina, agua, emulgente mono y diglicéridos de ácidos grasos, acidulante ácido cítrico), vinagre balsámico blanco (vinagre de vino blanco, mosto de uva), ajo, almidón modificado de maíz, emulgente lecitina de soja, dextrosa, espinaca, fibra de trigo, estabilizante goma garrofín. Puede contener frutos secos, pescado, crustáceos, mostaza y apio."],"conservation":" Conservar a - 18°C","ean":"7613032372460"},{"full_name":"BUITONI FORNO DI PIETRA pizza de pollo con mozzarella y vegetales estuche 350 g","name":"pizza de pollo con mozzarella y vegetales estuche 350 g","brand":"BUITONI FORNO DI PIETRA ","img":"https://sgfm.elcorteingles.es/SGFM/dctm/MEDIA03/201705/31/00118950101891____1__600x600.jpg","price":"3,19 €","price_unit":"(9,11 € / Kilo)","categories":["Supermercado","Congelados","Pizzas y platos italianos","Pizzas, bases congeladas y baguettes","BUITONI FORNO DI PIETRA pizza de pollo con mozzarella y vegetales estuche 350 g"],"general_information":["Denominación del alimento: Pizza de Queso Mozzarella y Pechuga de Pollo. Comida preparada ultracongelada.","Nombre del operador: Nestlé España, S.A.","Dirección del operador: Av. Països Catalans 25-51, 08950 Esplugues de Llobregat (Barcelona)","Cantidad Neta: 350 g","Número de raciones por envase: 1","Otras menciones obligatorias en la etiqueta: Producto ultracongelado. No consumir sin hornear."],"ingredients":[" Harina de trigo, tomate (19%), queso mozarella (14%), pechuga de pollo cocida (11%) (pechuga de pollo, especias y plantas aromáticas, sal yodada, aceite de nabina, maltodextrina, dextrosa, jarabe de glucosa, azúcar, extractos de especias), ketchup [tomate, vinagre de alcohol, azúcar, sal, extractos de especias (contiene apio), extractos de plantas aromáticas, especias], agua, guindillas (4%) (guindillas, agua, vinagre de alcohol, sal, estabilizantes: ácido cítrico y cloruro cálcico), aceite de nabina, cebolla (2.8%), leche en polvo, levadura, cebolleta, sal, azúcar, emulgente (lecitina de soja) especias y plantas aromáticas, dextrosa. Puede contener trazas de frutos secos, pescado, crustáceos y mostaza."],"conservation":" Conservar a -18°C. Una vez descongelado no volver a congelar.","ean":"7613034471109"},{"full_name":"BUITONI FORNO DI PIETRA Proscuitto e Funghi pizza de jamón y champiñones estuche 350 g","name":"Proscuitto e Funghi pizza de jamón y champiñones estuche 350 g","brand":"BUITONI FORNO DI PIETRA ","img":"https://sgfm.elcorteingles.es/SGFM/dctm/MEDIA03/201705/31/00118950102147____2__600x600.jpg","price":"3,19 €","price_unit":"(9,11 € / Kilo)","categories":["Supermercado","Congelados","Pizzas y platos italianos","Pizzas, bases congeladas y baguettes","BUITONI FORNO DI PIETRA Proscuitto e Funghi pizza de jamón y champiñones estuche 350 g"],"general_information":["Denominación del alimento: Pizza de  jamón y champiñones . Comida preparada ultracongelada.","País de origen: Alemania","Nombre del operador: Nestlé España, S.A.","Dirección del operador: Av. Països Catalans, 25-51 -08950 Esplugues de llobregat (Barcelona)","Cantidad Neta: 350 g"],"ingredients":[" Harina de trigo, tomate (23%), queso (15%) (mozzarella, edam), jamón cocido (12%), (jamón, sal, conservador nitrito sódico, dextrosa, estabilizante ácido cítrico, extracto de especias, antioxidante ácido ascórbico, humo), agua, champiñones (4%), aceite de nabina, levadura, leche en polvo, aceite de oliva virgen extra, sal, margarina vegetal (grasa de palma y coco y aceite de  nabina, agua, emulgente mono y diglicéridos de ácidos grasos, acidulante ácido cítrico), azúcar, ajo, especias y plantas aromáticas, emulgente (lecitina de soja), dextrosa, almidón modificado de maíz, fibra de trigo, estabilizante (goma garrofín). Puede contener trazas de frutos secos, pescado, crustáceos, mostaza y apio."],"conservation":" Conservar a -18°C. Una vez descongelado no volver a congelar.","ean":"7613035064645"},{"full_name":"BUITONI FORNO DI PIETRA Barbacoa pizza con carne bacon y salsa barbacoa estuche 325 g","name":"Barbacoa pizza con carne bacon y salsa barbacoa estuche 325 g","brand":"BUITONI FORNO DI PIETRA ","img":"https://sgfm.elcorteingles.es/SGFM/dctm/MEDIA03/201705/31/00118950101982____1__600x600.jpg","price":"3,19 €","price_unit":"(9,82 € / Kilo)","categories":["Supermercado","Congelados","Pizzas y platos italianos","Pizzas, bases congeladas y baguettes","BUITONI FORNO DI PIETRA Barbacoa pizza con carne bacon y salsa barbacoa estuche 325 g"],"general_information":["Denominación del alimento: Pizza barbacoa. Comida preparada ultracongelada.","País de origen: Alemania","Nombre del operador: Nestlé España, S.A.","Dirección del operador: Avinguda Països Catalans, 51 - 08950 Esplugues de Llobregat (Barcelona)","Cantidad Neta: 325 g"],"ingredients":[" Harina de trigo, tomate, quesos (15%) (mozzarella, edam (con colorante beta-caroteno)), carne de vacuno cocida (12%) (carne de vacuno, extractos de especias), agua, beicon (4%) (panceta de cerdo, sal, conservador: nitrito sódico, dextrosa, azúcar, especias, extractos de especias, antioxidante: ácido ascórbico, humo), aceite de nabina, azúcar, leche en polvo, levadura, sal, vinagre de alcohol, plantas aromáticas y especias (mostaza), emulgente: lecitina de soja, almidón modificado de maíz, dextrosa, espesante: goma xantana, extracto de malta de cebada, extractos de especias, humo, corrector de acidez: ácido acético, caramelo en polvo. Puede contener trazas de frutos secos, pescado, crustáceos y apio."],"conservation":" Conservar a -18°C","ean":"7613034729040"},{"full_name":"BUITONI FORNO DI PIETRA Delizia pizza de queso emmental puerros y crema de leche estuche 320 g","name":"Delizia pizza de queso emmental puerros y crema de leche estuche 320 g","brand":"BUITONI FORNO DI PIETRA ","img":"https://sgfm.elcorteingles.es/SGFM/dctm/MEDIA03/201705/31/00118950101883____1__600x600.jpg","price":"3,19 €","price_unit":"(9,97 € / Kilo)","categories":["Supermercado","Congelados","Pizzas y platos italianos","Pizzas, bases congeladas y baguettes","BUITONI FORNO DI PIETRA Delizia pizza de queso emmental puerros y crema de leche estuche 320 g"],"general_information":["Denominación del alimento: Pizza de Queso y Puerros. Comida preparada ultracongelada","Nombre del operador: Nestlé España, S.A.","Dirección del operador: Av. Països Catalans 25-51, 08950 Esplugues de Llobregat (Barcelona)","Cantidad Neta: 320 g","Número de raciones por envase: 1","Otras menciones obligatorias en la etiqueta: Producto ultracongelado. No consumir sin hornear."],"ingredients":[" Harina de trigo, nata (26%), quesos (18%) (emmental, queso madurado), agua, puerro (4%), cebolla, aceite de nabina, leche en polvo, levadura, sal, ajo, emulgente lecitina  de soja, azúcar, especias y plantas arómaticas, dextrosa, almidón modificado de maíz. Puede contener trazas de frutos secos, pescado, crustáceos, mostaza y apio."],"conservation":" Conservar a -18°C. Una vez descongelado no volver a congelar.","ean":"7613034470423"},{"full_name":"BUITONI FORNO DI PIETRA Carbonara pizza con bacon cebolla y crema de leche estuche 300 g","name":"Carbonara pizza con bacon cebolla y crema de leche estuche 300 g","brand":"BUITONI FORNO DI PIETRA ","img":"https://sgfm.elcorteingles.es/SGFM/dctm/MEDIA03/201705/31/00118950101875____2__600x600.jpg","price":"3,19 €","price_unit":"(10,63 € / Kilo)","categories":["Supermercado","Congelados","Pizzas y platos italianos","Pizzas, bases congeladas y baguettes","BUITONI FORNO DI PIETRA Carbonara pizza con bacon cebolla y crema de leche estuche 300 g"],"general_information":["Denominación del alimento: Pizza Carbonara. Comida preparada ultracongelada","Nombre del operador: Nestlé España, S.A.","Dirección del operador: Av. Països Catalans 25-51, 08950 Esplugues de Llobregat (Barcelona)","Cantidad Neta: 300 g","Número de raciones por envase: 1","Otras menciones obligatorias en la etiqueta: Producto ultracongelado. No consumir sin hornear."],"ingredients":[" Harina de trigo, nata (28%), cebolla (13%), bacon (10%) (panceta de cerdo, sal, conservador: nitrito sódico, dextrosa, maltodextrina, extractos de especias, antioxidante: ácido ascórbico, humo natural), jamón cocido (6%) (jamón de cerdo, sal, especias, jarabe de glucosa, conservadores: nitrito sódico y nitrito potásico, humo natural), agua, aceite de nabina, leche en polvo, levadura, sal, especias y plantas aromáticas, emulgente: lecitina de soja, azúcar, dextrosa. Puede contener trazas de frutos secos, pescado, crustáceos, mostaza y apio."],"conservation":" Conservar a -18°C. Una vez descongelado no volver a congelar.","ean":"7613034471758"},{"full_name":"BUITONI AMERICAN STYLE Pollo BBQ pizza tradicional italiana al puro estilo americano sabor pollo barbacoa caja 425 g","name":"Pollo BBQ pizza tradicional italiana al puro estilo americano sabor pollo barbacoa caja 425 g","brand":"BUITONI AMERICAN STYLE ","img":"https://sgfm.elcorteingles.es/SGFM/dctm/MEDIA03/201705/30/00118950102584____6__600x600.jpg","price":"3,65 €","price_unit":"(8,59 € / Kilo)","categories":["Supermercado","Congelados","Pizzas y platos italianos","Pizzas, bases congeladas y baguettes","BUITONI AMERICAN STYLE Pollo BBQ pizza tradicional italiana al puro estilo americano sabor pollo barbacoa caja 425 g"],"general_information":["Denominación del alimento: Pizza de pollo y salsa barbacoa. Comida preparada ultracongelada.","País de origen: Alemania","Nombre del operador: Nestlé España, S.A.","Dirección del operador: Nestlé España, S.A. Edificio Nestlé. 08950 Esplugues de Llobregat (Barcelona)","Cantidad Neta: 425 g","Otras menciones obligatorias en la etiqueta: No consumir sin hornear"],"ingredients":[" Harina de trigo, tomate (16%), queso mozzarella (12%), pechuga de pollo cocida (9%) [pechuga de pollo (8,4%), aceite de nabina, sal, ajo, especias y plantas aromáticas, dextrosa], agua, pimiento asado (7%), aceite de nabina, salsa barbacoa (2,5%) (agua, tomate, azúcar, vinagre de alcohol, sal, almidón modificado de maíz, especias, extracto de malta, extracto de cebolla, espesante: goma xantana, humo), cebolleta, levadura, sal, azúcar, almidón de trigo, masa madre de trigo, especias y plantas aromáticas (contiene mostaza), dextrosa, almidón modificado de maíz, vinagre blanco balsámico (vinagre de vino blanco, mosto de uva). Puede contener frutos secos, pescado, crustáceos, soja y apio."],"conservation":" Producto ultracongelado. Conservar a -18°C. Una vez descongelado no volver a congelar.","ean":"7613035931046"},{"full_name":"BUITONI AMERICAN STYLE Spinaci pizza tradicional italiana al puro estilo americano sabor espinacas y queso caja 430 g","name":"Spinaci pizza tradicional italiana al puro estilo americano sabor espinacas y queso caja 430 g","brand":"BUITONI AMERICAN STYLE ","img":"https://sgfm.elcorteingles.es/SGFM/dctm/MEDIA03/201705/30/00118950102592____1__600x600.jpg","price":"3,65 €","price_unit":"(8,49 € / Kilo)","categories":["Supermercado","Congelados","Pizzas y platos italianos","Pizzas, bases congeladas y baguettes","BUITONI AMERICAN STYLE Spinaci pizza tradicional italiana al puro estilo americano sabor espinacas y queso caja 430 g"],"general_information":["Denominación del alimento: Pizza de queso y espinacas. Comida preparada ultracongelada","País de origen: Alemania","Nombre del operador: Nestlé España, S.A.","Dirección del operador: Nestlé España, S.A. Edificio Nestlé. 08950 Esplugues de Llobregat (Barcelona)","Cantidad Neta: 430 g","Otras menciones obligatorias en la etiqueta: No consumir sin hornear"],"ingredients":[" Harina de trigo, espinacas (14%), queso extragraso (12%), leche, quesos (10%) (edam, emmental), agua, aceite de nabina, cebolla, levadura, sal, almidón modificado de maíz, almidón de trigo, masa madre de trigo, ajo, aceite de oliva virgen extra, dextrosa, especias, espesante: goma xantana. Puede contener frutos secos, pescado, crustáceos, soja, mostaza y apio."],"conservation":" Producto ultracongelado. Conservar a -18°C. Una vez descongelado no volver a congelar.","ean":"7613035931015"},{"full_name":"BUITONI AMERICAN STYLE Western pizza tradicional italiana al puro estilo americano sabor salami maiz y alubias caja 430 g","name":"Western pizza tradicional italiana al puro estilo americano sabor salami maiz y alubias caja 430 g","brand":"BUITONI AMERICAN STYLE ","img":"https://sgfm.elcorteingles.es/SGFM/dctm/MEDIA03/201705/30/00118950102600____1__600x600.jpg","price":"3,65 €","price_unit":"(8,49 € / Kilo)","categories":["Supermercado","Congelados","Pizzas y platos italianos","Pizzas, bases congeladas y baguettes","BUITONI AMERICAN STYLE Western pizza tradicional italiana al puro estilo americano sabor salami maiz y alubias caja 430 g"],"general_information":["Denominación del alimento: Pizza de queso mozzarella, hortalizas y carne cocida. Comida preparada ultracongelada","País de origen: Alemania","Nombre del operador: Nestlé España, S.A.","Dirección del operador: Nestlé España, S.A. Edificio Nestlé. 08950 Esplugues de Llobregat (Barcelona)","Cantidad Neta: 430 g","Otras menciones obligatorias en la etiqueta: No consumir sin hornear"],"ingredients":[" Harina de trigo, tomate (16%), queso mozzarella (13%), hortalizas (10%) [alubias rojas (alubias rojas, agua, azúcar, sal, vinagre de alcohol), maíz, en proporciones variables], agua, carne de cerdo cocida ahumada (carne de cerdo, sal, conservador: nitrito sódico, dextrosa, azúcar, extractos de especias, antioxidante: ácido ascórbico, humo), aceite de nabina, salsa barbacoa (agua, tomate, azúcar, vinagre de alcohol, sal, almidón modificado, especias, extracto de malta, extracto de cebolla, espesante: goma xantana, humo), pepperoni (2%) (carne y tocino de cerdo, sal, conservador: nitrito sódico, especias (contiene mostaza), dextrosa, azúcar, extractos de especias, antioxidante: ácido ascórbico, humo), cebolla tostada (cebolla, aceite de girasol), levadura, sal, azúcar, almidón de trigo, masa madre de trigo, especias y plantas aromáticas (contiene mostaza), dextrosa, caramelo en polvo, humo. Puede contener frutos secos, pescado, crustáceos, soja y apio."],"conservation":" Producto ultracongelado. Conservar a -18°C. Una vez descongelado no volver a congelar.","ean":"7613035931077"},{"full_name":"BUITONI MICRO Prosciutto pizza de jamón y queso especial microondas estuche 315 g","name":"Prosciutto pizza de jamón y queso especial microondas estuche 315 g","brand":"BUITONI MICRO ","img":"https://sgfm.elcorteingles.es/SGFM/dctm/MEDIA03/201603/11/00118950101990____1__600x600.jpg","price":"3,15 €","price_unit":"(10 € / Kilo)","categories":["Supermercado","Congelados","Pizzas y platos italianos","Pizzas, bases congeladas y baguettes","BUITONI MICRO Prosciutto pizza de jamón y queso especial microondas estuche 315 g"],"general_information":["Denominación del alimento: Pizza de jamón y queso. Comida preparada ultracongelada.","País de origen: Alemania","Nombre del operador: Nestlé España, S.A.","Dirección del operador: Edificio Nestlé 08950 Esplugues de Llobregat (Barcelona)","Cantidad Neta: 315 g","Otras menciones obligatorias en la etiqueta: Producto ultracongelado. Una vez descongelado no volver a congelar. No consumir sin calentar."],"ingredients":[" Ingredientes: Harina de trigo, agua, queso Edam (15,8%), jamón cocido (12,7%) (jamón de cerdo, agua, sal, conservador: nitrito sódico, dextrosa, estabilizante: ácido cítrico, extractos de especias, estabilizante: difosfatos, antioxidante: ácido ascórbico, humo), tomate, aceite de nabina, masa madre (agua, harinas de trigo y centeno, fermentos lácticos), levadura, sal, almidón modificado de maíz, azúcar, estabilizante: goma guar, especias y plantas aromáticas, dextrosa, aceite de oliva virgen extra, harina de malta de cebada, jarabe de glucosa, extractos de especias, proteínas de leche. Puede contener frutos secos, pescado, crustáceos, soja, mostaza y apio."],"conservation":" Conservar a - 18°C","ean":"8410100032399"},{"full_name":"BUITONI MICRO Formaggi pizza 4 quesos con edam emmental mozzarela y gorgonzola especial microondas estuche 310 g","name":"Formaggi pizza 4 quesos con edam emmental mozzarela y gorgonzola especial microondas estuche 310 g","brand":"BUITONI MICRO ","img":"https://sgfm.elcorteingles.es/SGFM//02/02/2/0118950102022/0118950102022000g01011.jpg","price":"3,15 €","price_unit":"(10,16 € / Kilo)","categories":["Supermercado","Congelados","Pizzas y platos italianos","Pizzas, bases congeladas y baguettes","BUITONI MICRO Formaggi pizza 4 quesos con edam emmental mozzarela y gorgonzola especial microondas estuche 310 g"],"general_information":["Denominación del alimento: Pizza de cuatro quesos. Comida preparada ultracongelada.","País de origen: Alemania","Nombre del operador: Nestlé España, S.A","Dirección del operador: Avinguda Països Catalans, 51 - 08950 Esplugues de Llobregat (Barcelona)","Cantidad Neta: 310 g"],"ingredients":[" Harina de trigo, agua, quesos (21%) (Edam (con colorante beta-caroteno), gorgonzola, mozzarella, emmental), tomate (10%), aceite vegetal (nabina), masa madre (agua, harina de trigo, harina de centeno, fermentos lácticos), levadura, sal, estabilizador (goma guar), almidón modificado, azúcar, dextrosa ,aceite de oliva virgen extra, harina de malta de cebada, especias y plantas aromáticas, jarabe de glucosa, extracto de especias, proteínas de leche. Puede contener trazas de huevo, pescado, soja, frutos secos, mostaza y apio."],"conservation":" Conservar a -18°C, una vez descongelado no volver a congelar.","ean":"7613032373825"},{"full_name":"BUITONI PICCOLINIS mini pizzas 3 quesos 9 unidades estuche 270 g","name":"mini pizzas 3 quesos 9 unidades estuche 270 g","brand":"BUITONI PICCOLINIS ","img":"https://sgfm.elcorteingles.es/SGFM/00/53/9/0118950100539/0118950100539000g01011.jpg","price":"2,95 €","price_unit":"(10,93 € / Kilo)","categories":["Supermercado","Congelados","Pizzas y platos italianos","Pizzas, bases congeladas y baguettes","BUITONI PICCOLINIS mini pizzas 3 quesos 9 unidades estuche 270 g"],"general_information":["Denominación del alimento: Minipizza de queso. Comida preparada ultracongelada.","País de origen: Alemania","Nombre del operador: Nestlé España, S.A.","Dirección del operador: Avinguda Països Catalans, 51 - 08950 Esplugues de Llobregat (Barcelona)","Lugar de procedencia del alimento: Fabricado en Alemania","Cantidad Neta: 270 g","Número de raciones por envase: 3"],"ingredients":[" Harina de trigo, queso (25%) ( mozzarella, emmental, queso curado),  agua, nata (11%), nata ácida (7%),  aceite de nabina, leche en polvo, levadura, sal, emulgente (lecitina de soja), especias y plantas aromáticas, azúcar, almidón modificado de maíz, dextrosa, ajo.  Puede contener trazas de frutos secos, pescado,  crustáceos, apio y mostaza."],"conservation":" Conservar a -18°C. Una vez descongelado no volver a congelar. No consumir sin hornear.","ean":"8410100051147"},{"full_name":"BUITONI PICCOLINIS mini pizzas capricciosa jamón y queso 9 unidades estuche 270 g","name":"mini pizzas capricciosa jamón y queso 9 unidades estuche 270 g","brand":"BUITONI PICCOLINIS ","img":"https://sgfm.elcorteingles.es/SGFM/00/52/1/0118950100521/0118950100521000g01011.jpg","price":"2,95 €","price_unit":"(10,93 € / Kilo)","categories":["Supermercado","Congelados","Pizzas y platos italianos","Pizzas, bases congeladas y baguettes","BUITONI PICCOLINIS mini pizzas capricciosa jamón y queso 9 unidades estuche 270 g"],"general_information":["Denominación del alimento: Minipizza de jamón cocido y queso. Comida preparada ultracongelada.","País de origen: Alemania","Nombre del operador: Nestlé España, S.A.","Dirección del operador: Avinguda Països Catalans, 51 - 08950 Esplugues de Llobregat (Barcelona)","Lugar de procedencia del alimento: Fabricado en Alemania.","Cantidad Neta: 270 g","Número de raciones por envase: 3"],"ingredients":[" Harina de trigo, tomate (22%), queso Edam (20%), jamón cocido (13%) [jamón, sal, conservador nitrito sódico, dextrosa, estabilizante ácido cítrico, extracto de especias, antioxidante ácido ascórbico, humo natural], agua, aceite de nabina, leche en polvo, levadura, sal, azúcar, emulgente (lecitina de soja), especias y plantas aromáticas, dextrosa. Puede contener trazas de frutos secos, pescado, crustáceos, apio y mostaza"],"conservation":" Conservar a -18°C. Una vez descongelado no volver a congelar. No consumir sin hornear.","ean":"8410100050829"},{"full_name":"BUITONI PICCOLINIS mini pizzas de atún 9 unidades estuche 270 g","name":"mini pizzas de atún 9 unidades estuche 270 g","brand":"BUITONI PICCOLINIS ","img":"https://sgfm.elcorteingles.es/SGFM/00/68/7/0118950100687/0118950100687000g01011.jpg","price":"2,95 €","price_unit":"(10,93 € / Kilo)","categories":["Supermercado","Congelados","Pizzas y platos italianos","Pizzas, bases congeladas y baguettes","BUITONI PICCOLINIS mini pizzas de atún 9 unidades estuche 270 g"],"general_information":["Denominación del alimento: Minipizza de atún. Comida preparada ultracongelada","País de origen: Alemania","Nombre del operador: NESTLE ESPAÑA, S.A.","Dirección del operador: Av. Països Catalans, 25-51, 08950 Esplugues de Llobregat (Barcelona)","Lugar de procedencia del alimento: Fabricado en Alemania","Cantidad Neta: 270 g","Número de raciones por envase: 3"],"ingredients":[" Harina    de trigo, tomate (19%), atún (16%) (atún, aceite de girasol, sal), queso edam    (13%), agua, aceite de nabina, cebolleta (2%), leche en polvo, levadura, sal,    azúcar, emulgente (lecitina de soja), especias y plantas aromáticas,    dextrosa. Puede contener trazas de frutos secos, crustáceos, apio y mostaza"],"conservation":" Conservar a -18ºC. Una vez descongelado no volver a congelar. No consumir sin hornear","ean":"7613031464319"},{"full_name":"BUITONI PICCOLINIS mini pizzas de frankfurt y queso 9 unidades estuche 270 g","name":"mini pizzas de frankfurt y queso 9 unidades estuche 270 g","brand":"BUITONI PICCOLINIS ","img":"https://sgfm.elcorteingles.es/SGFM/01/31/3/0118950101313/0118950101313000g01011.jpg","price":"2,95 €","price_unit":"(10,93 € / Kilo)","categories":["Supermercado","Congelados","Pizzas y platos italianos","Pizzas, bases congeladas y baguettes","BUITONI PICCOLINIS mini pizzas de frankfurt y queso 9 unidades estuche 270 g"],"general_information":["Denominación del alimento: Minipizza de salchicha y queso. Comida preparada ultracongelada.","País de origen: Alemania","Nombre del operador: Nestlé España, S.A.","Dirección del operador: Av. Països Catalans, 25-51 -08950 Esplugues de llobregat (Barcelona)","Cantidad Neta: 270 g"],"ingredients":[" Harina de trigo, tomate (19%), queso edam (13%) (con colorante beta-caroteno), salchicha (13%) (cerdo, agua, sal, conservador nitrito sódico, especias (contiene mostaza), dextrosa, estabilizante, ácido cítrico, extractos de especias, antioxidante, ácido ascórbico, humo), agua, aceite de nabina, leche en polvo, levadura, sal, azúcar, emulgente (lecitina de soja), especias y plantas aromáticas, dextrosa. Puede contener trazas de frutos secos, pescado, crustáceos y apio."],"conservation":" Conservar a -18°C. Una vez descongelado no volver a congelar.","ean":"7613033199172"},{"full_name":"BUITONI PICCOLINIS mini pizzas a la boloñesa 9 unidades estuche 270 g","name":"mini pizzas a la boloñesa 9 unidades estuche 270 g","brand":"BUITONI PICCOLINIS ","img":"https://sgfm.elcorteingles.es/SGFM/dctm/MEDIA02/CONTENIDOS/201503/17/00201150102414____1__600x600.jpg","price":"2,95 €","price_unit":"(10,93 € / Kilo)","categories":["Supermercado","Congelados","Pizzas y platos italianos","Pizzas, bases congeladas y baguettes","BUITONI PICCOLINIS mini pizzas a la boloñesa 9 unidades estuche 270 g"],"general_information":["Denominación del alimento: Minipizza de queso mozzarella, tomate, carne de vacuno y cebolla. Comida preparada ultracongelada","País de origen: Alemania","Nombre del operador: NESTLÉ ESPAÑA, S.A.","Dirección del operador: Av. Països Catalans, 25-51, 08950 Esplugues de Llobregat (Barcelona)","Lugar de procedencia del alimento: Farbicado en Alemania.","Cantidad Neta: 270 g","Número de raciones por envase: 3"],"ingredients":[" Ingredientes: harina de trigo, agua, queso mozzarella (16%), carne de vacuno picada cocida (10%) (carne de vacuno, extracto de especias),  tomate (5%), aceite de nabina, puré de tomate, cebolla (1%), leche en polvo, levadura, sal, ajo, concentrado de vino tinto, emulgente (lecitina de soja), aroma, extracto de champiñones, azúcar, especias y plantas aromáticas, dextrosa, almidón modificado de maíz, antioxidante (alfa-tocoferol). Puede contener trazas de frutos secos, pescado, crustáceos, apio y mostaza"],"conservation":" Conservar a -18ºC. Una vez descongelado no volver a cogelar. No consumir sin hornear.","ean":"7613033674129"},{"full_name":"DR. OETKER CASA DI MAMA Tonno pizza de atún y cebolla estuche 420 g","name":"Tonno pizza de atún y cebolla estuche 420 g","brand":"DR. OETKER CASA DI MAMA ","img":"https://sgfm.elcorteingles.es/SGFM/dctm/MEDIA02/CONTENIDOS/201511/16/00118950101156____1__600x600.jpg","price":"3,75 €","price_unit":"(8,93 € / Kilo)","categories":["Supermercado","Congelados","Pizzas y platos italianos","Pizzas, bases congeladas y baguettes","DR. OETKER CASA DI MAMA Tonno pizza de atún y cebolla estuche 420 g"],"general_information":["Denominación del alimento: Pizza tomate, atún y cebolla.","Nombre del operador: Dr. Oetker Ibérica S.A.","Dirección del operador: Avda. Diagonal 601, 3ª - 08028","Cantidad Neta: 435 g"],"ingredients":[" Harina de trigo, 20% tomates tamizados, agua, 10% atún, 10% queso (mozzarella, edam), 7.8% cebollas, levadura, manteca de palma, sal, azúcar, aceite refinado de soja, alcaparras encurtidas (alcaparras, vinagre de alcohol, sal), acidulantes (fosfatos de calcio, citratos de calcio), extracto de malta de cebada, emulgente ésteres monoacetil y diacetil tartáricos de monoglicéridos y diglicéridos de ácidos grasos, gasificante carbonato ácido de sodio, orégano, espesante goma guar, almidón modificado, ajo, pimienta negra, perejil, hidrolizado de proteína vegetal, maltodextrina, aceite refinado de nabina, caramelo."],"conservation":" Congelador *** (-18°C). No congelar de nuevo tras la descongelación.","ean":"4001724015727"},{"full_name":"DR. OETKER CASA DI MAMA Prosciutto Funghi pizza con jamón y champiñones estuche 405 g","name":"Prosciutto Funghi pizza con jamón y champiñones estuche 405 g","brand":"DR. OETKER CASA DI MAMA ","img":"https://sgfm.elcorteingles.es/SGFM/dctm/MEDIA02/CONTENIDOS/201511/16/00118950101008____1__600x600.jpg","price":"3,75 €","price_unit":"(9,26 € / Kilo)","categories":["Supermercado","Congelados","Pizzas y platos italianos","Pizzas, bases congeladas y baguettes","DR. OETKER CASA DI MAMA Prosciutto Funghi pizza con jamón y champiñones estuche 405 g"],"general_information":["Denominación del alimento: Pizza tomate, jamón cocido sabor ahumado y champiñones.","Nombre del operador: Dr. Oetker Ibérica S.A.","Dirección del operador: Avda. Diagonal 601, 3ª - 08028","Cantidad Neta: 405 g"],"ingredients":[" Harina de trigo, 20% tomates tamizados, agua, 9.6% queso (mozzarella, edam), 7.2% jamón cocido sabor ahumado (carne de cerdo, agua, sal, dextrosa, estabilizantes (di- y trifosfatos, nitrito sódico), aroma, aroma de humo), 7.2% champiñones, levadura, manteca de palma, azúcar, sal, aceite de oliva virgen extra, acidulantes (fosfatos de calcio, citratos de calcio), extracto de malta de cebada, albahaca, emulgente ésteres monoacetil y diacetil tartáricos de monoglicéridos y diglicéridos de ácidos grasos, gasificante carbonato ácido de sodio, espesante goma guar, almidón modificado, especias, orégano, ajo, hierbas provenzales, dextrosa."],"conservation":" Congelador *** (-18°C). No congelar de nuevo tras la descongelación.","ean":"4001724015604"},{"full_name":"DR. OETKER CASA DI MAMA Quattro Formaggi pizza 4 quesos mozzarella edam emmental y azul envase 410 g","name":"Quattro Formaggi pizza 4 quesos mozzarella edam emmental y azul envase 410 g","brand":"DR. OETKER CASA DI MAMA ","img":"https://sgfm.elcorteingles.es/SGFM/dctm/MEDIA02/CONTENIDOS/201511/16/00118950101016____1__600x600.jpg","price":"3,75 €","price_unit":"(9,15 € / Kilo)","categories":["Supermercado","Congelados","Pizzas y platos italianos","Pizzas, bases congeladas y baguettes","DR. OETKER CASA DI MAMA Quattro Formaggi pizza 4 quesos mozzarella edam emmental y azul envase 410 g"],"general_information":["Denominación del alimento: Pizza queso Edam, queso Mozzarella, queso Emmental y queso azul.","Nombre del operador: Dr. Oetker Ibérica S.A.","Dirección del operador: Avda. Diagonal 601, 3ª - 08028","Cantidad Neta: 410 g"],"ingredients":[" Harina de trigo, 20% tomates tamizados, agua, 7.5% queso edam, 7.5% queso mozzarella, nata para montar, 2.8% queso emmental, levadura, manteca de palma, azúcar, sal, 0.6% queso azul, albahaca, aceite refinado de nabina, acidulantes (fosfatos de calcio, citratos de calcio), almidón modificado, extracto de malta de cebada, emulgente ésteres monoacetil y diacetil tartáricos de monoglicéridos y diglicéridos de ácidos grasos, gasificante carbonato ácido de sodio, espesante goma guar, hidrolizado de proteína vegetal, maltodextrina, caramelo."],"conservation":" Congelador *** (-18°C). No congelar de nuevo tras la descongelación.","ean":"4001724015635"},{"full_name":"DR. OETKER CASA DI MAMA Bolognese pizza con carne de ternera y salsa boloñesa estuche 420 g","name":"Bolognese pizza con carne de ternera y salsa boloñesa estuche 420 g","brand":"DR. OETKER CASA DI MAMA ","img":"https://sgfm.elcorteingles.es/SGFM/dctm/MEDIA02/CONTENIDOS/201511/16/00118950101180____1__600x600.jpg","price":"3,75 €","price_unit":"(8,93 € / Kilo)","categories":["Supermercado","Congelados","Pizzas y platos italianos","Pizzas, bases congeladas y baguettes","DR. OETKER CASA DI MAMA Bolognese pizza con carne de ternera y salsa boloñesa estuche 420 g"],"general_information":["Denominación del alimento: Pizza tomate, ternera adobada, zanahorias y cebollas rojas.","Nombre del operador: Dr. Oetker Ibérica S.A.","Dirección del operador: Avda. Diagonal 601, 3ª - 08028","Cantidad Neta: 420 g"],"ingredients":[" Harina de trigo, 20% tomates tamizados, agua, 9.0% carne de ternera, 7.0% queso (gouda (leche, sal, colorante beta-caroteno), edam), 4.6% cebollas, levadura, 1.1% zanahorias, manteca de palma, azúcar, sal, pimentón, acidulantes (fosfatos de calcio, citratos de calcio), plantas aromáticas, extracto de malta de cebada, almidón modificado, emulgente ésteres monoacetil y diacetil tartáricos de monoglicéridos y diglicéridos de ácidos grasos, gasificante carbonato ácido de sodio, espesante goma guar, ajo, berenjenas, especias, aroma, hidrolizado de proteína vegetal, aceite refinado de girasol, dextrosa, maltodextrina, caramelo, aceite refinado de nabina, vinagre de alcohol, pimiento chile, zanahoria en polvo, pasta de tomate."],"conservation":" Congelador *** (-18°C). No congelar de nuevo tras la descongelación.","ean":"4001724015840"},{"full_name":"DR. OETKER CASA DI MAMA pizza salami estuche 390 g","name":"pizza salami estuche 390 g","brand":"DR. OETKER CASA DI MAMA ","img":"https://sgfm.elcorteingles.es/SGFM/dctm/MEDIA02/CONTENIDOS/201511/05/00118950102063____1__600x600.jpg","price":"3,75 €","price_unit":"(9,62 € / Kilo)","categories":["Supermercado","Congelados","Pizzas y platos italianos","Pizzas, bases congeladas y baguettes","DR. OETKER CASA DI MAMA pizza salami estuche 390 g"],"general_information":["Denominación del alimento: Pizza tomate y salami.","Nombre del operador: Dr. Oetker Ibérica S.A.","Dirección del operador: Avda. Diagonal 601, 3ª - 08028","Cantidad Neta: 390 g"],"ingredients":[" Harina de trigo, 20% tomates tamizados, agua, 12% queso (gouda (leche, sal, colorante beta-caroteno), edam), 10% salami (carne de cerdo, manteca de cerdo, sal, especias, dextrosa, cebolla en polvo, ajo en polvo, extractos de especias, estabilizante (nitrito sódico), antioxidante (extractos de romero), humo), levadura, manteca de palma, azúcar, sal, aceite refinado de nabina, acidulantes (fosfatos de calcio, citratos de calcio), extracto de malta de cebada, emulgente ésteres monoacetil y diacetil tartáricos de monoglicéridos y diglicéridos de ácidos grasos, gasificante carbonato ácido de sodio, espesante goma guar, almidón modificado, perejil, orégano, hidrolizado de proteína vegetal, maltodextrina, pimienta de Cayena, caramelo."],"conservation":" Congelador *** (-18°C). No congelar de nuevo tras la descongelación.","ean":"4001724015697"},{"full_name":"DR. OETKER PANNINI jamón y queso 2 baguettes estuche 250 g","name":"jamón y queso 2 baguettes estuche 250 g","brand":"DR. OETKER PANNINI ","img":"https://sgfm.elcorteingles.es/SGFM/00/35/6/0118950100356/0118950100356000g01011.jpg","price":"2,75 €","price_unit":"(11 € / Kilo)","categories":["Supermercado","Congelados","Pizzas y platos italianos","Pizzas, bases congeladas y baguettes","DR. OETKER PANNINI jamón y queso 2 baguettes estuche 250 g"],"general_information":["Denominación del alimento: 2 Baguettes Jamón y Queso","Nombre del operador: Dr. Oetker Ibérica S.A.","Dirección del operador: Avda. Diagonal 601, 3ª - 08028","Cantidad Neta: 250 g"],"ingredients":[" Harina de trigo, 15% queso edam, agua, 8.0% jamón cocido sabor ahumado (carne de cerdo, agua, sal, dextrosa, estabilizantes (di- y trifosfatos, nitrito sódico), aroma, aroma de humo), 7.6% preparado de queso fundido (nata, queso, agua, mantequilla, suero lácteo dulce en polvo, sal de fundido citratos de sodio, proteínas de la leche, sal, pimienta negra), aceite refinado de nabina, yogur, nata ácida, sal, cebollino, levadura, almidón modificado, cebollas braseadas, manteca de palma, ajo, azúcar, dextrosa, pimienta negra, aroma."],"conservation":" Congelador *** (-18°C). No congelar de nuevo tras la descongelación.","ean":"8410074002695"},{"full_name":"DR. OETKER PANNINI 4 quesos 2 baguettes estuche 250 g","name":"4 quesos 2 baguettes estuche 250 g","brand":"DR. OETKER PANNINI ","img":"https://sgfm.elcorteingles.es/SGFM/00/39/2/0201150100392/0201150100392000g01011.jpg","price":"2,75 €","price_unit":"(11 € / Kilo)","categories":["Supermercado","Congelados","Pizzas y platos italianos","Pizzas, bases congeladas y baguettes","DR. OETKER PANNINI 4 quesos 2 baguettes estuche 250 g"],"general_information":["Denominación del alimento: 2 Baguettes con distintos tipos de queso","Nombre del operador: Dr. Oetker Ibérica S.A.","Dirección del operador: Avda. Diagonal 601, 3ª - 08028","Cantidad Neta: 250 g"],"ingredients":[" Harina de trigo, agua, 8.6% queso edam, nata ácida, yogur, 5.7% queso mozzarella, aceite refinado de nabina, 4.4% queso cheddar (leche, sal, colorante annato), 2.8% queso emmental, 1.9% queso azul, sal, perejil, levadura, almidón modificado, manteca de palma, ajo, azúcar, dextrosa, pimienta negra, hidrolizado de proteína vegetal, maltodextrina, caramelo, aroma."],"conservation":" Congelador *** (-18°C). No congelar de nuevo tras la descongelación.","ean":"8410074003944"},{"full_name":"DR. OETKER PANNINI barbacoa 2 baguettes estuche 250 g","name":"barbacoa 2 baguettes estuche 250 g","brand":"DR. OETKER PANNINI ","img":"https://sgfm.elcorteingles.es/SGFM/00/72/9/0118950100729/0118950100729000g01011.jpg","price":"2,75 €","price_unit":"(11 € / Kilo)","categories":["Supermercado","Congelados","Pizzas y platos italianos","Pizzas, bases congeladas y baguettes","DR. OETKER PANNINI barbacoa 2 baguettes estuche 250 g"],"general_information":["Denominación del alimento: 2 Baguettes con salsa barbacoa y carne de ternera","Nombre del operador: Dr. Oetker Ibérica S.A.","Dirección del operador: Avda. Diagonal 601, 3ª - 08028","Cantidad Neta: 250 g"],"ingredients":[" Harina de trigo, 17% ketchup especiado ahumado (pasta de tomate, agua, vinagre de alcohol, azúcar, almidón modificado, sal, aroma, espesante goma tara, azúcar caramelizado, especias, aroma de humo), 13% carne de ternera, agua, 10% queso edam, aceite refinado de nabina, sal, levadura, manteca de palma, dextrosa, especias, ajo, plantas aromáticas, zanahoria en polvo, almidón modificado, cebollas, pasta de tomate, maltodextrina, caramelo, aroma."],"conservation":" Congelador *** (-18°C). No congelar de nuevo tras la descongelación.","ean":"4001724415909"},{"full_name":"DR. OETKER PANNINI bacon crispy 2 baguettes estuche 250 g","name":"bacon crispy 2 baguettes estuche 250 g","brand":"DR. OETKER PANNINI ","img":"https://sgfm.elcorteingles.es/SGFM/dctm/MEDIA02/CONTENIDOS/201508/18/00201150102455____1__600x600.jpg","price":"2,75 €","price_unit":"(11 € / Kilo)","categories":["Supermercado","Congelados","Pizzas y platos italianos","Pizzas, bases congeladas y baguettes","DR. OETKER PANNINI bacon crispy 2 baguettes estuche 250 g"],"general_information":["Denominación del alimento: 2 Baguettes Bacon","Nombre del operador: Dr. Oetker Ibérica S.A.","Dirección del operador: Avda. Diagonal 601, 3ª - 08028","Cantidad Neta: 250 g"],"ingredients":[" Harina de trigo, agua, 8.6% queso edam, 7.0% tocino cocido (carne de cerdo, sal, extractos de especias, estabilizante (nitrito sódico), humo), yogur, nata ácida, trocitos de tomate, aceite refinado de nabina, 3.1% cebollas, sal, cebollas fritas (cebollas, aceite de palma, harina de trigo, sal), levadura, almidón modificado, pimentón, perejil, salsa de soja (agua, habas de soja, sal, harina de trigo), manteca de palma, azúcar, especias, berenjenas, dextrosa, aceite refinado de girasol, vinagre de alcohol, pimiento chile, aroma."],"conservation":" Congelador *** (-18°C). No congelar de nuevo tras la descongelación.","ean":"4001724017660"},{"full_name":"DR. OETKER PANNINI Hot Dog pannini con salchicha y queso 2 baguettes estuche 250 g","name":"Hot Dog pannini con salchicha y queso 2 baguettes estuche 250 g","brand":"DR. OETKER PANNINI ","img":"https://sgfm.elcorteingles.es/SGFM/01/76/8/0118950101768/0118950101768000g01011.jpg","price":"2,75 €","price_unit":"(11 € / Kilo)","categories":["Supermercado","Congelados","Pizzas y platos italianos","Pizzas, bases congeladas y baguettes","DR. OETKER PANNINI Hot Dog pannini con salchicha y queso 2 baguettes estuche 250 g"],"general_information":["Denominación del alimento: 2 Baguettes con salchicha cocida, cebollas y queso","Nombre del operador: Dr. Oetker Ibérica S.A.","Dirección del operador: Avda. Diagonal 601, 3ª - 08028","Cantidad Neta: 250 g"],"ingredients":[" Harina de trigo, 17% tomates tamizados, 11% salchicha cocida ahumada (carne de cerdo, manteca de cerdo, agua, sal, especias, glucosa, antioxidante (extractos de romero), estabilizante (nitrito sódico), aroma, humo), 6,7% queso edam, agua, 3,3% queso cheddar (leche, sal, colorante annato), aceite refinado de nabina, 1.6% cebollas fritas (cebollas, aceite de palma, Harina de trigo, sal), 1.6% dados de cebolla, nata ácida, pasta de tomate, azúcar, vinagre de alcohol, sal, levadura, almidón modificado, perejil, manteca de palma, miel, semilllas de mostaza, dextrosa, azúcar caramelizado, especias, aroma."],"conservation":" Congelador *** (-18°C). No congelar de nuevo tras la descongelación.","ean":"4001724009016"},{"full_name":"BUITONI RUSTIPANI tosta de pan rústico con mozarella tomates cherry y pesto caja 185 g","name":"tosta de pan rústico con mozarella tomates cherry y pesto caja 185 g","brand":"BUITONI RUSTIPANI ","img":"https://sgfm.elcorteingles.es/SGFM/dctm/MEDIA03/201705/30/00118950102618____1__600x600.jpg","price":"2,59 €","price_unit":"(14 € / Kilo)","categories":["Supermercado","Congelados","Pizzas y platos italianos","Pizzas, bases congeladas y baguettes","BUITONI RUSTIPANI tosta de pan rústico con mozarella tomates cherry y pesto caja 185 g"],"general_information":["Denominación del alimento: Pizza de mozzarella y tomates cherry. Comida preparada ultracongelada.","País de origen: Alemania","Nombre del operador: Nestlé España, S.A.","Dirección del operador: Nestlé España, S.A. Edificio Nestlé. 08950 Esplugues de Llobregat (Barcelona)","Cantidad Neta: 185 g","Otras menciones obligatorias en la etiqueta: No consumir sin hornear"],"ingredients":[" Harina de trigo, queso mozzarella (14%), agua, tomate (11%), tomates cherry (10%), harina de centeno, masa madre (contiene trigo), aceite de nabina, levadura, sal, margarina vegetal [grasas vegetales (palma, coco), aceite de nabina, agua, emulgente: monoglicéridos y diglicéridos de ácidos grasos, acidulante: ácido cítrico], especias y plantas aromáticas, extracto de malta de cebada, azúcar, vinagre balsámico (vinagre de vino blanco, mosto de uva), ajo, yogur en polvo, harina malteada (cebada, trigo), espinacas, almidón modificado de maíz. Puede contener frutos secos, pescado, crustáceos, soja, mostaza y apio."],"conservation":" Producto ultracongelado. Conservar a -18°C. Una vez descongelado, no volver a congelar.","ean":"7613035983106"},{"full_name":"BUITONI RUSTIPANI tosta de pan rústico con pollo marinado salsa de queso cebolla y pimientos caja 180 g","name":"tosta de pan rústico con pollo marinado salsa de queso cebolla y pimientos caja 180 g","brand":"BUITONI RUSTIPANI ","img":"https://sgfm.elcorteingles.es/SGFM/dctm/MEDIA03/201705/30/00118950102626____1__600x600.jpg","price":"2,59 €","price_unit":"(14,39 € / Kilo)","categories":["Supermercado","Congelados","Pizzas y platos italianos","Pizzas, bases congeladas y baguettes","BUITONI RUSTIPANI tosta de pan rústico con pollo marinado salsa de queso cebolla y pimientos caja 180 g"],"general_information":["Denominación del alimento: Pizza de pollo y queso. comida preparada ultracongelada","País de origen: Alemania","Nombre del operador: Nestlé España, S.A.","Dirección del operador: Nestlé España, S.A. Edificio Nestlé. 08950 Esplugues de Llobregat (Barcelona)","Cantidad Neta: 180 g","Otras menciones obligatorias en la etiqueta: No consumir sin hornear"],"ingredients":[" Harina de trigo, agua, pechuga de pollo cocida (8%) (pechuga de pollo, especias y plantas aromáticas, sal, aceite de nabina, dextrosa), pimiento asado (8%), queso extragraso (8%), queso mozzarella (6%), leche, cebolla (4%), masa madre (agua, harina de trigo, harina de centeno, fermentos lácticos), nata, levadura, sal, especias y plantas aromáticas, dextrosa, almidón modificado de maíz, harina de malta de cebada, estabilizante: goma guar, jarabe de glucosa, proteína de leche, espesante: goma xantana. Puede contener frutos secos, pescado, crustáceos, soja, mostaza y apio."],"conservation":" Producto ultracongelado. Conservar a -18°C. Una vez descongelado no volver a congelar.","ean":"7613035930957"},{"full_name":"DR. OETKER RISTORANTE Bolognesa pizza con carne de ternera estuche 375 g","name":"Bolognesa pizza con carne de ternera estuche 375 g","brand":"DR. OETKER RISTORANTE ","img":"https://sgfm.elcorteingles.es/SGFM/01/67/7/0118950101677/0118950101677000g01011.jpg","price":"3,35 €","price_unit":"(10,15 € / Kilo)","categories":["Supermercado","Congelados","Pizzas y platos italianos","Pizzas, bases congeladas y baguettes","DR. OETKER RISTORANTE Bolognesa pizza con carne de ternera estuche 375 g"],"general_information":["Denominación del alimento: Pizza tomate, carne picada de vacuno y queso","Nombre del operador: Dr. Oetker Ibérica S.A.","Dirección del operador: Avda. Diagonal 601, 3ª - 08028","Cantidad Neta: 375 g"],"ingredients":[" 29% tomates tamizados, Harina de trigo, 13% carne picada de vacuno, 7.7% queso (mozzarella, edam), aceite refinado de nabina, 3.6% cebollas fritas (cebollas, aceite refinado de nabina), 3.6% trocitos de tomate, agua, levadura, azúcar, sal, pimentón, plantas aromáticas, almidón modificado, potenciador del sabor (glutamato monosódico), ajo, especias, berenjenas, aroma, hidrolizado de proteína vegetal, aceite refinado de girasol, dextrosa, maltodextrina, caramelo, zanahoria en polvo, vinagre de alcohol, cebollas, pasta de tomate."],"conservation":" Congelador *** (-18°C). No congelar de nuevo tras la descongelación.","ean":"4001724820307"},{"full_name":"DR. OETKER RISTORANTE Prosciutto pizza sabor clásico con jamón y queso suave estuche 330 g","name":"Prosciutto pizza sabor clásico con jamón y queso suave estuche 330 g","brand":"DR. OETKER RISTORANTE ","img":"https://sgfm.elcorteingles.es/SGFM/00/96/8/0118950100968/0118950100968000g01011.jpg","price":"3,35 €","price_unit":"(10,15 € / Kilo)","categories":["Supermercado","Congelados","Pizzas y platos italianos","Pizzas, bases congeladas y baguettes","DR. OETKER RISTORANTE Prosciutto pizza sabor clásico con jamón y queso suave estuche 330 g"],"general_information":["Denominación del alimento: Pizza tomate, jamón cocido sabor ahumado y queso.","Nombre del operador: Dr. Oetker Ibérica S.A.","Dirección del operador: Avda. Diagonal 601, 3ª - 08028","Cantidad Neta: 330 g"],"ingredients":[" Harina de trigo, 27% tomates tamizados, 14% jamón cocido sabor ahumado (carne de cerdo, agua, sal, dextrosa, estabilizantes (di- y trifosfatos, nitrito sódico), aroma, aroma de humo), 14% queso (mozzarella, edam), aceite refinado de nabina, yogur, agua, levadura, sal, azúcar, aceite de oliva virgen extra, almidón modificado, leche desnatada, salsa de soja (agua, habas de soja, sal, harina de trigo), orégano, especias, yema de huevo, aroma, ajo, perejil, espesantes (goma xantana, goma guar), acidulantes (ácido láctico, lactato cálcico), proteinas de la leche, antioxidante (extractos de romero)."],"conservation":" Congelador *** (-18°C). No congelar de nuevo tras la descongelación.","ean":"4001724819202"},{"full_name":"DR. OETKER RISTORANTE pizza espinacas estuche 390 g","name":"pizza espinacas estuche 390 g","brand":"DR. OETKER RISTORANTE ","img":"https://sgfm.elcorteingles.es/SGFM/00/99/2/0118950100992/0118950100992000g01011.jpg","price":"3,35 €","price_unit":"(8,59 € / Kilo)","categories":["Supermercado","Congelados","Pizzas y platos italianos","Pizzas, bases congeladas y baguettes","DR. OETKER RISTORANTE pizza espinacas estuche 390 g"],"general_information":["Denominación del alimento: Pizza tomate, espinacas y queso.","Nombre del operador: Dr. Oetker Ibérica S.A.","Dirección del operador: Avda. Diagonal 601, 3ª - 08028","Cantidad Neta: 390 g"],"ingredients":[" Harina de trigo, 24% tomates tamizados, 20% espinacas, 14% queso (mozzarella, edam), aceite refinado de nabina, agua, levadura, sal, azúcar, almidón modificado, manteca de palma, ajo, hidrolizado de proteína vegetal, maltodextrina, pimienta de Cayena, caramelo, aroma."],"conservation":" Congelador *** (-18°C). No congelar de nuevo tras la descongelación.","ean":"4001724819400"},{"full_name":"DR. OETKER Rústica Royal pizza jamón y champiñones estuche 575 g","name":"Rústica Royal pizza jamón y champiñones estuche 575 g","brand":"DR. OETKER ","img":"https://sgfm.elcorteingles.es/SGFM/dctm/MEDIA03/201707/08/00201150102422____2__600x600.jpg","price":"4,50 €            ","price_unit":"(7,13 € / Kilo)","categories":["Supermercado","Congelados","Pizzas y platos italianos","Pizzas, bases congeladas y baguettes","DR. OETKER Rústica Royal pizza jamón y champiñones estuche 575 g"],"general_information":["Denominación del alimento: Pizza tomate, queso Emmental y jamón cocido sabor ahumado y champiñones","Nombre del operador: Dr. Oetker Ibérica S.A.","Dirección del operador: Avda. Diagonal 601, 3ª - 08028","Cantidad Neta: 575 g"],"ingredients":[" Harina de trigo 18% tomates tamizados, 17% queso (gouda (leche, sal, colorante beta-caroteno), emmental), 10% jamón cocido sabor ahumado (carne de cerdo, agua, sal, dextrosa, estabilizantes (di- y trifosfatos, nitrito sódico), aroma, aroma de humo), agua, 5,1% champiñones, levadura, manteca de palma, azúcar, sal, aceite refinado de nabina, extracto de malta de cebada salsa de soja (agua, habas de soja, sal, Harina de trigo) emulgente ésteres monoacetil y diacetil tartáricos de monoglicéridos y diglicéridos de ácidos grasos, almidón modificado, espesante goma guar, albahaca, orégano, ajo, pimienta negra, corrector de acidez (fosfatos de calcio), pimentón."],"conservation":" Congelador *** (-18°C). No congelar de nuevo tras la descongelación.","ean":"4001724010814"},{"full_name":"DR. OETKER RISTORANTE pizza carbonara estuche 340 g","name":"pizza carbonara estuche 340 g","brand":"DR. OETKER RISTORANTE ","img":"https://sgfm.elcorteingles.es/SGFM/dctm/MEDIA02/CONTENIDOS/201412/11/00201150102349____1__600x600.jpg","price":"3,35 €","price_unit":"(9,85 € / Kilo)","categories":["Supermercado","Congelados","Pizzas y platos italianos","Pizzas, bases congeladas y baguettes","DR. OETKER RISTORANTE pizza carbonara estuche 340 g"],"general_information":["Denominación del alimento: Pizza jamón cocido ahumado, huevo y queso","Nombre del operador: Dr. Oetker Ibérica S.A.","Dirección del operador: Avda. Diagonal 601, 3ª - 08028","Cantidad Neta: 340 g"],"ingredients":[" Harina de trigo, 14% nata ácida, agua, 11% queso (mozzarella, edam), 8.2% huevo entero de gallina, 7.1% jamón cocido ahumado (carne de cerdo, sal, estabilizante (nitrito sódico), extracto de especias, humo), aceite refinado de nabina, 5.7% cebollas, levadura, sal, salsa de soja (agua, habas de soja, sal, harina de trigo), azúcar, almidón modificado, yema de huevo, orégano, aroma, pimienta negra, ajo, perejil, leche desnatada en polvo, espesantes (goma xantana, goma guar), acidulantes (ácido láctico, lactato cálcico), proteinas de la leche, antioxidante (extractos de romero)."],"conservation":" Congelador *** (-18°C). No congelar de nuevo tras la descongelación.","ean":"4001724015963"},{"full_name":"DR. OETKER RISTORANTE pizza cuatro quesos mozzarella edamer emmental y queso azul estuche 340 g","name":"pizza cuatro quesos mozzarella edamer emmental y queso azul estuche 340 g","brand":"DR. OETKER RISTORANTE ","img":"https://sgfm.elcorteingles.es/SGFM/00/97/6/0118950100976/0118950100976000g01011.jpg","price":"3,35 €","price_unit":"(9,85 € / Kilo)","categories":["Supermercado","Congelados","Pizzas y platos italianos","Pizzas, bases congeladas y baguettes","DR. OETKER RISTORANTE pizza cuatro quesos mozzarella edamer emmental y queso azul estuche 340 g"],"general_information":["Denominación del alimento: Pizza Mozzarella, queso Edam, queso Emmental y queso azul.","Nombre del operador: Dr. Oetker Ibérica S.A.","Dirección del operador: Avda. Diagonal 601, 3ª - 08028","Cantidad Neta: 340 g"],"ingredients":[" Harina de trigo, 24% tomates tamizados, 11% queso mozzarella, 11% queso edam, nata para montar, aceite refinado de nabina, 4.2% queso emmental, agua, levadura, 0.7% queso azul, azúcar, sal, albahaca, salsa de soja (agua, habas de soja, sal, harina de trigo), almidón modificado, aceite de oliva virgen extra, especias, orégano, hidrolizado de proteína vegetal, maltodextrina, ajo, caramelo."],"conservation":" Congelador *** (-18°C). No congelar de nuevo tras la descongelación.","ean":"4001724818908"},{"full_name":"DR. OETKER RISTORANTE Tonno pizza con atún estuche 335 g","name":"Tonno pizza con atún estuche 335 g","brand":"DR. OETKER RISTORANTE ","img":"https://sgfm.elcorteingles.es/SGFM/01/62/8/0118950101628/0118950101628000g01011.jpg","price":"3,35 €","price_unit":"(10 € / Kilo)","categories":["Supermercado","Congelados","Pizzas y platos italianos","Pizzas, bases congeladas y baguettes","DR. OETKER RISTORANTE Tonno pizza con atún estuche 335 g"],"general_information":["Denominación del alimento: Pizza tomate, atún y queso.","Nombre del operador: Dr. Oetker Ibérica S.A.","Dirección del operador: Avda. Diagonal 601, 3ª - 08028","Cantidad Neta: 355 g"],"ingredients":[" Harina de trigo, 26% tomates tamizados, 14% queso (edam, mozzarella), 8.8% atún, aceite refinado de nabina, 4.7% cebollas fritas (cebollas, aceite refinado de nabina), agua, levadura, sal, aceite refinado de soja, azúcar, alcaparras encurtidas (alcaparras, vinagre de alcohol, sal), almidón modificado, plantas aromáticas, manteca de palma, ajo, pimienta negra, hidrolizado de proteína vegetal, maltodextrina, caramelo, aroma."],"conservation":" Congelador *** (-18°C). No congelar de nuevo tras la descongelación.","ean":"4001724819301"},{"full_name":"DR. OETKER RISTORANTE Speciale pizza con jamón salami y champiñones estuche 330 g","name":"Speciale pizza con jamón salami y champiñones estuche 330 g","brand":"DR. OETKER RISTORANTE ","img":"https://sgfm.elcorteingles.es/SGFM/01/51/1/0118950101511/0118950101511000g01011.jpg","price":"3,35 €","price_unit":"(10,15 € / Kilo)","categories":["Supermercado","Congelados","Pizzas y platos italianos","Pizzas, bases congeladas y baguettes","DR. OETKER RISTORANTE Speciale pizza con jamón salami y champiñones estuche 330 g"],"general_information":["Denominación del alimento: Pizza queso, salami, champiñones y jamón cocido sabor ahumado.","Nombre del operador: Dr. Oetker Ibérica S.A.","Dirección del operador: Avda. Diagonal 601, 3ª - 08028","Cantidad Neta: 330 g"],"ingredients":[" Harina de trigo, 24% tomates tamizados, 16% queso (mozzarella, edam), 9.7% salami (carne de cerdo, manteca de cerdo, sal, especias, dextrosa, cebolla en polvo, ajo en polvo, extractos de especias, estabilizante (nitrito sódico), antioxidante (extractos de romero), humo), 5,5% champiñones, 5.5% jamón cocido sabor ahumado (carne de cerdo, agua, sal, dextrosa, estabilizantes (di- y trifosfatos, nitrito sódico), aroma, aroma de humo), aceite refinado de nabina, agua, levadura, sal, azúcar, aceite de oliva virgen extra, plantas aromáticas, almidón modificado, pimentón, pimienta negra, hidrolizado de proteína vegetal, maltodextrina, caramelo."],"conservation":" Congelador *** (-18°C). No congelar de nuevo tras la descongelación.","ean":"4001724016922"},{"full_name":"DR. OETKER RISTORANTE Funghi pizza con champiñones estuche 365 g","name":"Funghi pizza con champiñones estuche 365 g","brand":"DR. OETKER RISTORANTE ","img":"https://sgfm.elcorteingles.es/SGFM/01/52/9/0118950101529/0118950101529000g01011.jpg","price":"3,35 €","price_unit":"(9,18 € / Kilo)","categories":["Supermercado","Congelados","Pizzas y platos italianos","Pizzas, bases congeladas y baguettes","DR. OETKER RISTORANTE Funghi pizza con champiñones estuche 365 g"],"general_information":["Denominación del alimento: Pizza con tomate, champiñones y queso.","Nombre del operador: Dr. Oetker Ibérica S.A.","Dirección del operador: Avda. Diagonal 601, 3ª - 08028","Cantidad Neta: 365 g"],"ingredients":[" Harina de trigo, 25% tomates tamizados, 16% champiñones, 15% queso (edam, mozzarella), aceite refinado de nabina, agua, levadura, sal, azúcar, almidón modificado, manteca de palma, champiñones en polvo, ajo, perejil, orégano, hidrolizado de proteína vegetal, maltodextrina, caramelo, aroma."],"conservation":" Congelador *** (-18°C). No congelar de nuevo tras la descongelación.","ean":"4001724819103"},{"full_name":"DR. OETKER RISTORANTE Mozzarella pizza con mozzarella fresca y salsa pesto estuche 335 g","name":"Mozzarella pizza con mozzarella fresca y salsa pesto estuche 335 g","brand":"DR. OETKER RISTORANTE ","img":"https://sgfm.elcorteingles.es/SGFM/01/17/2/0118950101172/0118950101172000g01011.jpg","price":"3,35 €","price_unit":"(10 € / Kilo)","categories":["Supermercado","Congelados","Pizzas y platos italianos","Pizzas, bases congeladas y baguettes","DR. OETKER RISTORANTE Mozzarella pizza con mozzarella fresca y salsa pesto estuche 335 g"],"general_information":["Denominación del alimento: Pizza con tomate, queso Mozzarella y albahaca.","Nombre del operador: Dr. Oetker Ibérica S.A.","Dirección del operador: Avda. Diagonal 601, 3ª - 08028","Cantidad Neta: 335 g"],"ingredients":[" Harina de trigo, 22% tomates tamizados, 22% queso mozzarella, aceite refinado de nabina, queso edam, 4.3% trocitos de tomate, agua, levadura, albahaca, sal, azúcar, perejil, espinacas, almidón modificado, manteca de palma, ajo, zumo de limón, pimienta negra, hidrolizado de proteína vegetal, maltodextrina, pimienta de Cayena, caramelo, aroma."],"conservation":" Congelador *** (-18°C). No congelar de nuevo tras la descongelación.","ean":"4001724819806"},{"full_name":"DR. OETKER RISTORANTE pizza de pollo estuche 355 g","name":"pizza de pollo estuche 355 g","brand":"DR. OETKER RISTORANTE ","img":"https://sgfm.elcorteingles.es/SGFM/01/18/4/0201150101184/0201150101184000g01011.jpg","price":"3,35 €","price_unit":"(9,44 € / Kilo)","categories":["Supermercado","Congelados","Pizzas y platos italianos","Pizzas, bases congeladas y baguettes","DR. OETKER RISTORANTE pizza de pollo estuche 355 g"],"general_information":["Denominación del alimento: Pizza tomate, queso y pollo.","Nombre del operador: Dr. Oetker Ibérica S.A.","Dirección del operador: Avda. Diagonal 601, 3ª - 08028","Cantidad Neta: 355 g"],"ingredients":[" Harina de trigo, 23% tomates tamizados, 11% queso (mozzarella, edam), 9.5% pechuga de pollo marinada (pechuga de pollo, aceite refinado de girasol, sal, tomate en polvo, especias, plantas aromáticas, azúcar, aroma), espinacas, nata ácida, aceite refinado de nabina, trocitos de tomate, maíz, agua, levadura, sal, albahaca, azúcar, almidón modificado, ajo, orégano, pimentón, pimienta de Cayena, hidrolizado de proteína vegetal, maltodextrina, caramelo, vinagre de malta de cebada, extracto de malta de cebada, vino de postre, vinagre de alcohol, aroma."],"conservation":" Congelador *** (-18°C). No congelar de nuevo tras la descongelación.","ean":"4001724820000"},{"full_name":"DR. OETKER RISTORANTE pizza con queso y tomate estuche 355 g","name":"pizza con queso y tomate estuche 355 g","brand":"DR. OETKER RISTORANTE ","img":"https://sgfm.elcorteingles.es/SGFM/dctm/MEDIA02/CONTENIDOS/201502/03/00201150102380____1__600x600.jpg","price":"3,35 €","price_unit":"(9,44 € / Kilo)","categories":["Supermercado","Congelados","Pizzas y platos italianos","Pizzas, bases congeladas y baguettes","DR. OETKER RISTORANTE pizza con queso y tomate estuche 355 g"],"general_information":["Denominación del alimento: Pizza tomates, queso de cabra y albahaca.","Nombre del operador: Dr. Oetker Ibérica S.A.","Dirección del operador: Avda. Diagonal 601, 3ª - 08028","Cantidad Neta: 355 g"],"ingredients":[" Harina de trigo, 24% tomates tamizados, 10% tomates cherry, 6.1% queso mozzarella, 6.1% queso edam, aceite refinado de nabina, 5.4% queso de cabra, 4.1% tomates secos marinados (tomates secos, aceite refinado de girasol, sal, ajo, plantas aromáticas, acidulante ácido cítrico), agua, levadura, albahaca, sal, azúcar, espinacas, perejil, aceite de oliva virgen extra, almidón modificado, manteca de palma, ajo, pimienta negra, zumo de limón, pimentón, orégano, hidrolizado de proteína vegetal, maltodextrina, caramelo, aroma."],"conservation":" Congelador *** (-18°C). No congelar de nuevo tras la descongelación.","ean":"4001724001881"},{"full_name":"DR. OETKER RISTORANTE Hawaii pizza con jamón cocido y piña estuche 355 g","name":"Hawaii pizza con jamón cocido y piña estuche 355 g","brand":"DR. OETKER RISTORANTE ","img":"https://sgfm.elcorteingles.es/SGFM/01/53/7/0118950101537/0118950101537000g01011.jpg","price":"3,35 €","price_unit":"(9,44 € / Kilo)","categories":["Supermercado","Congelados","Pizzas y platos italianos","Pizzas, bases congeladas y baguettes","DR. OETKER RISTORANTE Hawaii pizza con jamón cocido y piña estuche 355 g"],"general_information":["Denominación del alimento: Pizza dcon piña, jamón cocido sabor ahumado y queso.","Nombre del operador: Dr. Oetker Ibérica S.A.","Dirección del operador: Avda. Diagonal 601, 3ª - 08028","Cantidad Neta: 355 g"],"ingredients":[" Harina de trigo, 27% tomates tamizados, 15% queso (mozzarella, edam), 14% trozos de piña en almíbar (piña, agua, azúcar, acidulante ácido cítrico), 6.8% jamón cocido sabor ahumado (carne de cerdo, agua, sal, dextrosa, estabilizantes (di- y trifosfatos, nitrito sódico), aroma, aroma de humo), aceite refinado de nabina, azúcar, levadura, sal, agua, almidón modificado, perejil."],"conservation":" Congelador *** (-18°C). No congelar de nuevo tras la descongelación.","ean":"4001724819608"},{"full_name":"DR. OETKER RISTORANTE pizza vegetal estuche 385 g","name":"pizza vegetal estuche 385 g","brand":"DR. OETKER RISTORANTE ","img":"https://sgfm.elcorteingles.es/SGFM/01/92/5/0118950101925/0118950101925000g01011.jpg","price":"3,35 €","price_unit":"(8,70 € / Kilo)","categories":["Supermercado","Congelados","Pizzas y platos italianos","Pizzas, bases congeladas y baguettes","DR. OETKER RISTORANTE pizza vegetal estuche 385 g"],"general_information":["Denominación del alimento: Pizza tomate, pimiento y cebolla.","Nombre del operador: Dr. Oetker Ibérica S.A.","Dirección del operador: Avda. Diagonal 601, 3ª - 08028","Cantidad Neta: 385 g"],"ingredients":[" Harina de trigo, 19% tomates tamizados, 12% queso (mozzarella, edam), 9.0% tomates cherry, 9.0% pimiento, nata ácida, aceite refinado de nabina, 3.0% cebollas, 3.0% trocitos de pimiento chile encurtido (pimiento chile, agua, vinagre de alcohol, sal, antioxidante ácido ascórbico, acidulante ácido cítrico), agua, aceitunas picadas, levadura, sal, azúcar, almidón modificado, pimienta negra, ajo, orégano, pimiento chile, hidrolizado de proteína vegetal, maltodextrina, caramelo, pasta de tomate, zumo de limón, pimentón, extracto de especias."],"conservation":" Congelador *** (-18°C). No congelar de nuevo tras la descongelación.","ean":"4001724819905"},{"full_name":"DR. OETKER RISTORANTE pizza sabor barbacoa estuche 340 g","name":"pizza sabor barbacoa estuche 340 g","brand":"DR. OETKER RISTORANTE ","img":"https://sgfm.elcorteingles.es/SGFM//02/04/8/0118950102048/0118950102048000g01011.jpg","price":"3,35 €","price_unit":"(9,85 € / Kilo)","categories":["Supermercado","Congelados","Pizzas y platos italianos","Pizzas, bases congeladas y baguettes","DR. OETKER RISTORANTE pizza sabor barbacoa estuche 340 g"],"general_information":[],"ingredients":[],"ean":"4001724023203"},{"full_name":"DR. OETKER RISTORANTE pizza con salami mozzarella y pesto estuche 360 g","name":"pizza con salami mozzarella y pesto estuche 360 g","brand":"DR. OETKER RISTORANTE ","img":"https://sgfm.elcorteingles.es/SGFM/dctm/MEDIA02/CONTENIDOS/201502/03/00201150102372____1__600x600.jpg","price":"3,35 €","price_unit":"(9,31 € / Kilo)","categories":["Supermercado","Congelados","Pizzas y platos italianos","Pizzas, bases congeladas y baguettes","DR. OETKER RISTORANTE pizza con salami mozzarella y pesto estuche 360 g"],"general_information":["Denominación del alimento: Pizza tomate, salami, queso Mozzarella y albahaca.","Nombre del operador: Dr. Oetker Ibérica S.A.","Dirección del operador: Avda. Diagonal 601, 3ª - 08028","Cantidad Neta: 360 g"],"ingredients":[" Harina de trigo, 23% tomates tamizados, 10% queso mozzarella, 9.4% tomates cherry, 8.1% salami (carne de cerdo, manteca de cerdo, sal, especias, dextrosa, jarabe de glucosa, estabilizante (nitrito sódico), antioxidante (extractos de romero), aroma, humo), aceite refinado de nabina, queso edam, agua, levadura, azúcar, albahaca, sal, perejil, espinacas, aceite de oliva virgen extra, almidón modificado, especias, zumo de limón, ajo, manteca de palma, orégano, hidrolizado de proteína vegetal, maltodextrina, caramelo, aroma."],"conservation":" Congelador *** (-18°C). No congelar de nuevo tras la descongelación.","ean":"4001724004073"},{"full_name":"DR. OETKER RISTORANTE pizza mozarella con tomates cherry y pesto sin gluten estuche 370 g","name":"pizza mozarella con tomates cherry y pesto sin gluten estuche 370 g","brand":"DR. OETKER RISTORANTE ","img":"https://sgfm.elcorteingles.es/SGFM/dctm/MEDIA03/201609/20/00118950102477____1__600x600.jpg","price":"4,19 €            ","price_unit":"(10,78 € / Kilo)","categories":["Supermercado","Congelados","Pizzas y platos italianos","Pizzas, bases congeladas y baguettes","DR. OETKER RISTORANTE pizza mozarella con tomates cherry y pesto sin gluten estuche 370 g"],"general_information":[],"ingredients":[],"ean":"4001724022398"},{"full_name":"DR. OETKER RISTORANTE pizza proscuitto jamón y queso sin gluten estuche 345 g","name":"pizza proscuitto jamón y queso sin gluten estuche 345 g","brand":"DR. OETKER RISTORANTE ","img":"https://sgfm.elcorteingles.es/SGFM/dctm/MEDIA03/201609/20/00118950102469____1__600x600.jpg","price":"4,19 €            ","price_unit":"(11,57 € / Kilo)","categories":["Supermercado","Congelados","Pizzas y platos italianos","Pizzas, bases congeladas y baguettes","DR. OETKER RISTORANTE pizza proscuitto jamón y queso sin gluten estuche 345 g"],"general_information":[],"ingredients":[],"ean":"4001724022442"},{"full_name":"DR. OETKER TRADIZIONALE pizza de espinacas y ricotta estuche 405 g","name":"pizza de espinacas y ricotta estuche 405 g","brand":"DR. OETKER TRADIZIONALE ","img":"https://sgfm.elcorteingles.es/SGFM/dctm/MEDIA03/201608/08/00118950102410____1__600x600.jpg","price":"3,85 €            ","price_unit":"(9,26 € / Kilo)","categories":["Supermercado","Congelados","Pizzas y platos italianos","Pizzas, bases congeladas y baguettes","DR. OETKER TRADIZIONALE pizza de espinacas y ricotta estuche 405 g"],"general_information":[],"ingredients":[],"ean":"4001724020073"},{"full_name":"DR. OETKER TRADIZIONALE Speciale pizza con salami jamón champiñones queso y tomate estuche 345 g","name":"Speciale pizza con salami jamón champiñones queso y tomate estuche 345 g","brand":"DR. OETKER TRADIZIONALE ","img":"https://sgfm.elcorteingles.es/SGFM/dctm/MEDIA03/201608/04/00118950101412____2__600x600.jpg","price":"3,75 €","price_unit":"(10,87 € / Kilo)","categories":["Supermercado","Congelados","Pizzas y platos italianos","Pizzas, bases congeladas y baguettes","DR. OETKER TRADIZIONALE Speciale pizza con salami jamón champiñones queso y tomate estuche 345 g"],"general_information":["Denominación del alimento: Pizza queso, salami, champiñones y jamón cocido.","Nombre del operador: Dr. Oetker Ibérica S.A.","Dirección del operador: Avda. Diagonal 601, 3ª - 08028","Cantidad Neta: 345 g"],"ingredients":[" Harina de trigo, 13% tomates tamizados, agua, 10% queso edam, 8.2% salami (carne de cerdo, manteca de cerdo, sal, especias, dextrosa, cebolla en polvo, ajo en polvo, extractos de especias, estabilizante (nitrito sódico), antioxidante (extractos de romero), humo), 5.3% jamón cocido sabor ahumado (carne de cerdo, agua, sal, dextrosa, estabilizantes (di- y trifosfatos, nitrito sódico), aroma, aroma de humo), 5.3% champiñones, sal, aceite refinado de nabina, lactosa, levadura, almidón de maíz, aceite de oliva virgen extra, huevo entero en polvo, emulgentes (ésteres monoacetil y diacetil tartáricos de monoglicéridos y diglicéridos de ácidos grasos, monoglicéridos y diglicéridos de ácidos grasos), espesante goma guar, azúcar, dextrosa, almidón modificado, orégano, aceite de coco, extracto de malta de cebada, proteínas de la leche, albahaca, especias, correctores de acidez (difosfatos, fosfatos de calcio), leche desnatada en polvo, ajo, gasificante carbonato ácido de sodio, hidrolizado de proteína vegetal, maltodextrina, caramelo."],"conservation":" Congelador *** (-18°C). No congelar de nuevo tras la descongelación.","ean":"4001724002758"},{"full_name":"DR. OETKER Rustica pizza 4 quesos estuche 555 g","name":"Rustica pizza 4 quesos estuche 555 g","brand":"DR. OETKER ","img":"https://sgfm.elcorteingles.es/SGFM/dctm/MEDIA02/CONTENIDOS/201503/27/00201150102398____1__600x600.jpg","price":"4,37 €            ","price_unit":"(7,39 € / Kilo)","categories":["Supermercado","Congelados","Pizzas y platos italianos","Pizzas, bases congeladas y baguettes","DR. OETKER Rustica pizza 4 quesos estuche 555 g"],"general_information":["Denominación del alimento: Pizza tomate, queso Gouda, Emmental, Mozzarella y Edam","Nombre del operador: Dr. Oetker Ibérica S.A.","Dirección del operador: Avda. Diagonal 601, 3ª - 08028","Cantidad Neta: 555 g"],"ingredients":[" Harina de trigo, 21% tomates tamizados, agua, 7,0% queso gouda (leche, sal, colorante beta-caroteno), 7,0% queso emmental, 7,0% queso mozzarella, 7,0% queso edam, levadura, manteca de palma, azúcar, sal, aceite refinado de nabina, salsa de soja (agua, habas de soja, sal, Harina de trigo), extracto de malta de cebada, emulgente ésteres monoacetil y diacetil tartáricos de monoglicéridos y diglicéridos de ácidos grasos, almidón modificado, espesante goma guar, orégano, corrector de acidez (fosfatos de calcio), pimentón, pimienta negra, ajo, hidrolizado de proteína vegetal, maltodextrina, caramelo."],"conservation":" Congelador *** (-18°C). No congelar de nuevo tras la descongelación.","ean":"4001724010784"},{"full_name":"DR. OETKER RISTORANTE pizza de chocolate con topping de chocalates variados caja 300 g","name":"pizza de chocolate con topping de chocalates variados caja 300 g","brand":"DR. OETKER RISTORANTE ","img":"https://sgfm.elcorteingles.es/SGFM/dctm/MEDIA03/201705/12/00118950102576____1__600x600.jpg","price":"3,99 €","price_unit":"(13,30 € / Kilo)","categories":["Supermercado","Congelados","Pizzas y platos italianos","Pizzas, bases congeladas y baguettes","DR. OETKER RISTORANTE pizza de chocolate con topping de chocalates variados caja 300 g"],"general_information":[],"ingredients":[],"ean":"4001724024156"},{"full_name":"LA COCINERA bases de pizza clásicas 4 unidades bolsa 520 g","name":"bases de pizza clásicas 4 unidades bolsa 520 g","brand":"LA COCINERA ","img":"https://sgfm.elcorteingles.es/SGFM/dctm/MEDIA03/201603/01/00118950101131____2__600x600.jpg","price":"2,21 €","price_unit":"(4,25 € / Kilo)","categories":["Supermercado","Congelados","Pizzas y platos italianos","Pizzas, bases congeladas y baguettes","LA COCINERA bases de pizza clásicas 4 unidades bolsa 520 g"],"general_information":["Denominación del alimento: Bases para pizzas prehorneadas y ultracongeladas","Nombre del operador: FINDUS ESPAÑA, S.L.U.","Dirección del operador: P.I. Berroa. C/ Berroa 13, 1ª planta. 31192 Tajonar (Navarra)","Cantidad Neta: 520 g","Otras menciones obligatorias en la etiqueta: Producto ultracongelado."],"ingredients":[" Harina de trigo, agua, aceite de girasol, levadura, sal."],"conservation":" Producto ultracongelado. Conservar a -18°C o temperaturas inferiores.","ean":"7613032226237"},{"full_name":"SVILA pizza BIO 5 Colori biológica con mozarella calabacín berenjena peperoni cebolla y tomates estuche 390 g cherry","name":"pizza BIO 5 Colori biológica con mozarella calabacín berenjena peperoni cebolla y tomates estuche 390 g","brand":"SVILA ","img":"https://sgfm.elcorteingles.es/SGFM/dctm/MEDIA03/201707/28/00118950102683____1__600x600.jpg","price":"4,49 €","price_unit":"(11,51 € / Kilo)","categories":["Supermercado","Congelados","Pizzas y platos italianos","Pizzas, bases congeladas y baguettes","SVILA pizza BIO 5 Colori biológica con mozarella calabacín berenjena peperoni cebolla y tomates estuche 390 g cherry"],"general_information":[],"ingredients":[],"ean":"8013307204851"},{"full_name":"SVILA pizza BIO Mia biológica margarita con tomate y mozarella estuche 300 g","name":"pizza BIO Mia biológica margarita con tomate y mozarella estuche 300 g","brand":"SVILA ","img":"https://sgfm.elcorteingles.es/SGFM/dctm/MEDIA03/201707/28/00118950102675____1__600x600.jpg","price":"3,79 €","price_unit":"(12,63 € / Kilo)","categories":["Supermercado","Congelados","Pizzas y platos italianos","Pizzas, bases congeladas y baguettes","SVILA pizza BIO Mia biológica margarita con tomate y mozarella estuche 300 g"],"general_information":[],"ingredients":[],"ean":"8013307206039"},{"full_name":"DR. OETKER TRADIZIONALE pizza funghi bianca con champiñones estuche 370 g","name":"pizza funghi bianca con champiñones estuche 370 g","brand":"DR. OETKER TRADIZIONALE ","img":"https://sgfm.elcorteingles.es/SGFM/dctm/MEDIA03/201703/03/00201150101853____2__600x600.jpg","price":"3,85 €            ","price_unit":"(10 € / Kilo)","categories":["Supermercado","Congelados","Pizzas y platos italianos","Pizzas, bases congeladas y baguettes","DR. OETKER TRADIZIONALE pizza funghi bianca con champiñones estuche 370 g"],"general_information":[],"ingredients":[],"ean":"4001724019299"},{"full_name":"EL CORTE INGLES lasaña boloñesa 2 raciones estuche 600 g","name":"lasaña boloñesa 2 raciones estuche 600 g","brand":"EL CORTE INGLES ","img":"https://sgfm.elcorteingles.es/SGFM/dctm/MEDIA03/201602/11/00118929001594____2__600x600.jpg","price":"2,31 €","price_unit":"(3,85 € / Kilo)","categories":["Supermercado","Congelados","Pizzas y platos italianos","Lasaña congelada","EL CORTE INGLES lasaña boloñesa 2 raciones estuche 600 g"],"general_information":["Denominación del alimento: Lasaña boloñesa.  Producto precocinado ultracongelado.","Nombre del operador: Elaborado para El Corte Inglés por Tutti Pasta, S.A. Polígono Comarca 2, Calle B 10. 31191 Esquiroz (Navarra) España","Cantidad Neta: 600 g","Número de raciones por envase: 2.0"],"ingredients":[" Ingredientes:\nBechamel [22%]: [agua, almidón de patata (5%), aceite refinado de palma (5%) (aceite de palma, glucosa, proteinas de la leche), suero de leche (3%) (suero dulce de queseria, proteinas de la leche), leche (3%), sal, azúcar].\nRelleno de carne  [54%]: [tomate (31%) (tomate y corrector de acidez: ácido cítrico), agua, carne de ternera vacuno (17%), magro de cerdo (17%), aceite girasol (2%), cebolla (2%) (Cebolla, aceite de palma, harina de trigo, sal), aceite de orujo de oliva (2%), ajo (2%), almidón de patata (2%), albahaca, almidón de arroz, vino tinto (sulfitos), guisante, fondo de pollo (Agua, sal, extracto de levadura, azúcar, extracto de pollo (5, 6%), grasa de pollo (5%), aromas, almidón modificado de maíz, acidulante (ácido cítrico)), sal, azúcar, fosfatos y alginatos sódicos, romero]\nPasta fresca al huevo [21%]: [sémola de trigo duro, agua, huevo, gluten y sal]\nQueso [3%]: [Leche, sal, almidón, fermento láctico, cuajo, colorante (E160a)]."],"conservation":" PRODUCTO ULTRACONGELADO. CONSERVAR A -18ºC\nObservaciones: puede conservarse 1 día en el frigorífico.  \nNO VOLVER A CONGELAR UNA VEZ DESCONGELADO","ean":"8433329070164"},{"full_name":"EL CORTE INGLES lasaña vegetales 2 raciones estuche 600 g","name":"lasaña vegetales 2 raciones estuche 600 g","brand":"EL CORTE INGLES ","img":"https://sgfm.elcorteingles.es/SGFM/dctm/MEDIA03/201602/11/00118929001602____2__600x600.jpg","price":"2,31 €","price_unit":"(3,85 € / Kilo)","categories":["Supermercado","Congelados","Pizzas y platos italianos","Lasaña congelada","EL CORTE INGLES lasaña vegetales 2 raciones estuche 600 g"],"general_information":["Denominación del alimento: Lasaña vegetal.  Producto precocinado ultracongelado.","Nombre del operador: Elaborado para El Corte Inglés por Tutti Pasta, S.A. Polígono Comarca 2, Calle B 10. 31191 Esquiroz (Navarra) España","Cantidad Neta: 600 g","Número de raciones por envase: 2.0"],"ingredients":[" Ingredientes:\nBechamel [31%]:  [agua, almidón de patata(5%), aceite refinado de palma (5%) (aceite de palma, glucosa, proteínas de la leche), suero de leche (3%) (suero dulce de quesería, proteínas de la leche), leche (3%), sal, azúcar].\nRelleno vegetal [29%]:  [tomate (27%) (tomate y corrector de acidez: ácido cítrico), agua, calabacín (17%),  pimiento rojo (8%), tomate (6%),  aceite girasol (4%), zanahoria (4%), almidón de patata (3%), cebolla (2%) (Cebolla, aceite de palma, harina de trigo, sal), aceite de orujo de oliva (2%), almidón de arroz (2%), sal, leche, ajo, azúcar, fosfatos y alginatos sódicos, pimienta negra, nuez moscada].\nPasta fresca al huevo [18%]:  [sémola de trigo duro, agua, huevo, gluten y sal]\nRelleno espinacas [19%]:  [espinaca (67%), agua, margarina (7%) (Grasas y aceites vegetales (girasol, coco y palma), agua, emulgentes de ácidos grasos, lecitinas, sal (0, 4%), acidulante: ácido cítrico, conservante:\nsorbato potásico, aromas, colorante: betacaroteno.), uvas pasas (3%) (pasas y aceite vegetal (girasol)), almidón de patata (3%), leche (3%), aceite girasol (2%), almidón de maíz (2%), sal, azúcar, pimienta blanca].\nQueso [3%] [Leche, sal, almidón, fermento láctico, cuajo, colorante(E160a)]."],"conservation":" PRODUCTO ULTRACONGELADO. CONSERVAR A -18ºC\nObservaciones: puede conservarse 1 día en el frigorífico.  \nNO VOLVER A CONGELAR UNA VEZ DESCONGELADO","ean":"8433329070171"},{"full_name":"LA COCINERA lasaña barbacoa con salsa barbacoa 2 raciones estuche 530 g","name":"lasaña barbacoa con salsa barbacoa 2 raciones estuche 530 g","brand":"LA COCINERA ","img":"https://sgfm.elcorteingles.es/SGFM/dctm/MEDIA02/CONTENIDOS/201601/21/00201129000848____1__600x600.jpg","price":"3,40 €","price_unit":"(6,42 € / Kilo)","categories":["Supermercado","Congelados","Pizzas y platos italianos","Lasaña congelada","LA COCINERA lasaña barbacoa con salsa barbacoa 2 raciones estuche 530 g"],"general_information":["Denominación del alimento: Lasaña ultracongelada de carne con salsa barbacoa.","Nombre del operador: FINDUS ESPAÑA, S.L.U.","Dirección del operador: P.I. Berroa. C/ Berroa 13, 1ª planta. 31192 Tajonar (Navarra)","Cantidad Neta: 530 g","Otras menciones obligatorias en la etiqueta: Producto ultracongelado."],"ingredients":[" leche desnatada en polvo reconstituida, carne de cerdo (18,0%), salsa barbacoa (14,2%) (agua, tomate concentrado, vinagre, azúcar, fructosa, dextrosa, sal, ajo polvo deshidratado, extracto de malta de cebada, pimienta blanca, aroma de humo, aceite de girasol, espesantes: goma Xantana y goma Guar, aroma natural), pasta fresca al huevo (sémola de trigo duro, agua, huevo, clara de huevo, sal, aceite de girasol), queso mozzarella, aceite de girasol, harina de trigo, proteínas de leche, almidón modificado de maíz, sal, especias."],"conservation":" Producto ultracongelado. Conservar a -18°C o temperaturas inferiores.","ean":"8410239006445"},{"full_name":"LA COCINERA microondas lasaña a la boloñesa estuche 300 g","name":"microondas lasaña a la boloñesa estuche 300 g","brand":"LA COCINERA ","img":"https://sgfm.elcorteingles.es/SGFM/dctm/MEDIA03/201611/10/00118929001461____1__600x600.jpg","price":"2,50 €","price_unit":"(8,33 € / Kilo)","categories":["Supermercado","Congelados","Pizzas y platos italianos","Lasaña congelada","LA COCINERA microondas lasaña a la boloñesa estuche 300 g"],"general_information":["Denominación del alimento: Lasaña boloñesa ultracongelada","Nombre del operador: FINDUS ESPAÑA, S.L.U.","Dirección del operador: P.I. Berroa. C/ Berroa 13, 1ª planta. 31192 Tajonar (Navarra)","Cantidad Neta: 300 g","Otras menciones obligatorias en la etiqueta: Producto ultracongelado."],"ingredients":[" Leche desnatada en polvo parcialmente reconstituida, pasta fresca al huevo 20,3% (sémola de trigo duro, agua, huevo, clara de huevo, sal aceite de girasol), carne de cerdo (16,3%), tomate y concentrado de tomate, cebolla, queso mozzarella, aceite de girasol, harina de trigo, aceite de oliva, vino blanco, champiñón, zanahoria, almidón modificado de maíz, sal, extrusionado de trigo (harina de trigo, dextrosa, sal), azúcar, aromas, ajo, pimentón dulce, nuez moscada, extracto de malta de cebada, laurel, colorante (riboflavina)."],"conservation":" Producto ultracongelado. Conservar a -18°C o temperaturas inferiores.","ean":"8410100053264"},{"full_name":"LA COCINERA RECETAS ARTESANAS lasaña boloñesa estuche 530 g","name":"lasaña boloñesa estuche 530 g","brand":"LA COCINERA RECETAS ARTESANAS ","img":"https://sgfm.elcorteingles.es/SGFM/dctm/MEDIA03/201603/01/00118929000489____2__600x600.jpg","price":"3,30 €","price_unit":"(6,23 € / Kilo)","categories":["Supermercado","Congelados","Pizzas y platos italianos","Lasaña congelada","LA COCINERA RECETAS ARTESANAS lasaña boloñesa estuche 530 g"],"general_information":["Denominación del alimento: Lasaña boloñesa ultracongelada","Nombre del operador: FINDUS ESPAÑA, S.L.U.","Dirección del operador: P.I. Berroa. C/ Berroa 13, 1ª planta. 31192 Tajonar (Navarra)","Cantidad Neta: 530 g","Otras menciones obligatorias en la etiqueta: Producto ultracongelado."],"ingredients":[" leche desnatada en polvo reconstituida, carne de cerdo (18,3%), tomate, pasta fresca al huevo (12,6%) (sémola de trigo duro, agua, huevo, clara de huevo, sal, aceite de girasol), agua, harina de trigo, queso mozzarella, aceite de girasol, proteínas de leche, almidón modificado de maíz, cebolla, sal, vino blanco, pimienta blanca, nuez moscada."],"conservation":" Producto ultracongelado. Conservar a -18°C o temperaturas inferiores.","ean":"8410239017502"},{"full_name":"LA COCINERA RECETAS ARTESANAS lasaña de atún estuche 530 g","name":"lasaña de atún estuche 530 g","brand":"LA COCINERA RECETAS ARTESANAS ","img":"https://sgfm.elcorteingles.es/SGFM/00/63/8/0118929000638/0118929000638000g01011.jpg","price":"3,40 €","price_unit":"(6,42 € / Kilo)","categories":["Supermercado","Congelados","Pizzas y platos italianos","Lasaña congelada","LA COCINERA RECETAS ARTESANAS lasaña de atún estuche 530 g"],"general_information":["Denominación del alimento: Lasaña de atún ultracongelada","Nombre del operador: FINDUS ESPAÑA, S.L.U.","Dirección del operador: P.I. Berroa. C/ Berroa 13, 1ª planta. 31192 Tajonar (Navarra)","Cantidad Neta: 530 g","Otras menciones obligatorias en la etiqueta: Producto ultracongelado."],"ingredients":[" leche desnatada en polvo parcialmente reconstituida, agua, tomate (18,1%), pasta fresca al huevo (12,6%)(sémola de trigo duro, agua, huevo, clara de huevo, sal, aceite de girasol), atún (11,5%), harina de trigo, aceite de girasol, queso mozzarella, proteinas de leche, cebolla, almidón modificado de maÍz, sal, azúcar, pimiento rojo, vinagre de vino, pimienta blanca, nuez moscada."],"conservation":" Producto ultracongelado. Conservar a -18°C o temperaturas inferiores.","ean":"8410239017434"},{"full_name":"LA COCINERA RECETAS ARTESANAS lasaña de espinacas y queso fresco estuche 530 g","name":"lasaña de espinacas y queso fresco estuche 530 g","brand":"LA COCINERA RECETAS ARTESANAS ","img":"https://sgfm.elcorteingles.es/SGFM/dctm/MEDIA03/201603/01/00118929000646____2__600x600.jpg","price":"3,30 €","price_unit":"(6,23 € / Kilo)","categories":["Supermercado","Congelados","Pizzas y platos italianos","Lasaña congelada","LA COCINERA RECETAS ARTESANAS lasaña de espinacas y queso fresco estuche 530 g"],"general_information":["Denominación del alimento: Lasaña de espinacas y queso fresco ultracongelada.","Nombre del operador: FINDUS ESPAÑA, S.L.U.","Dirección del operador: P.I. Berroa. C/ Berroa 13, 1ª planta. 31192 Tajonar (Navarra)","Cantidad Neta: 530 g","Otras menciones obligatorias en la etiqueta: Producto ultracongelado."],"ingredients":[" leche desnatada en polvo reconstituida, espinacas (20%), pasta fresca al huevo (12,6%) (sémola de trigo duro, agua, huevo, clara de huevo, sal, aceite de girasol), agua, harina de trigo, aceite de girasol, queso mozzarella (4,3%), queso fresco (3,9%), proteínas de leche, queso fundido (2,1%)[queso (86%), proteínas de leche, sales fundentes: E330, E339, E452 Y E331], almidón modificado de maíz, sal, ajo, nuez moscada, pimientas blanca y negra, aroma, estabilizante (E451)."],"conservation":" Producto ultracongelado. Conservar a -18°C o temperaturas inferiores.","ean":"8410239005196"},{"full_name":"LA COCINERA RECETAS ARTESANAS lasaña jamón york y queso suave 2 raciones estuche 530 g","name":"lasaña jamón york y queso suave 2 raciones estuche 530 g","brand":"LA COCINERA RECETAS ARTESANAS ","img":"https://sgfm.elcorteingles.es/SGFM/dctm/MEDIA03/201709/07/00118929000968____8__600x600.jpg","price":"3,30 €","price_unit":"(6,23 € / Kilo)","categories":["Supermercado","Congelados","Pizzas y platos italianos","Lasaña congelada","LA COCINERA RECETAS ARTESANAS lasaña jamón york y queso suave 2 raciones estuche 530 g"],"general_information":["Denominación del alimento: LASAÑA DE JAMÓN Y QUESO ULTRACONGELADA.","Nombre del operador: FINDUS ESPAÑA, S.L.U.","Dirección del operador: P.I. Berroa. C/ Berroa 13, 1ª planta. 31192 Tajonar (Navarra)","Cantidad Neta: 530 g","Otras menciones obligatorias en la etiqueta: Producto ultracongelado."],"ingredients":[" leche desnatada en polvo reconstituida, pasta al huevo (12,6%) (sémola de trigo duro, agua, huevo, clara de huevo, sal, aceite de girasol), quesos (10,8%) queso Mozzarella y queso Emmental), jamón cocido (8,8%) (jamón de cerdo, agua, sal, azúcar, estabilizantes: difosfato disódico y carragenanos, antioxidantes: eritorbato de sodio y nitrito sódico, aroma de humo y cebolla), aceite de girasol, harina de trigo, proteínas de la leche, almidón modificado de maíz, sal, espesantes: goma guar y goma xantana y especias."],"conservation":" Producto ultracongelado. Conservar a -18°C o temperaturas inferiores.","ean":"7613032784867"},{"full_name":"MAHESO lasaña boloñesa con bechamel estuche 300 g","name":"lasaña boloñesa con bechamel estuche 300 g","brand":"MAHESO ","img":"https://sgfm.elcorteingles.es/SGFM/dctm/MEDIA02/CONTENIDOS/201508/28/00201129001606____1__600x600.jpg","price":"2,20 €","price_unit":"(7,33 € / Kilo)","categories":["Supermercado","Congelados","Pizzas y platos italianos","Lasaña congelada","MAHESO lasaña boloñesa con bechamel estuche 300 g"],"general_information":["Denominación del alimento: Lasaña Boloñesa con salsa bechamel.","País de origen: España","Nombre del operador: Gedesco S.A.","Dirección del operador: P.I. La Ferreria,  Avda de La Ferreria 59-71, 08110 Montcada i Reixac, Barcelona","Cantidad Neta: 300 g","Otras menciones obligatorias en la etiqueta: Plato preparado ultracongelado."],"ingredients":[" Salsa bechamel (36,7%): agua, leche desnatada en polvo reconstituida, margarina [grasa de palma, aceite de girasol, agua, sal, emulgente (E 471), acidulante (ácido cítrico), aromas], harina de trigo, suero de leche, grasa de palma y/o coco, almidón modificado, sal, almidón y especia. Relleno (30%): agua, carne de cerdo (24,6%), tomate, cerdo* (4%), aceite de girasol, almidón modificado, cebolla, sal, texturizado de trigo, caldo de carne concentrado, azúcar, vino, ajo, especias y aroma (contiene huevo). Pasta alimenticia: Harina y sémola de trigo, agua. Salsa de tomate: tomate, agua, cebolla, azúcar, aceite de girasol, almidón modificado, sal, especia, caldo de carne concentrado y ajo. Queso Emmental. *Carne separada mecánicamente de cerdo. (Porcentajes calculados en base al relleno). Contiene gluten, leche y huevo. Este producto ha sido elaborado en una fábrica que emplea: soja, pescado, crustáceos, moluscos, frutos de cáscara, apio, mostaza y sésamo."],"conservation":" Conservar a -18°C. Una vez descongelado, no volver a congelar.","ean":"8410705003121"},{"full_name":"MAHESO lasaña 4 quesos estuche 280 g","name":"lasaña 4 quesos estuche 280 g","brand":"MAHESO ","img":"https://sgfm.elcorteingles.es/SGFM/00/98/4/0118929000984/0118929000984000g01011.jpg","price":"2,20 €","price_unit":"(7,86 € / Kilo)","categories":["Supermercado","Congelados","Pizzas y platos italianos","Lasaña congelada","MAHESO lasaña 4 quesos estuche 280 g"],"general_information":["Denominación del alimento: Lasaña 4 quesos.","País de origen: España","Nombre del operador: Gedesco S.A.","Dirección del operador: P.I. La Ferreria,  Avda de La Ferreria 59-71, 08110 Montcada i Reixac, Barcelona","Cantidad Neta: 280 g","Otras menciones obligatorias en la etiqueta: Plato preparado ultracongelado."],"ingredients":[" Producto lácteo reconstituido (lactosa, grasa de leche, proteínas de leche), pasta alimenticia (harina y sémola de trigo, agua), leche desnatada en polvo reconstituida, agua, margarina [grasa de palma, aceite de girasol, agua, sal, emulgente (E 471), acidulante (ácido cítrico), aromas], tomate, queso blanco pasteurizado (3%) (leche pasteurizada, nata, cuajo, sal, almidón modificado, fermentos lácteos), queso Emmental (2,9%), harina de trigo, almidón modificado, nata, mezcla de quesos curados (2%) (quesos curados, Grana Padano, Parmigiano Reggiano) (contiene huevo), queso azul (1,9%), aceite de girasol, suero de leche, grasa de palma y/o coco, almidón, sal, cebolla, vino, azúcar, especias, aroma (contiene leche), caldo deshidratado sabor pollo (contiene gluten) y potenciador del sabor (glutamato monosódico). Consultar trazas de alérgenos. Contiene gluten, leche y huevo. Este producto ha sido elaborado en una fábrica que emplea: pescado, crustáceos, soja, apio, frutos de cáscara, mostaza, sésamo y moluscos."],"conservation":" Conservar a -18°C. Una vez descongelado, no volver a congelar.","ean":"8410705005293"},{"full_name":"MAHESO lasaña boloñesa con queso emmental envase 300 g","name":"lasaña boloñesa con queso emmental envase 300 g","brand":"MAHESO ","img":"https://sgfm.elcorteingles.es/SGFM/dctm/MEDIA02/CONTENIDOS/201510/09/00118929001560____1__600x600.jpg","price":"2,89 €","price_unit":"(9,63 € / Kilo)","categories":["Supermercado","Congelados","Pizzas y platos italianos","Lasaña congelada","MAHESO lasaña boloñesa con queso emmental envase 300 g"],"general_information":["Denominación del alimento: Lasaña Boloñesa con salsa bechamel  y queso Emmental","País de origen: España","Nombre del operador: Gedesco S.A.","Dirección del operador: P.I. La Ferreria,  Avda de La Ferreria 59-71, 08110 Montcada i Reixac, Barcelona","Cantidad Neta: 300 g","Otras menciones obligatorias en la etiqueta: Plato preparado ultracongelado."],"ingredients":[" Pasta alimenticia (harina y sémola de trigo, agua), leche entera en polvo reconstituida,  carne de cerdo (20%), tomate, agua, queso Emmental (5%), zanahoria, margarina [grasas y aceites vegetales (palma, soja, girasol), agua, sal, regulador de la acidez (ácido cítrico), conservador (E 200), emulgentes (E 471, lecitinas), antioxidantes (E 304, extracto rico en tocoferoles), colorante (carotenos), aromas], harina de trigo, almidón modificado, cebolla, aceite de girasol, suero de leche, grasa de palma y/o coco, azúcar, sal, aceite de oliva, almidón, especias, caldo de carne concentrado, jarabe de glucosa y fructosa, aroma (contiene gluten) y extracto de levadura. Contiene: gluten y leche. Este producto ha sido elaborado en una fábrica que emplea: huevo, soja, pescado, crustáceos, moluscos, frutos de cáscara, apio, mostaza y sésamo."],"conservation":" Conservar a -18°C. Una vez descongelado, no volver a congelar.","ean":"8410705020661"},{"full_name":"MAHESO lasaña vegetal con bechamel para horno y microondas estuche 300 g","name":"lasaña vegetal con bechamel para horno y microondas estuche 300 g","brand":"MAHESO ","img":"https://sgfm.elcorteingles.es/SGFM/01/07/3/0118929001073/0118929001073000g01011.jpg","price":"2,20 €","price_unit":"(7,33 € / Kilo)","categories":["Supermercado","Congelados","Pizzas y platos italianos","Lasaña congelada","MAHESO lasaña vegetal con bechamel para horno y microondas estuche 300 g"],"general_information":["Denominación del alimento: Lasaña vegetal.","País de origen: España","Nombre del operador: Gedesco S.A.","Dirección del operador: P.I. La Ferreria,  Avda de La Ferreria 59-71, 08110 Montcada i Reixac, Barcelona","Cantidad Neta: 300 g","Otras menciones obligatorias en la etiqueta: Plato preparado ultracongelado."],"ingredients":[" Agua, pasta alimenticia (harina y sémola de trigo, agua), leche desnatada en polvo reconstituida, espinacas (7%), mezcla de setas (4.6%) [seta Nameko (Pholiota nameko), cardo baby (Pleurotus ostreatus), Shiitake (Lentinus edodes), Boletus luteus, Boletus edulis, champiñones (Agaricus bisporus)], cebolla (4%), tomate, margarina [grasa de palma, aceite de girasol, agua, sal, emulgente (E 471), acidulante (ácido cítrico), aromas], producto lácteo reconstituido (agua, lactosa, grasa de leche, proteínas de leche), queso Emmental (2%), almidón modificado, pimiento rojo y verde (1.5%), harina de trigo, suero de leche, grasa de palma y/o coco, queso fundido, nata pasteurizada, berenjena (1%), texturizado de trigo, calabacín (1%), aceite de girasol, sal, zanahoria, aromas (contiene gluten, leche), almidón, pan rallado (contiene gluten), azúcar, caldo deshidratado de verduras, potenciadores del sabor (E 621, E 631), especias y ajo. Consultar trazas de alérgenos. Contiene gluten y leche. Este producto ha sido elaborado en una fábrica que emplea: huevo, soja, pescado, crustáceos, moluscos, frutos de cáscara, apio, mostaza y sésamo."],"conservation":" Conservar a -18°C. Una vez descongelado, no volver a congelar.","ean":"8410705003534"},{"full_name":"MAHESO lasaña boloñesa sin gluten 2 raciones estuche 525 g","name":"lasaña boloñesa sin gluten 2 raciones estuche 525 g","brand":"MAHESO ","img":"https://sgfm.elcorteingles.es/SGFM/dctm/MEDIA03/201701/20/00118929001826____1__600x600.jpg","price":"3,69 €","price_unit":"(7,03 € / Kilo)","categories":["Supermercado","Congelados","Pizzas y platos italianos","Lasaña congelada","MAHESO lasaña boloñesa sin gluten 2 raciones estuche 525 g"],"general_information":["Denominación del alimento: Lasaña de carne con bechamel y queso emmental sin gluten","País de origen: España","Nombre del operador: Gedesco S.A.","Dirección del operador: P.I. La Ferreria,  Avda de La Ferreria 59-71, 08110 Montcada i Reixac, Barcelona","Cantidad Neta: 525 g","Otras menciones obligatorias en la etiqueta: Plato preparado ultracongelado"],"ingredients":[" Salsa Bechamel: agua, leche desnatada en polvo reconstituida, margarina [grasa de palma, aceite de girasol, agua, sal, emulgente (E 471), acidulante (ácido cítrico), aromas], harina de arroz, suero de leche, grasa de palma y/o coco, almidón modificado, sal, almidón y aroma. Relleno (34%): tomate, agua, carne de cerdo (23%), zanahoria, aceite de girasol, cebolla, proteína de soja, almidón modificado, azúcar, aceite de oliva, pan rallado [harina de arroz, dextrosa, fibra vegetal, sal, emulgente (E 471), colorante (caramelo natural), especias], sal, aroma (contiene huevo), potenciadores del sabor (E 621, E 627, E631), especias y jarabe de glucosa y fructosa. (Porcentajes calculados en base al relleno). Pasta alimenticia: harina de maiz y de arroz. Queso Emmental (1%). Contiene leche, huevo y soja. Este producto ha sido elaborado en una fábrica que emplea: pescado, crustáceos, moluscos, frutos de cáscara, apio y mostaza."],"conservation":" Conservar a -18°C. Una vez descongelado, no volver a congelar.","ean":"8410705033289"},{"full_name":"EUROCHEF lasaña boloñesa biológica bandeja 300 g","name":"lasaña boloñesa biológica bandeja 300 g","brand":"EUROCHEF ","img":"https://sgfm.elcorteingles.es/SGFM/dctm/MEDIA03/201704/04/00118929001867____1__600x600.jpg","price":"3,95 €","price_unit":"(13,17 € / Kilo)","categories":["Supermercado","Congelados","Pizzas y platos italianos","Lasaña congelada","EUROCHEF lasaña boloñesa biológica bandeja 300 g"],"general_information":[],"ingredients":[],"ean":"8013554108667"},{"full_name":"EUROCHEF lasaña con pesto genovés biológica bandeja 400 g","name":"lasaña con pesto genovés biológica bandeja 400 g","brand":"EUROCHEF ","img":"https://sgfm.elcorteingles.es/SGFM/dctm/MEDIA03/201704/04/00118929001842____1__600x600.jpg","price":"4,35 €","price_unit":"(10,88 € / Kilo)","categories":["Supermercado","Congelados","Pizzas y platos italianos","Lasaña congelada","EUROCHEF lasaña con pesto genovés biológica bandeja 400 g"],"general_information":[],"ingredients":[],"ean":"8013554108674"},{"full_name":"EUROCHEF lasaña con ragú vegetal biológica bandeja 400 g","name":"lasaña con ragú vegetal biológica bandeja 400 g","brand":"EUROCHEF ","img":"https://sgfm.elcorteingles.es/SGFM/dctm/MEDIA03/201704/04/00118929001859____1__600x600.jpg","price":"3,95 €","price_unit":"(9,88 € / Kilo)","categories":["Supermercado","Congelados","Pizzas y platos italianos","Lasaña congelada","EUROCHEF lasaña con ragú vegetal biológica bandeja 400 g"],"general_information":[],"ingredients":[],"ean":"8013554108681"},{"full_name":"EL CORTE INGLES canelones de carne 2 raciones estuche 600 g","name":"canelones de carne 2 raciones estuche 600 g","brand":"EL CORTE INGLES ","img":"https://sgfm.elcorteingles.es/SGFM/dctm/MEDIA02/CONTENIDOS/201601/18/00118929001610____1__600x600.jpg","price":"2,31 €","price_unit":"(3,85 € / Kilo)","categories":["Supermercado","Congelados","Pizzas y platos italianos","Canelones congelados","EL CORTE INGLES canelones de carne 2 raciones estuche 600 g"],"general_information":["Denominación del alimento: Canelones de carne.  Producto precocinado ultracongelado.","Nombre del operador: Elaborado para El Corte Inglés por Tutti Pasta, S.A. Polígono Comarca 2, Calle B 10. 31191 Esquiroz (Navarra) España","Cantidad Neta: 600 g","Número de raciones por envase: 2.0"],"ingredients":[" Ingredientes:\nRelleno de carne [38%]: [tomate (45%) (tomate y corrector de acidez: ácido cítrico), carne de ternera vacuno (31%), agua, cebolla (4%) (Cebolla, aceite de palma, harina de trigo, sal), margarina (3%) (grasas y aceites vegetales (girasol, coco y palma), agua, emulgentes de ácidos grasos, lecitinas, sal  (0, 4%), acidulante: ácido cítrico, conservante: sorbato potásico, aromas, colorante: betacaroteno), harina de soja (3%), almidón de maíz (2%), vino blanco (sulfitos), aceite girasol, almidón de patata, sal, ajo, fondo de carne (sal, extracto de levadura (cebada), lactosa, grasa de carne (5%), extracto de carne (3%), cebolla en polvo y especias(apio)), nuez moscada, pimienta blanca].\nBechamel [38%]:  [agua, almidón de patata (5%), aceite de palma (5%) (aceite de palma, glucosa, proteína de leche), suero de leche (3%) (suero dulce de quesería, proteínas de la leche), leche (3%), sal, azúcar].\nPasta fresca al huevo [22%]:  [sémola de trigo duro, agua, huevo, gluten y sal].\nQueso [2%]:  [Leche, sal, almidón, fermento láctico, cuajo, colorante (E160a).]"],"conservation":" PRODUCTO ULTRACONGELADO. CONSERVAR A -18ºC\nObservaciones: puede conservarse 1 día en el frigorífico.  \nNO VOLVER A CONGELAR UNA VEZ DESCONGELADO","ean":"8433329070188"},{"full_name":"EL CORTE INGLES canelones de atún 2 raciones estuche 600 g","name":"canelones de atún 2 raciones estuche 600 g","brand":"EL CORTE INGLES ","img":"https://sgfm.elcorteingles.es/SGFM/dctm/MEDIA03/201602/11/00118929001628____2__600x600.jpg","price":"2,31 €","price_unit":"(3,85 € / Kilo)","categories":["Supermercado","Congelados","Pizzas y platos italianos","Canelones congelados","EL CORTE INGLES canelones de atún 2 raciones estuche 600 g"],"general_information":["Denominación del alimento: Canelones de atún.  Producto precocinado ultracongelado.","Nombre del operador: Elaborado para El Corte Inglés por Tutti Pasta, S.A. Polígono Comarca 2, Calle B 10. 31191 Esquiroz (Navarra) España","Cantidad Neta: 600 g","Número de raciones por envase: 2.0"],"ingredients":[" Ingredientes:\nBechamel [54%]:  [agua, almidón de patata (5%), aceite de palma (5%) (aceite de palma, glucosa, proteína de la leche), suero de leche (3%) (suero dulce de quesería, proteínas de la leche), leche (3%), sal, azúcar].\n\nRelleno atún [30%]:  [atún (35%) (atún, aceite de girasol y sal), tomate (25%) (tomate y corrector de acidez: ácido cítrico), agua, atún (6%) (atún, agua, vinagre de vino (sulfitos), aceite vegetal y sal), cebolla (4%) (cebolla y aceite de girasol), pimiento rojo (3%),  aceite girasol (2%), almidón de patata (2%), almidón de arroz, azúcar, vino tinto (sulfitos), harina integral de trigo, sal, vinagre de vino blanco (sulfitos), pimienta negra].\n\nPasta fresca al huevo [14%]:  [sémola de trigo duro, agua, huevo, gluten y sal]].\n\nQueso [2%]:  [Leche, sal, almidón, fermento láctico, cuajo, colorante (E160a).]"],"conservation":" PRODUCTO ULTRACONGELADO. CONSERVAR A -18ºC\nObservaciones: puede conservarse 1 día en el frigorífico.  \nNO VOLVER A CONGELAR UNA VEZ DESCONGELADO","ean":"8433329070195"},{"full_name":"LA COCINERA RECETAS ARTESANAS canelones de atún estuche 530 g","name":"canelones de atún estuche 530 g","brand":"LA COCINERA RECETAS ARTESANAS ","img":"https://sgfm.elcorteingles.es/SGFM/dctm/MEDIA03/201611/10/00118929000471____1__600x600.jpg","price":"3,30 €","price_unit":"(6,23 € / Kilo)","categories":["Supermercado","Congelados","Pizzas y platos italianos","Canelones congelados","LA COCINERA RECETAS ARTESANAS canelones de atún estuche 530 g"],"general_information":["Denominación del alimento: Canelones de atún ultracongelados.","Nombre del operador: FINDUS ESPAÑA, S.L.U.","Dirección del operador: P.I. Berroa. C/ Berroa 13, 1ª planta. 31192 Tajonar (Navarra)","Cantidad Neta: 530 g","Otras menciones obligatorias en la etiqueta: Producto ultracongelado."],"ingredients":[" leche desnatada en polvo parcialmente reconstituida, tomate (16,9%), pasta fresca al huevo (12,6%) (sémola de trigo duro, agua, huevo, clara de huevo, sal, aceite de girasol), atún (11,2%), harina de trigo , aceite de girasol, queso mozzarella, proteínas de la leche , cebolla, almidón modificado de maíz, sal, azúcar, pimiento rojo, vinagre de vino, pimienta blanca, nuez moscada."],"conservation":" Producto ultracongelado. Conservar a -18°C o temperaturas inferiores.","ean":"8410239017199"},{"full_name":"LA COCINERA RECETAS ARTESANAS canelones de carne estuche 530 g","name":"canelones de carne estuche 530 g","brand":"LA COCINERA RECETAS ARTESANAS ","img":"https://sgfm.elcorteingles.es/SGFM/dctm/MEDIA03/201611/10/00118929000117____2__600x600.jpg","price":"3,30 €","price_unit":"(6,23 € / Kilo)","categories":["Supermercado","Congelados","Pizzas y platos italianos","Canelones congelados","LA COCINERA RECETAS ARTESANAS canelones de carne estuche 530 g"],"general_information":["Denominación del alimento: Canelones de carne ultracongelados.","Nombre del operador: FINDUS ESPAÑA, S.L.U.","Dirección del operador: P.I. Berroa. C/ Berroa 13, 1ª planta. 31192 Tajonar (Navarra)","Cantidad Neta: 530 g","Otras menciones obligatorias en la etiqueta: Producto ultracongelado."],"ingredients":[" leche desnatada reconstituida, tomate, pasta fresca al huevo (12,6%) (sémola de trigo duro, agua, huevo, clara de huevo, sal y aceite de girasol), magro de cerdo (12,2%), agua, harina de trigo, aceite de girasol, queso Mozzarella, proteínas de la leche, tomate concentrado, cebolla, almidón modificado de maíz, sal, vino blanco, especias."],"conservation":" Producto ultracongelado. Conservar a -18°C o temperaturas inferiores.","ean":"8410239017274"},{"full_name":"LA COCINERA microondas canelones a la italiana estuche 300 g","name":"microondas canelones a la italiana estuche 300 g","brand":"LA COCINERA ","img":"https://sgfm.elcorteingles.es/SGFM/dctm/MEDIA03/201603/01/00118929001479____1__600x600.jpg","price":"2,65 €","price_unit":"(8,83 € / Kilo)","categories":["Supermercado","Congelados","Pizzas y platos italianos","Canelones congelados","LA COCINERA microondas canelones a la italiana estuche 300 g"],"general_information":["Denominación del alimento: CANELONES DE CARNE DE CERDO Y VACUNO ULTRACONGELADOS.","Nombre del operador: FINDUS ESPAÑA, S.L.U.","Dirección del operador: P.I. Berroa. C/ Berroa 13, 1ª planta. 31192 Tajonar (Navarra)","Cantidad Neta: 600 g","Otras menciones obligatorias en la etiqueta: Producto ultracongelado."],"ingredients":[" Agua, magro de cerdo (12,4%), pasta fresca al huevo (12,1%) (sémola de trigo duro, agua, huevo, clara de huevo), leche desnatada en polvo, aceite de girasol, queso mozzarella, carne de vacuno (4,1%), tomate, cebolla, harina de trigo, almidón modificado de maíz, aceite de oliva, sal, tomate concentrado, vino blanco, pan rallado (harina de trigo, agua, sal y levadura), azúcar, aroma de vacuno, ajo, aroma, especias, extracto de malta de cebada en polvo y colorante: riblofavina."],"conservation":" Producto ultracongelado. Conservar a -18°C o temperaturas inferiores.","ean":"8410100053240"},{"full_name":"MAHESO canelones de carne con bechamel 12 unidades estuche 1000 g","name":"canelones de carne con bechamel 12 unidades estuche 1000 g","brand":"MAHESO ","img":"https://sgfm.elcorteingles.es/SGFM/dctm/MEDIA03/201707/05/00118929001982____1__600x600.jpg","price":"4,29 €","price_unit":"(4,29 € / Kilo)","categories":["Supermercado","Congelados","Pizzas y platos italianos","Canelones congelados","MAHESO canelones de carne con bechamel 12 unidades estuche 1000 g"],"general_information":["Denominación del alimento: Canelones de carne con salsa bechamel","País de origen: España","Nombre del operador: Gedesco S.A.","Dirección del operador: P.I. La Ferreria,  Avda de La Ferreria 59-71, 08110 Montcada i Reixac, Barcelona","Cantidad Neta: 1 Kilogramos","Otras menciones obligatorias en la etiqueta: Plato preparado ultracongelado."],"ingredients":[" Salsa bechamel (49%): Agua, leche desnatada en polvo reconstituida, margarina [grasa de palma, aceite de girasol, agua, sal, emulgente (E 471), acidulante (ácido cítrico), aromas], harina de trigo, suero de leche, grasa de palma y/o coco, almidón modificado, sal, almidón y especia. Relleno (29%): Pollo* (26,3%), agua, cerdo* (19,3%), cebolla, tocino de cerdo, leche desnatada en polvo reconstituida, extracto proteico de cerdo, pan rallado (harina y salvado de trigo, agua, sal, levadura), texturizado de trigo, proteína de soja, manteca de cerdo, margarina [grasa de palma, aceite de girasol, agua, sal, emulgente (E 471), acidulante (ácido cítrico), aromas], sal, suero de leche, grasa de palma y/o coco, vino, harina de trigo, almidón modificado, caldo deshidratado de pollo, potenciadores del sabor (E 621, E 627, E 631), almidón, especias (contiene apio) y dextrosa. *Carne separada mecánicamente de pollo y cerdo. Porcentajes calculados en base al relleno. Pasta alimenticia: Harina y sémola de trigo, agua. Queso Emmental. Consultar trazas de alérgenos. Contiene: leche, gluten, soja y apio. Este producto ha sido elaborado en una fábrica que emplea: huevo, pescado, crustáceos, moluscos, frutos de cáscara, mostaza y sésamo."],"conservation":" Conservar a -18°C. Una vez descongelado, no volver a congelar.","ean":"8410705023167"},{"full_name":"MAHESO canelones de atún con bechamel para horno y microondas estuche 300 g","name":"canelones de atún con bechamel para horno y microondas estuche 300 g","brand":"MAHESO ","img":"https://sgfm.elcorteingles.es/SGFM/01/08/1/0118929001081/0118929001081000g01011.jpg","price":"2,20 €","price_unit":"(7,33 € / Kilo)","categories":["Supermercado","Congelados","Pizzas y platos italianos","Canelones congelados","MAHESO canelones de atún con bechamel para horno y microondas estuche 300 g"],"general_information":["Denominación del alimento: Canelón de atún.","País de origen: España","Nombre del operador: Gedesco S.A.","Dirección del operador: P.I. La Ferreria,  Avda de La Ferreria 59-71, 08110 Montcada i Reixac, Barcelona","Cantidad Neta: 300 g","Otras menciones obligatorias en la etiqueta: Plato preparado ultracongelado."],"ingredients":[" Leche desnatada en polvo reconstituida, pasta alimenticia (harina y sémola de trigo, agua), atún en aceite (12%) (atún, aceite de girasol, sal), tomate, agua, margarina [grasa de palma, aceite de girasol, agua, sal, emulgente (E 471), acidulante (ácido cítrico), aromas], harina de trigo, pimiento rojo, cebolla, queso Emmental, aceite de girasol, zanahoria, suero de leche, grasa de palma y/o coco, almidón modificado, almidón, sal, pan rallado (contiene gluten), azúcar, aromas y especias. Consultar trazas de alérgenos. Contiene gluten, leche y pescado. Este producto ha sido elaborado en una fábrica que emplea: huevo, soja, crustáceos, moluscos, frutos de cáscara, apio, mostaza y sésamo."],"conservation":" Conservar a -18°C. Una vez descongelado, no volver a congelar.","ean":"8410705003206"},{"full_name":"MAHESO canelones de carne con bechamel gratinados envase 300 g","name":"canelones de carne con bechamel gratinados envase 300 g","brand":"MAHESO ","img":"https://sgfm.elcorteingles.es/SGFM/00/69/5/0118929000695/0118929000695000g01011.jpg","price":"2,20 €","price_unit":"(7,33 € / Kilo)","categories":["Supermercado","Congelados","Pizzas y platos italianos","Canelones congelados","MAHESO canelones de carne con bechamel gratinados envase 300 g"],"general_information":["Denominación del alimento: Canelones de carne con salsa bechamel.","País de origen: España","Nombre del operador: Gedesco S.A.","Dirección del operador: P.I. La Ferreria,  Avda de La Ferreria 59-71, 08110 Montcada i Reixac, Barcelona","Cantidad Neta: 300 g","Otras menciones obligatorias en la etiqueta: Plato preparado ultracongelado."],"ingredients":[" Salsa Bechamel (58%): Agua, leche desnatada en polvo reconstituida, margarina [grasa de palma, aceite de girasol, agua, sal, emulgente (E 471), acidulante (ácido cítrico), aromas], harina de trigo, suero de leche, grasa de palma y/o coco, almidón modificado, sal, almidón y aroma. Relleno (24%): Carne de cerdo (19%), carne de ave (pollo y/o pavo) (17%), agua, cebolla, manteca de cerdo, cerdo* (5,9%), pollo* (5,2*), proteína de soja, hígado de cerdo, tocino de cerdo, leche desnatada en polvo reconstituida, sal, suero de leche, grasa de palma y/o coco, margarina [grasa de palma, aceite de girasol, agua, sal, emulgente (E 471), acidulante (ácido cítrico), aromas], harina de trigo, almidón modificado, aromas, potenciador del sabor (glutamato monosódico), dextrosa y especias (contiene apio), almidón y caldo de carne concentrado. *Carne separada mecánicamente de cerdo y pollo. Porcentajes calculados en base al relleno. Pasta alimenticia: Harina y sémola de trigo, agua. Queso Emmental. Contiene: leche, gluten, soja y apio. Este producto ha sido elaborado en una fábrica que emplea: huevo, pescado, crustáceos, moluscos, frutos de cáscara, mostaza y sésamo."],"conservation":" Conservar a -18°C. Una vez descongelado, no volver a congelar.","ean":"8410705003114"},{"full_name":"MAHESO canelones de carne con queso emmental envase 300 g","name":"canelones de carne con queso emmental envase 300 g","brand":"MAHESO ","img":"https://sgfm.elcorteingles.es/SGFM/dctm/MEDIA02/CONTENIDOS/201505/21/00118929001552____1__600x600.jpg","price":"2,89 €","price_unit":"(9,63 € / Kilo)","categories":["Supermercado","Congelados","Pizzas y platos italianos","Canelones congelados","MAHESO canelones de carne con queso emmental envase 300 g"],"general_information":["Denominación del alimento: Canelones de carne con salsa bechamel y queso Emmental","País de origen: España","Nombre del operador: Gedesco S.A.","Dirección del operador: P.I. La Ferreria,  Avda de La Ferreria 59-71, 08110 Montcada i Reixac, Barcelona","Cantidad Neta: 300 g","Otras menciones obligatorias en la etiqueta: Plato preparado ultracongelado."],"ingredients":[" Leche entera en polvo reconstituida, pasta alimenticia (harina y sémola de trigo, agua, huevo en polvo, sal), carne de vacuno (6%), cebolla, queso Emmental (5%), carne de cerdo (5%), carne de ave (pollo y/o pavo) (5%), margarina [grasas y aceites vegetales (palma, soja, girasol), agua, sal, regulador de la acidez (ácido cítrico), conservador (E 200), emulgentes (E 471, lecitinas), antioxidantes (E 304, extracto rico en tocoferoles), colorante (carotenos), aromas], harina de trigo, suero de leche, grasa de palma y/o coco, zanahoria, almidón modificado, aceite de oliva, puerro, manteca de cerdo, sal, vino, aroma, ajo, almidón, apio y especias. Contiene: gluten, leche, huevo y apio. Este producto ha sido elaborado en una fábrica que emplea: soja, pescado, crustáceos, moluscos, frutos de cáscara y mostaza."],"conservation":" Conservar a -18°C. Una vez descongelado, no volver a congelar.","ean":"8410705020654"},{"full_name":"MAHESO canelones de marisco con queso emmental estuche 300 g","name":"canelones de marisco con queso emmental estuche 300 g","brand":"MAHESO ","img":"https://sgfm.elcorteingles.es/SGFM/dctm/MEDIA02/CONTENIDOS/201511/30/00118929001578____1__600x600.jpg","price":"2,99 €","price_unit":"(9,97 € / Kilo)","categories":["Supermercado","Congelados","Pizzas y platos italianos","Canelones congelados","MAHESO canelones de marisco con queso emmental estuche 300 g"],"general_information":["Denominación del alimento: Canelones de marisco","País de origen: España","Nombre del operador: Gedesco S.A.","Dirección del operador: P.I. La Ferreria,  Avda de La Ferreria 59-71, 08110 Montcada i Reixac, Barcelona","Cantidad Neta: 300 g","Número de raciones por envase: 1","Otras menciones obligatorias en la etiqueta: Plato preparado ultracongelado."],"ingredients":[" Agua, pasta alimenticia (harina y sémola de trigo, agua), leche desnatada en polvo reconstituida, gamba (6%) [gamba, agua, estabilizadores (E 451, E 452), conservador (E 223)], merluza (5%), sepia (5%), margarina [grasas y aceites vegetales (palma, soja, girasol), agua, sal, regulador de la acidez (ácido cítrico), conservador (E 200), emulgente (E 471, lecitinas), antioxidantes (E 304, extracto rico en tocoferoles), colorante (carotenos), aromas] margarina [grasa de palma, aceite de girasol, agua, sal, emulgente (E 471), acidulante (ácido cítrico), aromas], cebolla, queso Emmental (4%), producto lácteo reconstituido (agua, lactosa, grasa de leche, proteínas de leche), texturizado de trigo, camarón (2,5%) harina de trigo, suero de leche, grasa de palma y/o coco, almidón modificado, tomate, fumet de pescado [agua, pescado de roca, cangrejo, rape, tomate, aceite de girasol, apio, zanahoria, vino, sal, puerro, cebolla frita (contiene gluten), pan (contiene gluten), ajo y especias], pimiento rojo frito (aceite de girasol y pimiento rojo),  cebolla frita (cebolla y aceite de girasol), sal, vino, aromas (contiene pescado y crustáceos), almidón, ajo, azúcar, nata pasteurizada y especias. Consultar trazas de alérgenos. Contiene: gluten, leche, pescado, crustáceos, moluscos  y apio. Este producto ha sido elaborado en una fábrica que emplea: huevo, soja, frutos de cáscara y mostaza."],"conservation":" Conservar a -18°C. Una vez descongelado, no volver a congelar.","ean":"8410705020814"},{"full_name":"MAHESO canelones de setas con queso emmental estuche 300 g","name":"canelones de setas con queso emmental estuche 300 g","brand":"MAHESO ","img":"https://sgfm.elcorteingles.es/SGFM/dctm/MEDIA02/CONTENIDOS/201511/30/00118929001586____1__600x600.jpg","price":"2,99 €","price_unit":"(9,97 € / Kilo)","categories":["Supermercado","Congelados","Pizzas y platos italianos","Canelones congelados","MAHESO canelones de setas con queso emmental estuche 300 g"],"general_information":["Denominación del alimento: Canelones de setas","País de origen: España","Nombre del operador: Gedesco S.A.","Dirección del operador: P.I. La Ferreria,  Avda de La Ferreria 59-71, 08110 Montcada i Reixac, Barcelona","Cantidad Neta: 300 g","Número de raciones por envase: 1","Otras menciones obligatorias en la etiqueta: Plato preparado ultracongelado."],"ingredients":[" Mezcla de setas (24%) [champiñón (Agaricus bisporus), Seta Nameko (Pholiota nameko), Cardo baby (Pleurotus ostreatus), Shiitake (Lentinus edodes), Boletus (Boletus luteus, Boletus edulis)], pasta alimenticia (harina y sémola de trigo, agua), leche desnatada en polvo reconstituida, cebolla, producto lácteo reconstituido (agua, lactosa, grasa de leche, proteínas de leche), agua, margarina [grasa de palma, aceite de girasol, agua, sal, emulgente (E 471), acidulante (ácido cítrico), aromas], queso Emmental (4%), mantequilla, almidón modificado, almidón, harina de trigo, texturizado de trigo, suero de leche, grasa de palma y/o coco, sal, aroma (contiene gluten), caldo deshidratado sabor pollo (contiene gluten), potenciadores del sabor (E 631, E 627) y especias. Consultar trazas de alérgenos. Contiene gluten y leche. Este producto ha sido elaborado en una fábrica que emplea: huevo, soja, pescado, crustáceos, moluscos, frutos de cáscara, apio, mostaza y sésamo."],"conservation":" Conservar a -18°C. Una vez descongelado, no volver a congelar.","ean":"8410705028506"},{"full_name":"MAHESO Receta Maestra canelones con foie y trufa y queso emmental estuche 300 g","name":"Receta Maestra canelones con foie y trufa y queso emmental estuche 300 g","brand":"MAHESO ","img":"https://sgfm.elcorteingles.es/SGFM/dctm/MEDIA03/201710/17/00118929002063____1__600x600.jpg","price":"2,90 €","price_unit":"(9,67 € / Kilo)","categories":["Supermercado","Congelados","Pizzas y platos italianos","Canelones congelados","MAHESO Receta Maestra canelones con foie y trufa y queso emmental estuche 300 g"],"general_information":["Denominación del alimento: Canelón de foie y trufa con queso Emmental","País de origen: España","Nombre del operador: Gedesco S.A.","Dirección del operador: P.I. La Ferreria,  Avda de La Ferreria 59-71, 08110 Montcada i Reixac, Barcelona","Cantidad Neta: 300 g","Otras menciones obligatorias en la etiqueta: Plato preparado ultracongelado."],"ingredients":[" leche desnatada en polvo reconstituida, producto lácteo reconstituido (agua, lactosa, grasa de leche, proteínas de leche), pasta alimenticia (harina y sémola de trigo, agua), carne de cerdo (8%), carne de pollo (7,4%), agua, aceite de girasol, bloc de foie gras (3,5%), harina de trigo, cebolla, almidón modificado de maíz, almidón de maíz, sal, zanahoria, pan rallado (harina de trigo, levadura, sal y dextrosa de maíz), trufa (0,3%), brandy, aroma natural, especias y setas (Trompeta Laumont).  Contiene: gluten y leche. Este producto ha sido elaborado en una fábrica que emplea: huevo, soja, crustáceos, pescado, moluscos, frutos de cáscara y apio."],"conservation":" Conservar a -18°C. Una vez descongelado, no volver a congelar.","ean":"8410705034309"},{"full_name":"EUROCHEF canelones de queso ricotta y espinacas biológicos bandeja 300 g","name":"canelones de queso ricotta y espinacas biológicos bandeja 300 g","brand":"EUROCHEF ","img":"https://sgfm.elcorteingles.es/SGFM/dctm/MEDIA03/201704/04/00118929001875____1__600x600.jpg","price":"4,39 €","price_unit":"(14,63 € / Kilo)","categories":["Supermercado","Congelados","Pizzas y platos italianos","Canelones congelados","EUROCHEF canelones de queso ricotta y espinacas biológicos bandeja 300 g"],"general_information":[],"ingredients":[],"ean":"8013554108643"},{"full_name":"EUROCHEF macarrones con queso biológicos bandeja 255 g","name":"macarrones con queso biológicos bandeja 255 g","brand":"EUROCHEF ","img":"https://sgfm.elcorteingles.es/SGFM/dctm/MEDIA03/201704/04/00118929001834____1__600x600.jpg","price":"3,35 €","price_unit":"(13,14 € / Kilo)","categories":["Supermercado","Congelados","Pizzas y platos italianos","Pasta congelada","EUROCHEF macarrones con queso biológicos bandeja 255 g"],"general_information":[],"ingredients":[],"ean":"8013554108698"}]