[{"full_name":"EL CORTE INGLES pizza margarita envase 340 g","name":"pizza margarita envase 340 g","brand":"EL CORTE INGLES ","img":"https://sgfm.elcorteingles.es/SGFM/dctm/MEDIA03/201608/26/00118850403397____1__600x600.jpg","price":"1,95 €            ","price_unit":"(5,44 € / Kilo)","categories":["Supermercado","Alimentación General","Platos preparados","Pizzas","EL CORTE INGLES pizza margarita envase 340 g"],"general_information":["Denominación del alimento: PLATO PREPARADO REFRIGERADO.","Nombre del operador: Elaborado para El Corte Inglés \npor  Grupo Empresarial Palacios Alimentación, S.A.\nCtra/Logroño s/n -  26120 Albelda de Iregua ? La Rioja \nEspaña","Cantidad Neta: 340 g","Número de raciones por envase: 4"],"ingredients":[" INGREDIENTES:\n\nBASE (56,5%): harina de trigo, agua, aceite de girasol, sal, gasificantes (E 450i y E 500ii), almidón de trigo y levadura.\n\nGUARNICIÓN (43,5%): queso Mozzarella (34,4%) [leche pasteurizada, sal, fermentos, cuajo y antioxidante (E 330)], salsa de tomate (tomate, agua, aceite de girasol, sal y especias) y albahaca. Puede contener soja, huevo, pescado y sulfitos"],"conservation":" Mantener entre 0ºC y 4ºC.\nUna vez abierto, mantener siempre en refrigeración y consumir antes de 24 horas","ean":"8433329071055"},{"full_name":"EL CORTE INGLES pizza barbacoa envase 415 g","name":"pizza barbacoa envase 415 g","brand":"EL CORTE INGLES ","img":"https://sgfm.elcorteingles.es/SGFM/dctm/MEDIA03/201608/26/00118850403389____1__600x600.jpg","price":"2,59 €            ","price_unit":"(5,90 € / Kilo)","categories":["Supermercado","Alimentación General","Platos preparados","Pizzas","EL CORTE INGLES pizza barbacoa envase 415 g"],"general_information":["Denominación del alimento: PLATO PREPARADO REFRIGERADO.","Nombre del operador: Elaborado para El Corte Inglés \npor  Grupo Empresarial Palacios Alimentación, S.A.\nCtra/Logroño s/n -  26120 Albelda de Iregua ? La Rioja \nEspaña","Cantidad Neta: 415 g","Número de raciones por envase: Aproximadament"],"ingredients":[" INGREDIENTES:\n\nGUARNICIÓN (53,7%): queso Mozzarella [leche pasteurizada, sal, fermentos, cuajo y antioxidante (E 330)], carne barbacoa (17,2%) [carne de cerdo, carne de vacuno, agua, cebolla, tomate, proteína de soja (contiene  sulfitos), pimienta negra, ajo, azúcar, aromas (contiene  soja), aroma de humo, colorante (E 150a), corrector de acidez (E 330) y sal],  salsa barbacoa (13,2%) [agua, azúcar, tomate, vinagre de vino blanco (vinagre de vino blanco, antioxidantes (E 224) (sulfitos)), almidón modificado (E 1442), sal, aromas, aroma de humo, maltodextrina, extracto de manzana, estabilizante (E 415), antioxidante (E 330), cayena y conservador (E 202)] y pimiento rojo. \n\nBASE (46,3%): harina de trigo, agua, aceite de girasol, sal, gasificantes (E 450i y E 500ii), almidón de trigoy levadura. Puede contener huevo y pescado."],"conservation":" Mantener entre 0ºC y 4ºC.\nUna vez abierto, mantener siempre en refrigeración y consumir antes de 24 horas","ean":"8433329071031"},{"full_name":"EL CORTE INGLES pizza cuatro quesos envase 410 g","name":"pizza cuatro quesos envase 410 g","brand":"EL CORTE INGLES ","img":"https://sgfm.elcorteingles.es/SGFM/dctm/MEDIA03/201609/02/00118850403405____1__600x600.jpg","price":"2,59 €            ","price_unit":"(5,98 € / Kilo)","categories":["Supermercado","Alimentación General","Platos preparados","Pizzas","EL CORTE INGLES pizza cuatro quesos envase 410 g"],"general_information":["Denominación del alimento: PLATO PREPARADO REFRIGERADO.","Nombre del operador: Elaborado para El Corte Inglés \npor  Grupo Empresarial Palacios Alimentación, S.A.\nCtra/Logroño s/n -  26120 Albelda de Iregua ? La Rioja \nEspaña","Cantidad Neta: 410 g","Número de raciones por envase: Aproximadament"],"ingredients":[" INGREDIENTES:\n\nGUARNICIÓN (53,2%): queso Mozzarella (20,3%) [leche pasteurizada, sal, fermentos, cuajo y antioxidante (E 330], salsa de tomate (tomate, agua, aceite de girasol, sal y especias), queso Gouda (8,3%) [leche pasteurizada, sal, cuajo, fermentos lácticos, colorante (E 160a) y estabilizante (E 509)], queso Edam (8,3%) [leche pasteurizada, fermentos, colorante (E 160a), estabilizante (E 509), conservador (E 251), cuajo y sal], queso Cheddar (6%) [leche pasteurizada, sal, fermentos lácticos, cuajo y antiaglomerante (almidón)], pimiento rojo y orégano. \n\nBASE (46,8%): harina de trigo, agua, aceite de girasol, sal, gasificantes (E 450i y E 500ii), almidón de trigo y levadura. Puede contener soja, huevo, pescado y sulfitos"],"conservation":" Mantener entre 0ºC y 4ºC.\nUna vez abierto, mantener siempre en refrigeración y consumir antes de 24 horas","ean":"8433329071024"},{"full_name":"EL CORTE INGLES pizza jamón y queso envase 415 g","name":"pizza jamón y queso envase 415 g","brand":"EL CORTE INGLES ","img":"https://sgfm.elcorteingles.es/SGFM/dctm/MEDIA03/201608/31/00118850403421____5__600x600.jpg","price":"2,59 €            ","price_unit":"(5,90 € / Kilo)","categories":["Supermercado","Alimentación General","Platos preparados","Pizzas","EL CORTE INGLES pizza jamón y queso envase 415 g"],"general_information":["Denominación del alimento: PLATO PREPARADO REFRIGERADO","Nombre del operador: Elaborado para El Corte Inglés \npor  Grupo Empresarial Palacios Alimentación, S.A.\nCtra/Logroño s/n -  26120 Albelda de Iregua ? La Rioja \nEspaña","Cantidad Neta: 415 g","Número de raciones por envase: Aproximadament"],"ingredients":[" INGREDIENTES:\n\nGUARNICIÓN (53,7%): queso Mozzarella (25,6%) [leche pasteurizada, sal, fermentos, cuajo y antioxidante (E 330)], jamón cocido extra (18,7%) [jamón de cerdo, agua, gelificante (E 407), azúcar, estabilizante (E 451i), sal, antioxidantes (E 331iii y E 316) y conservadores (E 250 y E 262i)], salsa de tomate (tomate, agua, aceite de girasol, sal y especias) y orégano.\n\nBase (46,3%): Harina de trigo, agua, aceite de girasol, sal, gasificantes (E 450i y E 500ii), almidón de trigo y levadura. Puede contener soja, huevo, pescado y sulfitos"],"conservation":" Mantener entre 0ºC y 4ºC.\nUna vez abierto, mantener siempre en refrigeración y consumir antes de 24 horas","ean":"8433329071017"},{"full_name":"EL CORTE INGLES pizza carbonara envase 430 g","name":"pizza carbonara envase 430 g","brand":"EL CORTE INGLES ","img":"https://sgfm.elcorteingles.es/SGFM/dctm/MEDIA03/201611/11/00118850403413____1__600x600.jpg","price":"2,59 €            ","price_unit":"(5,70 € / Kilo)","categories":["Supermercado","Alimentación General","Platos preparados","Pizzas","EL CORTE INGLES pizza carbonara envase 430 g"],"general_information":["Denominación del alimento: PLATO PREPARADO REFRIGERADO.","Nombre del operador: Elaborado para El Corte Inglés \npor  Grupo Empresarial Palacios Alimentación, S.A.\nCtra/Logroño s/n -  26120 Albelda de Iregua ? La Rioja \nEspaña","Cantidad Neta: 430 g","Número de raciones por envase: Aproximadament"],"ingredients":[" INGREDIENTES:\n\nGuarnición (55,4%): queso Mozzarella [leche pasteurizada, sal, fermentos, cuajo y antioxidante (E 330)], bacon [panceta de cerdo, agua, estabilizantes (E 451i, E 450iii y E 450v), sal, azúcar, antioxidantes (E 316 y E 331iii), dextrosa, aroma, aroma de humo, proteína de soja (contiene sulfitos), conservadores (E 250 y E  262i), extractos de especias y gelificante (E 407)], champiñones [champiñones, agua, sal, acidulantes (E 270, E 330 y E 575) y antioxidante (E 300)], salsa carbonara (8,6%) [agua, proteínas de la leche, nata, antiaglomerante (E 515), sal, estabilizante (E 415),  acidulante (E 330) y conservador (E 202)] y cebolla.\n \nBase (44,6%): harina de trigo, agua, aceite de girasol, sal, gasificantes (E 450i y E 500ii), almidón de trigo y levadura Puede contener huevo y pescado."],"conservation":" Mantener entre 0ºC y 4ºC.\nUna vez abierto, mantener siempre en refrigeración y consumir antes de 24 horas","ean":"8433329071048"},{"full_name":"EL CORTE INGLES pizza mini jamón y queso pack 2 envase 220 g","name":"pizza mini jamón y queso pack 2 envase 220 g","brand":"EL CORTE INGLES ","img":"https://sgfm.elcorteingles.es/SGFM/dctm/MEDIA03/201608/31/00118850403439____10__600x600.jpg","price":"2,65 €","price_unit":"(6,02 € / Kilo)","categories":["Supermercado","Alimentación General","Platos preparados","Pizzas","EL CORTE INGLES pizza mini jamón y queso pack 2 envase 220 g"],"general_information":["Denominación del alimento: PLATO PREPARADO REFRIGERADO.","Nombre del operador: Elaborado para El Corte Inglés \npor  Grupo Empresarial Palacios Alimentación, S.A.\nCtra/Logroño s/n -  26120 Albelda de Iregua ? La Rioja \nEspaña","Cantidad Neta: 440 g","Número de raciones por envase: Aproximadament"],"ingredients":[" NGREDIENTES:\n\nBASE (52,3%): harina de trigo, agua, aceite de girasol, sal, gasificantes (E 450i y E 500ii), almidón de trigo y levadura.\n\nGUARNICIÓN (47,7%): queso Mozzarella (20%) [leche pasteurizada, sal, fermentos, cuajo y antioxidante (E 330)], jamón cocido extra (15,6%) [jamón de cerdo, agua, gelificante (E 407), azúcar, estabilizante (E 451i), sal, antioxidantes (E 331iii y E 316) y conservadores (E 250 y E 262i)], salsa de tomate (tomate, agua, aceite de girasol, sal y especias) y orégano. Puede contener soja, huevo, pescado y sulfitos."],"conservation":" Mantener entre 0ºC y 4ºC.\nUna vez abierto, mantener siempre en refrigeración y consumir antes de 24 horas","ean":"8433329071062"},{"full_name":"EL CORTE INGLES pizza mini barbacoa pack 2 envase 220 g","name":"pizza mini barbacoa pack 2 envase 220 g","brand":"EL CORTE INGLES ","img":"https://sgfm.elcorteingles.es/SGFM/dctm/MEDIA03/201608/29/00118850403447____1__600x600.jpg","price":"2,65 €","price_unit":"(6,02 € / Kilo)","categories":["Supermercado","Alimentación General","Platos preparados","Pizzas","EL CORTE INGLES pizza mini barbacoa pack 2 envase 220 g"],"general_information":["Denominación del alimento: PLATO PREPARADO REFRIGERADO.","Nombre del operador: Elaborado para El Corte Inglés \npor  Grupo Empresarial Palacios Alimentación, S.A.\nCtra/Logroño s/n -  26120 Albelda de Iregua ? La Rioja \nEspaña","Cantidad Neta: 440 g","Número de raciones por envase: Aproximadament"],"ingredients":[" INGREDIENTES:\n\nGUARNICIÓN (47,7%): queso Mozzarella [leche pasteurizada, sal, fermentos, cuajo y antioxidante (E 330)], carne barbacoa (15,2%) {carne de cerdo, carne de vacuno,  agua, cebolla, tomate, proteína de soja (contiene  sulfitos), pimienta negra, ajo, azúcar, aromas (contiene soja), aroma de humo, colorante (E-150a) y corrector de acidez (E-330) y sal],  salsa barbacoa (12,5%) [agua, azúcar, tomate, vinagre de vino blanco (vinagre de vino blanco y antioxidantes (E 224) (sulfitos)), almidón modificado (E 1442), sal, aromas, aroma de humo, maltodextrina, extracto de manzana, estabilizante (E 415), antioxidante (E-330), cayena y conservador (E 202)]  y pimiento rojo. \n\nBASE (52,3%): harina de trigo, agua, aceite de girasol, sal, gasificantes (E 450i y E 500ii), almidón de trigo y levadura. Puede contener huevo y pescado."],"conservation":" Mantener entre 0ºC y 4ºC.\nUna vez abierto, mantener siempre en refrigeración y consumir antes de 24 horas","ean":"8433329071079"},{"full_name":"CASA TARRADELLAS pizza margarita envase 340 g","name":"pizza margarita envase 340 g","brand":"CASA TARRADELLAS ","img":"https://sgfm.elcorteingles.es/SGFM/dctm/MEDIA02/CONTENIDOS/201506/01/00118850402597____2__600x600.jpg","price":"2,38 €","price_unit":"(7 € / Kilo)","categories":["Supermercado","Alimentación General","Platos preparados","Pizzas","CASA TARRADELLAS pizza margarita envase 340 g"],"general_information":["Denominación del alimento: Pizza Fresca Margarita","Nombre del operador: CASA TARRADELLAS, S.A.","Dirección del operador: Ctra. Puigcerdà, km.70 -  08503 GURB (Barcelona)","Cantidad Neta: 340 g","Número de raciones por envase: 3"],"ingredients":[" Harina de trigo, queso mozzarella (30%), tomate (18%), agua, aceite de girasol, sal, lactosa, levadura, ácido cítrico, citrato trisódico, especias y orégano."],"conservation":" Manténgase entre 0°C y 5°C. Puede congelarse justo después de su compra","ean":"8410762220509"},{"full_name":"CASA TARRADELLAS pizza romana envase 415 g","name":"pizza romana envase 415 g","brand":"CASA TARRADELLAS ","img":"https://sgfm.elcorteingles.es/SGFM/dctm/MEDIA03/201706/16/00118850400187____2__600x600.jpg","price":"2,69 €","price_unit":"(6,48 € / Kilo)","categories":["Supermercado","Alimentación General","Platos preparados","Pizzas","CASA TARRADELLAS pizza romana envase 415 g"],"general_information":["Denominación del alimento: Pizza Fresca Romana","Nombre del operador: CASA TARRADELLAS. S.A.","Dirección del operador: Ctra. Puigcerdà. km.70 -  08503 GURB (Barcelona)","Cantidad Neta: 410 g","Número de raciones por envase: 3"],"ingredients":[" Harina de trigo. queso mozzarella (21%). jamón (14%). agua. tomate. champiñones salteados (6%). aceitunas (3%). aceite de girasol. especias. sal. lactosa. dextrosa. estabilizantes (trifosfato pentasódico. carragen). levadura. aroma. orégano. antioxidante (ascorbato sódico). conservador (nitrito sódico)."],"conservation":" Manténgase entre 0°C y 5°C. Puede congelarse justo después de su compra","ean":"8410762220035"},{"full_name":"CASA TARRADELLAS pizza de jamón serrano envase 390 g","name":"pizza de jamón serrano envase 390 g","brand":"CASA TARRADELLAS ","img":"https://sgfm.elcorteingles.es/SGFM/dctm/MEDIA02/CONTENIDOS/201506/01/00118850400898____1__600x600.jpg","price":"2,69 €","price_unit":"(6,90 € / Kilo)","categories":["Supermercado","Alimentación General","Platos preparados","Pizzas","CASA TARRADELLAS pizza de jamón serrano envase 390 g"],"general_information":["Denominación del alimento: Pizza Fresca Jamón Serrano","Nombre del operador: CASA TARRADELLAS. S.A.","Dirección del operador: Ctra. Puigcerdà. km.70 -  08503 GURB (Barcelona)","Cantidad Neta: 390 g"],"ingredients":[" Harina de trigo. queso mozzarella (24%). agua. jamón serrano (14%) (jamón. sal. antioxidante (ascorbato sódico). conservador (nitrato potásico)). tomate. aceite de girasol. sal. levadura. lactosa. especias. orégano."],"conservation":" Manténgase entre 0°C y 5°C. Puede congelarse justo después de su compra","ean":"8410762220646"},{"full_name":"CASA TARRADELLAS pizza de pepperoni envase 410 g","name":"pizza de pepperoni envase 410 g","brand":"CASA TARRADELLAS ","img":"https://sgfm.elcorteingles.es/SGFM/dctm/MEDIA02/CONTENIDOS/201506/01/00118850400161____1__600x600.jpg","price":"2,69 €","price_unit":"(6,56 € / Kilo)","categories":["Supermercado","Alimentación General","Platos preparados","Pizzas","CASA TARRADELLAS pizza de pepperoni envase 410 g"],"general_information":["Denominación del alimento: Pizza Fresca Pepperoni","Nombre del operador: CASA TARRADELLAS. S.A.","Dirección del operador: Ctra. Puigcerdà. km.70 -  08503 GURB (Barcelona)","Cantidad Neta: 400 g"],"ingredients":[" Harina de trigo. queso mozzarella (23%). pepperoni (15%) (carne de cerdo. sal. especias. dextrosa. antioxidantes (extracto de romero. ascorbato sódico). conservador (nitriro sódico)). tomate. agua. aceite de girasol. sal. levadura. lactosa. especias. orégano."],"conservation":" Manténgase entre 0°C y 5°C. Puede congelarse justo después de su compra","ean":"8410762220585"},{"full_name":"CASA TARRADELLAS pizza carbonara envase 400 g","name":"pizza carbonara envase 400 g","brand":"CASA TARRADELLAS ","img":"https://sgfm.elcorteingles.es/SGFM/dctm/MEDIA02/CONTENIDOS/201506/01/00118850400179____1__600x600.jpg","price":"2,69 €","price_unit":"(6,72 € / Kilo)","categories":["Supermercado","Alimentación General","Platos preparados","Pizzas","CASA TARRADELLAS pizza carbonara envase 400 g"],"general_information":["Denominación del alimento: Pizza Fresca Carbonara","Nombre del operador: CASA TARRADELLAS. S.A.","Dirección del operador: Ctra. Puigcerdà. km.70 -  08503 GURB (Barcelona)","Cantidad Neta: 400 g"],"ingredients":[" Harina de trigo. queso emmental (17%). bacon (15%). crema de leche (15%). agua. champiñones (8%). cebolla. aceite de girasol. sal. lactosa. levadura. estabilizantes (trifosfato pentasódico. almidón modificado). dextrosa. aromas. citrato trisódico. antioxidante (ascorbato sódico). ácido cítrico. conservador (nitrito sódico)."],"conservation":" Manténgase entre 0°C y 5°C. Puede congelarse justo después de su compra","ean":"8410762220615"},{"full_name":"CASA TARRADELLAS pizza de atún y bacon envase 405 g","name":"pizza de atún y bacon envase 405 g","brand":"CASA TARRADELLAS ","img":"https://sgfm.elcorteingles.es/SGFM/dctm/MEDIA02/CONTENIDOS/201506/01/00118850400229____1__600x600.jpg","price":"2,69 €","price_unit":"(6,64 € / Kilo)","categories":["Supermercado","Alimentación General","Platos preparados","Pizzas","CASA TARRADELLAS pizza de atún y bacon envase 405 g"],"general_information":["Denominación del alimento: Pizza Fresca Atún y Bacon","Nombre del operador: CASA TARRADELLAS. S.A.","Dirección del operador: Ctra. Puigcerdà. km.70 -  08503 GURB (Barcelona)","Cantidad Neta: 405 g"],"ingredients":[" Harina de trigo. queso mozzarella (21%). bacon (14%). tomate. agua. atún (6%). aceite de girasol. sal. lactosa. estabilizante (trifosfato pentasódico). dextrosa. levadura. especias. orégano. antioxidante (ascorbato sódico). aroma. conservador (nitrito sódico)."],"conservation":" Manténgase entre 0°C y 5°C. Puede congelarse justo después de su compra","ean":"8410762220028"},{"full_name":"CASA TARRADELLAS pizza de jamón y queso envase 405 g","name":"pizza de jamón y queso envase 405 g","brand":"CASA TARRADELLAS ","img":"https://sgfm.elcorteingles.es/SGFM/dctm/MEDIA02/CONTENIDOS/201506/01/00118850400245____1__600x600.jpg","price":"2,69 €","price_unit":"(6,64 € / Kilo)","categories":["Supermercado","Alimentación General","Platos preparados","Pizzas","CASA TARRADELLAS pizza de jamón y queso envase 405 g"],"general_information":["Denominación del alimento: Pizza Fresca Jamón y Queso","Nombre del operador: CASA TARRADELLAS. S.A.","Dirección del operador: Ctra. Puigcerdà. km.70 -  08503 GURB (Barcelona)","Cantidad Neta: 405 g"],"ingredients":[" Harina de trigo. queso mozzarella (22%). jamón (20%). agua. tomate. aceite de girasol. sal. dextrosa. lactosa. estabilizantes (trifosfato pentasódico. carragen). aroma. levadura. especias. orégano. antioxidante (ascorbato sódico). ácido cítrico. citrato trisódico. conservador (nitrito sódico)."],"conservation":" Manténgase entre 0°C y 5°C. Puede congelarse justo después de su compra","ean":"8410762220059"},{"full_name":"CASA TARRADELLAS pizza rústica de pollo envase 410 g","name":"pizza rústica de pollo envase 410 g","brand":"CASA TARRADELLAS ","img":"https://sgfm.elcorteingles.es/SGFM/dctm/MEDIA03/201603/21/00118850403173____1__600x600.jpg","price":"2,69 €","price_unit":"(6,56 € / Kilo)","categories":["Supermercado","Alimentación General","Platos preparados","Pizzas","CASA TARRADELLAS pizza rústica de pollo envase 410 g"],"general_information":["Denominación del alimento: Pizza Fresca Rústica de pollo","Nombre del operador: CASA TARRADELLAS. S.A.","Dirección del operador: Ctra. Puigcerdà. km.70 -  08503 GURB (Barcelona)","Cantidad Neta: 410 g"],"ingredients":[" Harina de trigo. queso mozzarella (19%). tomate. pollo asado (9%) (pechuga de pollo asada. sal. dextrosa . fécula de patata. especias. aroma). agua. queso cheddar (cheddar. colorante (annato)) (7%). cebolla asada. sémola de trigo. harina de alforfón. aceite de girasol. levadura. sal. lactosa.  especias."],"conservation":" Manténgase entre 0°C y 5°C. Puede congelarse justo después de su compra","ean":"8410762221667"},{"full_name":"CASA TARRADELLAS pizza 4 quesos envase 390 g","name":"pizza 4 quesos envase 390 g","brand":"CASA TARRADELLAS ","img":"https://sgfm.elcorteingles.es/SGFM/dctm/MEDIA02/CONTENIDOS/201506/01/00118850400237____1__600x600.jpg","price":"2,69 €","price_unit":"(6,90 € / Kilo)","categories":["Supermercado","Alimentación General","Platos preparados","Pizzas","CASA TARRADELLAS pizza 4 quesos envase 390 g"],"general_information":["Denominación del alimento: Pizza Fresca 4 Quesos","Nombre del operador: CASA TARRADELLAS. S.A.","Dirección del operador: Ctra. Puigcerdà. km.70 -  08503 GURB (Barcelona)","Cantidad Neta: 390 g"],"ingredients":[" Harina de trigo. quesos (mozzarella. grana padano. cheddar madurado. emmental) (40%). tomate. agua. aceite de girasol. sal. especias. lactosa. levadura. orégano. Puede contener trazas de huevo."],"conservation":" Manténgase entre 0°C y 5°C. Puede congelarse justo después de su compra","ean":"8410762220042"},{"full_name":"CASA TARRADELLAS pizza barbacoa envase 400 g","name":"pizza barbacoa envase 400 g","brand":"CASA TARRADELLAS ","img":"https://sgfm.elcorteingles.es/SGFM/dctm/MEDIA03/201611/08/00118850400575____3__600x600.jpg","price":"2,69 €","price_unit":"(6,72 € / Kilo)","categories":["Supermercado","Alimentación General","Platos preparados","Pizzas","CASA TARRADELLAS pizza barbacoa envase 400 g"],"general_information":["Denominación del alimento: Pizza Fresca Barbacoa","Nombre del operador: CASA TARRADELLAS. S.A.","Dirección del operador: Ctra. Puigcerdà. km.70 -  08503 GURB (Barcelona)","Cantidad Neta: 440 g","Número de raciones por envase: 3"],"ingredients":[" Harina de trigo. salsa barbacoa (39%) (carne asada de cerdo y ternera. tomate. azúcar. aceite de girasol. vinagre de vino. estabilizantes (almidones modificados). sal. aromas. dextrosa. caramelo. antioxidante (ácido cítrico)). queso mozzarella (15%). bacon (5%) (panceta de cerdo. sal. estabilizante (trifosfato pentasódico). dextrosa. antioxidante (ascorbato sódico). aroma de humo. conservador (nitrito sódico)). agua. aceite de girasol. sal. levadura. especias. lactosa. Ingredientes salsa barbacoa del sobre: agua, azúcar, cerveza rubia, tomate, vinagre, estabilizante (almidón modificado), sal, especias, aroma, aroma de humo, colorante (extracto de pimentón)."],"conservation":" Manténgase entre 0°C y 5°C. Puede congelarse justo después de su compra","ean":"8410762220592"},{"full_name":"CASA TARRADELLAS pizza mediterránea envase 410 g","name":"pizza mediterránea envase 410 g","brand":"CASA TARRADELLAS ","img":"https://sgfm.elcorteingles.es/SGFM/dctm/MEDIA02/CONTENIDOS/201506/01/00118850400567____1__600x600.jpg","price":"2,69 €","price_unit":"(6,56 € / Kilo)","categories":["Supermercado","Alimentación General","Platos preparados","Pizzas","CASA TARRADELLAS pizza mediterránea envase 410 g"],"general_information":["Denominación del alimento: Pizza Fresca Mediterránea","Nombre del operador: CASA TARRADELLAS. S.A.","Dirección del operador: Ctra. Puigcerdà. km.70 -  08503 GURB (Barcelona)","Cantidad Neta: 410 g","Número de raciones por envase: 3"],"ingredients":[" Harina de trigo. queso mozzarella (17%). verduras (13%) (calabacín. cebolla. pimiento rojo. aceitunas negras). tomate. agua. jamón curado (7.3%) (carne de cerdo. sal. aromas naturales. especias. dextrosa. sacarosa. conservador (nitrio sódico). antioxidante (ascorbato sódico)). queso de cabra (7%). aceite de girasol. sal. lactosa. levadura. especias. orégano."],"conservation":" Manténgase entre 0°C y 5°C. Puede congelarse justo después de su compra","ean":"8410762220578"},{"full_name":"CASA TARRADELLAS pizza de pollo envase 410 g","name":"pizza de pollo envase 410 g","brand":"CASA TARRADELLAS ","img":"https://sgfm.elcorteingles.es/SGFM/dctm/MEDIA03/201702/08/00118850401250____2__600x600.jpg","price":"2,69 €","price_unit":"(6,56 € / Kilo)","categories":["Supermercado","Alimentación General","Platos preparados","Pizzas","CASA TARRADELLAS pizza de pollo envase 410 g"],"general_information":["Denominación del alimento: Pizza Fresca Pollo","Nombre del operador: CASA TARRADELLAS. S.A.","Dirección del operador: Ctra. Puigcerdà. km.70 -  08503 GURB (Barcelona)","Cantidad Neta: 410 g"],"ingredients":[" Harina de trigo. queso mozzarella (19%). pollo asado (12%) (pechuga de pollo asada. sal. estabilizantes (trifosfato pentasódico. carragenato). maltodextrina. proteína de soja. antioxidante (ácido cítrico). fécula de patata. especias). agua. tomate. pimientos rojo. amarillo y verde asados. queso emmental. cebolla asada. azúcar. aceite de girasol. sal. vinagre de vino. estabilizante (almidón modificado). citrato trisódico. levadura. lactosa. aromas. antioxidante (ácido cítrico)."],"conservation":" Manténgase entre 0°C y 5°C. Puede congelarse justo después de su compra","ean":"8410762221650"},{"full_name":"CASA TARRADELLAS pizza de jamón y queso pack 2 envases 220 g","name":"pizza de jamón y queso pack 2 envases 220 g","brand":"CASA TARRADELLAS ","img":"https://sgfm.elcorteingles.es/SGFM/dctm/MEDIA03/201705/31/00118850400260____2__600x600.jpg","price":"2,95 €","price_unit":"(13,41 € / Kilo)","categories":["Supermercado","Alimentación General","Platos preparados","Pizzas","CASA TARRADELLAS pizza de jamón y queso pack 2 envases 220 g"],"general_information":["Denominación del alimento: Pizza Fresca Jamón y Queso","Nombre del operador: CASA TARRADELLAS, S.A.","Dirección del operador: Ctra. Puigcerdà, km.70 -  08503 GURB (Barcelona)","Cantidad Neta: 440 g"],"ingredients":[" Harina de trigo, queso mozzarella (20%), jamón (20%), agua, tomate, aceite de girasol, sal, lactosa, dextrosa, levadura, estabilizadores (trifosfato pentasódico, carragen), aroma, especias, orégano, antioxidante (ascorbato sódico), conservante (nitrito sódico)."],"conservation":" Manténgase entre 0°C y 5°C. Puede congelarse justo después de su compra","ean":"8410762220806"},{"full_name":"CASA TARRADELLAS pizza 4 quesos pack 2 envases 210 g","name":"pizza 4 quesos pack 2 envases 210 g","brand":"CASA TARRADELLAS ","img":"https://sgfm.elcorteingles.es/SGFM/dctm/MEDIA02/CONTENIDOS/201506/01/00118850400278____1__600x600.jpg","price":"2,95 €","price_unit":"(14,05 € / Kilo)","categories":["Supermercado","Alimentación General","Platos preparados","Pizzas","CASA TARRADELLAS pizza 4 quesos pack 2 envases 210 g"],"general_information":["Denominación del alimento: Pizza Fresca 4 Quesos","Nombre del operador: CASA TARRADELLAS, S.A.","Dirección del operador: Ctra. Puigcerdà, km.70 -  08503 GURB (Barcelona)","Cantidad Neta: 420 g"],"ingredients":[" Harina de trigo, quesos (mozzarella, grana padano, gouda, edam) (35%), tomate, agua, aceite de girasol, sal, lactosa, especias, levadura, orégano. Puede contener trazas de huevo."],"conservation":" Manténgase entre 0°C y 5°C. Puede congelarse justo después de su compra","ean":"8410762220820"},{"full_name":"CAMPOFRIO pizza de carne, mozzarella y pimiento con salsa barbacoa envase 410 g","name":"pizza de carne, mozzarella y pimiento con salsa barbacoa envase 410 g","brand":"CAMPOFRIO ","img":"https://sgfm.elcorteingles.es/SGFM/dctm/MEDIA03/201712/20/00118850400542____1__600x600.jpg","price":"2,35 €","price_unit":"(5,73 € / Kilo)","categories":["Supermercado","Alimentación General","Platos preparados","Pizzas","CAMPOFRIO pizza de carne, mozzarella y pimiento con salsa barbacoa envase 410 g"],"general_information":["Denominación del alimento: PIZZA DE CARNE COCIDA (10%) CON QUESO MOZZARELLA (10%) Y PIMIENTO (0,5 %)","País de origen: España","Nombre del operador: Campofrio Food Group S.A.","Dirección del operador: Avda. de Europa, 24 - 28108 ALCOBENDAS (Madrid) España","Cantidad Neta: 410 g"],"ingredients":[" Harina de TRIGO y CENTENO, agua, tomate concentrado, QUESO Mozzarella(10%), carne de vacuno, carne de cerdo, grasa vegetal de palma,  aceite de girasol, sal, dextrosa, levadura, pimiento, cebolla, azúcar, almidón modificado, especias, fibra vegetal, cerveza (cebada), proteína de la LECHE, aroma y aroma de humo, antioxidantes (E-325, E-330), sales de fundido (E-331), colorante (E-160a). Puede contener trazas de SOJA, HUEVO y PESCADO. SALSA BARBACOA. INGREDIENTES: Agua, vinagre, azúcar, tomate, dextrosa de TRIGO, jarabes de glucosa y fructosa, sal, MOSTAZA, almidón modificado, SOJA, cebolla, ajo, estabilizante (E-415), conservador (E-202), aromas, aroma de humo, colorante (E-150d), especias. Contiene sulfitos (E-220), apio y gluten."],"conservation":" Mantener entre 0º y 4º C.","ean":"8410320034319"},{"full_name":"CAMPOFRIO pizza 4 quesos gouda, cheddar, mozzarella y manchego con salsa envase 365 g","name":"pizza 4 quesos gouda, cheddar, mozzarella y manchego con salsa envase 365 g","brand":"CAMPOFRIO ","img":"https://sgfm.elcorteingles.es/SGFM/dctm/MEDIA03/201712/20/00118850400971____1__600x600.jpg","price":"2,35 €","price_unit":"(6,44 € / Kilo)","categories":["Supermercado","Alimentación General","Platos preparados","Pizzas","CAMPOFRIO pizza 4 quesos gouda, cheddar, mozzarella y manchego con salsa envase 365 g"],"general_information":["Denominación del alimento: PIZZA 4 QUESOS","País de origen: España","Nombre del operador: Campofrio Food Group S.A.","Dirección del operador: Avda. de Europa, 24 - 28108 ALCOBENDAS (Madrid) España","Cantidad Neta: 365 g"],"ingredients":[" Harina de TRIGO y CENTENO, agua, grasa de palma, tomate concentrado, QUESO Gouda (7%), QUESO Cheddar rojo (LECHE, sal, fermentos, cuajo, E-160b)(7%), QUESO Mozzarella (5%), aceite de girasol, sal, dextrosa, levadura, azúcar, almidón modificado, especias, proteína de la LECHE, antioxidante (E-330), sales de fundido (E-331), colorantes (E-160a). Puede contener trazas de SOJA, HUEVO y PESCADO. SALSA CON QUESO MANCHEGO. INGREDIENTES: LECHE desnatada, agua, NATA, almidón modificado, QUESO Manchego (2,5%), MANTEQUILLA, LECHE en polvo, maltodextrina, aceite de girasol, sal, aroma, azúcar, QUESO, antioxidantes (E-270, E-307, E-385), estabilizante (E-415), conservador (E-200). Puede contener trazas de HUEVO."],"conservation":" Mantener entre 0º y 4º C.","ean":"8410320033527"},{"full_name":"CAMPOFRIO pizza pollo César con pollo, gouda, cebolla y salsa César envase 350 g","name":"pizza pollo César con pollo, gouda, cebolla y salsa César envase 350 g","brand":"CAMPOFRIO ","img":"https://sgfm.elcorteingles.es/SGFM/dctm/MEDIA03/201712/20/00118850402407____1__600x600.jpg","price":"2,35 €","price_unit":"(6,71 € / Kilo)","categories":["Supermercado","Alimentación General","Platos preparados","Pizzas","CAMPOFRIO pizza pollo César con pollo, gouda, cebolla y salsa César envase 350 g"],"general_information":["Denominación del alimento: PIZZA CON PECHUGA DE POLLO (12%)","País de origen: España","Nombre del operador: Campofrio Food Group S.A.","Dirección del operador: Avda. de Europa, 24 - 28108 ALCOBENDAS (Madrid) España","Cantidad Neta: 350 g"],"ingredients":[" Harina de TRIGO y CENTENO, agua, tomate concentrado, pechuga de pollo, QUESO Gouda (10%), grasa vegetal de palma, aceite de girasol, cebolla, sal, dextrosa, levadura, almidón modificado, aroma, especias, proteína de la LECHE, estabilizante (E-451, E-412, E-407, E-508), azúcar, potenciador del sabor (E-621), antioxidante (E-316, E-330), conservador (E-250), sales de fundido (E-331), colorante (E-160a). Puede contener trazas de SOJA, HUEVO y PESCADO.SALSA CÉSAR. INGREDIENTES: aceite de girasol, agua, dextrosa, vinagre de vino, QUESO en polvo, yema de HUEVO en polvo, sal, especias (MOSTAZA,pimienta y ajo), almidon modificado, aromas, jugo concentrado de limón, pasta de ANCHOAS, conservador (E-202), antioxidante (E-307) y estabilizante (E-415)."],"conservation":" Mantener entre 0º y 4º C.","ean":"8410320222228"},{"full_name":"CAMPOFRIO pizza pepperoni lonchas de salchicha criolla, carne picada estilo Argentina envase 345 g con salsa Diavola picante","name":"pizza pepperoni lonchas de salchicha criolla, carne picada estilo Argentina envase 345 g","brand":"CAMPOFRIO ","img":"https://sgfm.elcorteingles.es/SGFM/dctm/MEDIA03/201712/20/00118850403371____2__600x600.jpg","price":"2,35 €","price_unit":"(6,81 € / Kilo)","categories":["Supermercado","Alimentación General","Platos preparados","Pizzas","CAMPOFRIO pizza pepperoni lonchas de salchicha criolla, carne picada estilo Argentina envase 345 g con salsa Diavola picante"],"general_information":["Denominación del alimento: PIZZA CON SALSA DIÁVOLA (11%), PEPPERONI (8%) y CARNE PICADA ESTILO ARGENTINO (5%).","País de origen: España","Nombre del operador: Campofrio Food Group S.A.","Dirección del operador: Avda. de Europa, 24 - 28108 ALCOBENDAS (Madrid) España","Cantidad Neta: 345 g"],"ingredients":[" Harina de TRIGO y CENTENO, agua, tomate concentrado, QUESO Mozzarella (10%), carne y grasa de cerdo, grasa vegetal de palma, aceite de girasol, sal, dextrosa, levadura, cebolla, azúcar, almidón modificado, especias y extractos de especias, LACTOSA, proteínas de SOJA, fibra vegetal, vinagre, proteína de la LECHE, pimiento verde, aroma, antioxidantes (E-325, E-301, E-392, E-330), potenciador del sabor (E-621), estabilizante (E-452), jarabe de glucosa, conservadores (E-250, E-252), sales de fundido (E-331), colorantes (E-120, E-160a), conservadores de superficie del pepperoni (E-202, E235). Puede contener trazas de PESCADO y HUEVO. SALSA DIÁVOLA. Ingredientes: Agua, aceite de girasol, aceite de oliva, vinagre, maltodextrina, pimentón, especias, sal, conservador (E-202), salsa, antioxidantes (E-307, E-385), estabilizante (E-415) y aroma. Contiene SULFITOS (E-220)."],"conservation":" Mantener entre 0º y 4º C.","ean":"8410320259033"},{"full_name":"CAMPOFRIO pizza de jamón y queso masa fina con salsa de queso cheddar envase 360 g","name":"pizza de jamón y queso masa fina con salsa de queso cheddar envase 360 g","brand":"CAMPOFRIO ","img":"https://sgfm.elcorteingles.es/SGFM/dctm/MEDIA03/201712/20/00118850400989____1__600x600.jpg","price":"2,35 €","price_unit":"(6,53 € / Kilo)","categories":["Supermercado","Alimentación General","Platos preparados","Pizzas","CAMPOFRIO pizza de jamón y queso masa fina con salsa de queso cheddar envase 360 g"],"general_information":["Denominación del alimento: PIZZA CON CARNE DE CERDO ESPECIADA (15%) QUESO MOZZARELLA (10%).","País de origen: España","Nombre del operador: Campofrio Food Group S.A.","Dirección del operador: Avda. de Europa, 24 - 28108 ALCOBENDAS (Madrid) España","Cantidad Neta: 360 g"],"ingredients":[" Harina de TRIGO y CENTENO, agua, carne de cerdo, tomate concentrado, QUESO mozzarella, grasa vegetal de palma, aceite de girasol, sal, dextrosa, levadura, azúcar, almidón modificado, especias, proteína de la LECHE, estabilizantes (E-451, E-420), antioxidantes (E-316, E-325, E-330), sales de fundido (E-331), conservador (E-250), aromas, aroma de humo, colorante (E-160a). Puede contener trazas de SOJA, HUEVO y PESCADO. SALSA CHEDDAR. INGREDIENTES: Agua, LECHE entera, NATA, QUESO Cheddar (7%), MANTEQUILLA, almidón modificado, sal, antioxidante (E-270 y E-307), azúcar, aroma, estabilizante (E-415), conservador (E-200), colorantes (E-160c). Puede contener trazas de HUEVO."],"conservation":" Mantener entre 0º y 4º C.","ean":"8410320033503"},{"full_name":"CAMPOFRIO pizza de bacon y cebolla con salsa carbonara envase 360 g","name":"pizza de bacon y cebolla con salsa carbonara envase 360 g","brand":"CAMPOFRIO ","img":"https://sgfm.elcorteingles.es/SGFM/dctm/MEDIA03/201712/20/00118850401540____1__600x600.jpg","price":"2,35 €","price_unit":"(6,53 € / Kilo)","categories":["Supermercado","Alimentación General","Platos preparados","Pizzas","CAMPOFRIO pizza de bacon y cebolla con salsa carbonara envase 360 g"],"general_information":["Denominación del alimento: PIZZA CON BACON (11%) QUESO MOZZARELLA (10%) Y CEBOLLA (2%).","País de origen: España","Nombre del operador: Campofrio Food Group S.A.","Dirección del operador: Avda. de Europa, 24 - 28108 ALCOBENDAS (Madrid) España","Cantidad Neta: 360 g"],"ingredients":[" Harina de TRIGO y CENTENO, agua, tomate concentrado, panceta de cerdo, QUESO mozzarella (10%), grasa vegetal de palma, cebolla, aceite de girasol, sal, dextrosa, levadura, azúcar, almidón modificado, especias, proteína de la LECHE, antioxidantes (E-326, E-325, E-316, E-330), estabilizante (E-451), conservador (E-262, E-250), aroma de humo, sales de fundido (E-331), colorante (E-160a). Puede contener trazas de SOJA, HUEVO y PESCADO. SALSA CARBONARA. Ingredientes: Agua, NATA, LECHE entera, dextrosa, MANTEQUILLA, sal, almidón modificado, aromas, especias, muslo de pavo, yema de HUEVO en polvo, antioxidantes (E-270, E-301), estabilizantes (E-415, E-451), conservador (E-250)."],"conservation":" Mantener entre 0º y 4º C.","ean":"8410320133692"},{"full_name":"CASA MAS pizza de jamón serrano y queso parmesano envase 475 g","name":"pizza de jamón serrano y queso parmesano envase 475 g","brand":"CASA MAS ","img":"https://sgfm.elcorteingles.es/SGFM/dctm/CONTENIDOS/201511/24/00118850403090____1__600x600.jpg","price":"3,99 €","price_unit":"(8,40 € / Kilo)","categories":["Supermercado","Alimentación General","Platos preparados","Pizzas","CASA MAS pizza de jamón serrano y queso parmesano envase 475 g"],"general_information":["Denominación del alimento: Pizza Artesana de Jamón y Queso Parmesano","Nombre del operador: Casa Mas Alimentación, S.L.","Dirección del operador: Pol. Industrial el Vapor. Nau B-1,B-2 ? 08183 Castellterçol (Barcelona)","Cantidad Neta: 445 g","Otras menciones obligatorias en la etiqueta: Envasado en atmósfera protectora."],"ingredients":[" COBERTURA (55%): Queso mozzarella (leche, sal, fermentos lácticos, cuajo, regulador de la acidez: ácido cítrico; antiaglomerante: celulosa), jamón curado 13% (jamón de cerdo, sal, dextrosa y conservadores: nitrito sódico y nitrato sódico), salsa de tomate 9% (tomate, almidón modificado de maíz, sal, especias, azúcar, potenciador del sabor: glutamato de sodio; y acidulante: ácido cítrico), queso parmesano (7%) y especias. BASE (43%): harina de trigo, levadura, emulgente: monoestearato de sorbitano; aceite de oliva (0.8%), sal."],"conservation":" Conservar entre 0-4°C. Una vez abierto, consumir en su totalidad.","ean":"8437007141955"},{"full_name":"CASA MAS pizza vegetal envase 475 g","name":"pizza vegetal envase 475 g","brand":"CASA MAS ","img":"https://sgfm.elcorteingles.es/SGFM/dctm/CONTENIDOS/201511/24/00118850403074____1__600x600.jpg","price":"3,99 €","price_unit":"(8,40 € / Kilo)","categories":["Supermercado","Alimentación General","Platos preparados","Pizzas","CASA MAS pizza vegetal envase 475 g"],"general_information":["Denominación del alimento: Pizza vegetal","Nombre del operador: Casa Mas Alimentación, S.L.","Dirección del operador: Pol. Industrial el Vapor. Nau B-1,B-2 ? 08183 Castellterçol (Barcelona)","Cantidad Neta: 470 g","Otras menciones obligatorias en la etiqueta: Envasado en atmósfera protectora."],"ingredients":[" COBERTURA (57%): Queso mozzarella 21% (leche, sal, fermentos lácticos, cuajo, regulador de la acidez: ácido cítrico; antiaglomerante: celulosa), verduras en proporción variable 19% (calabacín (5%), alcachofa (4%), pimiento rojo (3%), cebolla (3%) berenjena (3%), pimiento amarillo (1%)), salsa de tomate 9% (tomate, almidón modificado de maíz, sal, especias, azúcar, potenciador del sabor: glutamato de sodio; y acidulante: ácido cítrico), queso feta (5%)y especias. BASE (43%): harina de trigo, levadura, emulgente: monoestearato de sorbitano; aceite de oliva (0,8%), sal."],"conservation":" Conservar entre 0-4°C. Una vez abierto consumir en su totalidad. Vida útil mínima garantizada: 12 días.","ean":"8437007142563"},{"full_name":"CASA MAS pizza 5 quesos envase 475 g","name":"pizza 5 quesos envase 475 g","brand":"CASA MAS ","img":"https://sgfm.elcorteingles.es/SGFM/dctm/MEDIA03/201602/23/00118850403082____2__600x600.jpg","price":"3,99 €","price_unit":"(8,40 € / Kilo)","categories":["Supermercado","Alimentación General","Platos preparados","Pizzas","CASA MAS pizza 5 quesos envase 475 g"],"general_information":["Denominación del alimento: Pizza 5 Quesos","Nombre del operador: Casa Mas Alimentación, S.L.","Dirección del operador: Pol. Industrial el Vapor. Nau B-1,B-2 ? 08183 Castellterçol (Barcelona)","Cantidad Neta: 450 g","Otras menciones obligatorias en la etiqueta: Envasado en atmósfera protectora."],"ingredients":[" COBERTURA (56%): Queso mozzarella 22% (leche, sal, fermentos lácticos, cuajo, regulador de la acidez: ácido cítrico; antiaglomerante: celulosa), queso emmental (10%), salsa de tomate 9% (tomate, almidón modificado de maíz, sal, especias, azúcar, potenciador del sabor: glutamato de sodio; y acidulante: ácido cítrico), queso gouda 4%( leche , sal, iniciador, cuajo, colorante: caroteno), dulce de membrillo (pulpa de membrillo, azúcar, jarabe de glucosa-fructosa, espesante: carragenano; acidificante: ácido cítrico; conservador: benzoato sódico), queso de cabra(3%), queso azul (2%) y especias. BASE (44%): harina de trigo, levadura, emulgente: monoestearato de sorbitano; aceite de oliva (0.8%), sal."],"conservation":" Conservar entre 0-4°C. Una vez abierto, consumir en su totalidad. Vida útil mínima garantizada: 18 días.","ean":"8437007141962"},{"full_name":"CASA BONA pizza tradicional 4 quesos envase 600 g","name":"pizza tradicional 4 quesos envase 600 g","brand":"CASA BONA ","img":"https://sgfm.elcorteingles.es/SGFM/dctm/MEDIA02/CONTENIDOS/201505/27/00201050403078____1__600x600.jpg","price":"4,50 €","price_unit":"(7,50 € / Kilo)","categories":["Supermercado","Alimentación General","Platos preparados","Pizzas","CASA BONA pizza tradicional 4 quesos envase 600 g"],"general_information":[],"ingredients":[],"ean":"8437015005058"},{"full_name":"CASA BONA pizza de queso de cabra y bacon envase 600 g","name":"pizza de queso de cabra y bacon envase 600 g","brand":"CASA BONA ","img":"https://sgfm.elcorteingles.es/SGFM/dctm/MEDIA02/CONTENIDOS/201510/09/00118850402753____1__600x600.jpg","price":"4,50 €","price_unit":"(7,50 € / Kilo)","categories":["Supermercado","Alimentación General","Platos preparados","Pizzas","CASA BONA pizza de queso de cabra y bacon envase 600 g"],"general_information":[],"ingredients":[],"ean":"8437015005041"},{"full_name":"CASA BONA pizza de jamón curado envase 600 g","name":"pizza de jamón curado envase 600 g","brand":"CASA BONA ","img":"https://sgfm.elcorteingles.es/SGFM/dctm/MEDIA03/201702/03/00118850403520____1__600x600.jpg","price":"4,50 €","price_unit":"(7,50 € / Kilo)","categories":["Supermercado","Alimentación General","Platos preparados","Pizzas","CASA BONA pizza de jamón curado envase 600 g"],"general_information":[],"ingredients":[],"ean":"8437015005164"},{"full_name":"CASA BONA pizza Reina envase 600 g","name":"pizza Reina envase 600 g","brand":"CASA BONA ","img":"https://sgfm.elcorteingles.es/SGFM/dctm/MEDIA03/201702/17/00201050403060____1__600x600.jpg","price":"4,50 €","price_unit":"(7,50 € / Kilo)","categories":["Supermercado","Alimentación General","Platos preparados","Pizzas","CASA BONA pizza Reina envase 600 g"],"general_information":[],"ingredients":[],"ean":"8437015005010"},{"full_name":"MAESTRO MODENA Pescara Premium familiar pizza de atún cebolla y tomate cherry envase 580 g","name":"Pescara Premium familiar pizza de atún cebolla y tomate cherry envase 580 g","brand":"MAESTRO MODENA ","img":"https://sgfm.elcorteingles.es/SGFM/dctm/MEDIA03/201710/11/00118850403629____1__600x600.jpg","price":"6,80 €","categories":["Supermercado","Alimentación General","Platos preparados","Pizzas","MAESTRO MODENA Pescara Premium familiar pizza de atún cebolla y tomate cherry envase 580 g"],"general_information":["Denominación del alimento: Pizza Pescara","Nombre del operador: TESDIR 25 S.L.","Dirección del operador: AV. Mas Vilà 99-109","Cantidad Neta: 580 g"],"ingredients":[" HARINA DE TRITORDEUM (28%), QUESO MOZZARELLA (LECHE DE VACA pasteurizada, sal, fermentos LÁCTICOS, cuajo y almidón de maíz), ATÚN (11%) (ATÚN, aceite de girasol y sal), cebolla cruda (10%), agua, HARINA DE TRIGO (Harina de TRIGO, ácido ascórbico), tomate triturado (Tomate y ácido cítrico), tomate cherry en trozos (2%), harina de CENTENO, levadura, sal y orégano. ALÉRGENOS: CONTIENE GLUTEN, PESCADO Y LECHE. PUEDE CONTENER TRAZAS DE APIO, SULFITOS Y SOJA."],"conservation":" Conservar entre 0 y 4°","ean":"8436549652974"},{"full_name":"MAESTRO MODENA Pescara Premium indivual  pizza de atún cebolla y tomate cherry envase 350 g","name":"Pescara Premium indivual  pizza de atún cebolla y tomate cherry envase 350 g","brand":"MAESTRO MODENA ","img":"https://sgfm.elcorteingles.es/SGFM/dctm/MEDIA03/201710/11/00118850403728____1__600x600.jpg","price":"4,95 €","categories":["Supermercado","Alimentación General","Platos preparados","Pizzas","MAESTRO MODENA Pescara Premium indivual  pizza de atún cebolla y tomate cherry envase 350 g"],"general_information":["Denominación del alimento: Pizza Pescara","Nombre del operador: TESDIR 25 S.L.","Dirección del operador: AV. Mas Vilà 99-109","Cantidad Neta: 350 g"],"ingredients":[" HARINA DE TRITORDEUM (29%), QUESO MOZZARELLA (LECHE DE VACA pasteurizada, sal, fermentos LÁCTICOS, cuajo y almidón de maíz), ATÚN (11%) (ATÚN, aceite de girasol y sal), cebolla cruda (10%), agua, HARINA DE TRIGO (Harina de TRIGO, ácido ascórbico), tomate triturado (Tomate y ácido cítrico), tomate cherry en trozos (3%), HARINA DE CENTENO, levadura,  sal y orégano. ALÉRGENOS: CONTIENE GLUTEN, PESCADO Y LECHE. PUEDE CONTENER TRAZAS DE APIO, SULFITOS Y SOJA."],"conservation":" Conservar entre 0 y 4°","ean":"8436549652899"},{"full_name":"MAESTRO MODENA Boloñesa Premium familiar pizza con salsa boloñesa y bacon envase 560 g","name":"Boloñesa Premium familiar pizza con salsa boloñesa y bacon envase 560 g","brand":"MAESTRO MODENA ","img":"https://sgfm.elcorteingles.es/SGFM/dctm/MEDIA03/201710/04/00118850403603____1__600x600.jpg","price":"6,80 €","categories":["Supermercado","Alimentación General","Platos preparados","Pizzas","MAESTRO MODENA Boloñesa Premium familiar pizza con salsa boloñesa y bacon envase 560 g"],"general_information":["Denominación del alimento: Pizza Boloñesa","Nombre del operador: TESDIR 25 S.L.","Dirección del operador: AV. Mas Vilà 99-109","Cantidad Neta: 560 g"],"ingredients":[" HARINA DE TRITORDEUM (29%), QUESO MOZZARELLA (LECHE DE VACA pasteurizada, sal, fermentos LÁCTICOS, cuajo y almidón de maíz), Salsa Boloñesa (15%) (Carne de cerdo, tomate triturado (Tomate y ácido cítrico), aceite de girasol, zanahoria picada, APIO picado, romero, VINO (contiene SULFITOS), sal, ajo y albahaca), agua, Bacon (7%)(Bacon de cerdo, sal, dextrosa, estabilizadores (E451, E452), conservadores (E262, E243, E250), extractos de especias, azúcar, antioxidantes (E316, E301). Ahumado con madera de haya), harina de TRIGO (Harina de TRIGO, ácido ascórbico), tomate triturado (Tomate y ácido cítrico), HARINA DE CENTENO, levadura, sal, finas hierbas (perejil, ajo, hojilla cáscara y orégano). ALÉRGENOS: CONTIENE GLUTEN, LECHE, APIO, SULFITOS. PUEDE CONTENER TRAZAS DE PESCADO Y SOJA."],"conservation":" Conservar entre 0 y 4°","ean":"8436549652943"},{"full_name":"MAESTRO MODENA Boloñesa Premium individual pizza con salsa boloñesa y bacon envase 360 g","name":"Boloñesa Premium individual pizza con salsa boloñesa y bacon envase 360 g","brand":"MAESTRO MODENA ","img":"https://sgfm.elcorteingles.es/SGFM/dctm/MEDIA03/201710/04/00118850403702____1__600x600.jpg","price":"4,95 €","categories":["Supermercado","Alimentación General","Platos preparados","Pizzas","MAESTRO MODENA Boloñesa Premium individual pizza con salsa boloñesa y bacon envase 360 g"],"general_information":["Denominación del alimento: Pizza Boloñesa","Nombre del operador: TESDIR 25 S.L.","Dirección del operador: AV. Mas Vilà 99-109","Cantidad Neta: 360 g"],"ingredients":[" HARINA DE TRITORDEUM(29%), QUESO MOZZARELLA (LECHE DE VACA pasteurizada, sal, fermentos LÁCTICOS, cuajo y almidón de maíz), Salsa Boloñesa (16%) (Carne de cerdo, tomate triturado (Tomate y ácido cítrico), aceite de girasol, zanahoria picada, APIO picado, romero, VINO (contiene SULFITOS), sal, ajo y albahaca), Bacon (9%)(Bacon de cerdo, sal, dextrosa, estabilizadores (E451, E452), conservadores (E262, E243, E250), extractos de especias, azúcar, antioxidantes (E316, E301). Ahumado con madera de haya), agua, harina de TRIGO (Harina de TRIGO, ácido ascórbico), tomate triturado (Tomate y ácido cítrico), HARINA DE CENTENO, levadura, sal, finas hierbas (perejil, ajo, hojilla cáscara y orégano). ALÉRGENOS: CONTIENE GLUTEN, LECHE, APIO, SULFITOS. PUEDE CONTENER TRAZAS DE PESCADO Y SOJA."],"conservation":" Conservar entre 0 y 4°","ean":"8436549652875"},{"full_name":"MAESTRO MODENA Capricciosa Premium familiar pizza de fiambre de cerdo champiñón y queso provolone envase 570 g","name":"Capricciosa Premium familiar pizza de fiambre de cerdo champiñón y queso provolone envase 570 g","brand":"MAESTRO MODENA ","img":"https://sgfm.elcorteingles.es/SGFM/dctm/MEDIA03/201710/04/00118850403579____1__600x600.jpg","price":"6,80 €","categories":["Supermercado","Alimentación General","Platos preparados","Pizzas","MAESTRO MODENA Capricciosa Premium familiar pizza de fiambre de cerdo champiñón y queso provolone envase 570 g"],"general_information":["Denominación del alimento: Pizza Capricciosa","Nombre del operador: TESDIR 25 S.L.","Dirección del operador: AV. Mas Vilà 99-109","Cantidad Neta: 570 g"],"ingredients":[" Harina de TRIGO (Harina de TRIGO, ácido ascórbico), QUESO MOZZARELLA (LECHE DE VACA pasteurizada, sal, fermentos LÁCTICOS, cuajo y almidón de maíz), Fiambre de cerdo (16%)(Carne de cerdo, agua, fécula de patata, sal, gelificantes (E407, E415), azúcar, estabilizador (E451), fibra alimentaria, maltodextrina de patata, proteína de cerdo, aromas, antioxidantes (E316, E331), conservadores  (E262, E250), extractos de especias, aroma de humo, colorante (E120)),  agua, tomate triturado (Tomate y ácido cítrico), champiñones  naturales cultivados (Agaricus Bisporus) en láminas (4%), QUESO PROVOLONE (3%)(LECHE DE VACA pasteurizada, sal, cuajo, conservador superficial (E-203, E-235)), Harina de CENTENO, sal, levadura, orégano y azúcar. ALÉRGENOS: GLUTEN, LECHE. PUEDE CONTENER TRAZAS DE PESCADO, SULFITOS, APIO Y SOJA."],"conservation":" Conservar entre 0 y 4°","ean":"8436549651403"},{"full_name":"MAESTRO MODENA Capricciosa Premium individual pizza de fiambre de cerdo champiñón y queso provolone envase 350 g","name":"Capricciosa Premium individual pizza de fiambre de cerdo champiñón y queso provolone envase 350 g","brand":"MAESTRO MODENA ","img":"https://sgfm.elcorteingles.es/SGFM/dctm/MEDIA03/201710/04/00118850403678____1__600x600.jpg","price":"4,95 €","categories":["Supermercado","Alimentación General","Platos preparados","Pizzas","MAESTRO MODENA Capricciosa Premium individual pizza de fiambre de cerdo champiñón y queso provolone envase 350 g"],"general_information":["Denominación del alimento: Pizza Capricciosa","Nombre del operador: TESDIR 25 S.L.","Dirección del operador: AV. Mas Vilà 99-109","Cantidad Neta: 350 g"],"ingredients":[" Harina de TRIGO (Harina de TRIGO, ácido ascórbico), QUESO MOZZARELLA (LECHE DE VACA pasteurizada, sal, fermentos LÁCTICOS, cuajo y almidón de maíz), Fiambre de cerdo (12%)(Carne de cerdo, agua, fécula de patata, sal, gelificantes (E407, E415), azúcar, estabilizador (E451), fibra alimentaria, maltodextrina de patata, proteína de cerdo, aromas, antioxidantes (E316, E331), conservadores  (E262, E250), extractos de especias, aroma de humo, colorante (E120)),  agua, tomate triturado (Tomate y ácido cítrico), champiñones  naturales cultivados (Agaricus Bisporus) en láminas (5%), QUESO PROVOLONE (3%)(LECHE DE VACA pasteurizada, sal, cuajo, conservador superficial (E-203, E-235)), Harina de CENTENO, sal, levadura, orégano y azúcar. ALÉRGENOS: GLUTEN, LECHE. PUEDE CONTENER TRAZAS DE PESCADO, SULFITOS, APIO Y SOJA."],"conservation":" Conservar entre 0 y 4°","ean":"8436549652844"},{"full_name":"MAESTRO MODENA Cuatro Quesos Premium familiar pizza 4 quesos envase 510 g","name":"Cuatro Quesos Premium familiar pizza 4 quesos envase 510 g","brand":"MAESTRO MODENA ","img":"https://sgfm.elcorteingles.es/SGFM/dctm/MEDIA03/201710/04/00118850403611____1__600x600.jpg","price":"6,80 €","categories":["Supermercado","Alimentación General","Platos preparados","Pizzas","MAESTRO MODENA Cuatro Quesos Premium familiar pizza 4 quesos envase 510 g"],"general_information":["Denominación del alimento: Pizza 4 Quesos","Nombre del operador: TESDIR 25 S.L.","Dirección del operador: AV. Mas Vilà 99-109","Cantidad Neta: 510 g"],"ingredients":[" Mezcla de QUESOS RALLADOS (39%): GOUDA, CHEDDAR, EMMENTAL, MOZZARELLA (LECHE de vaca pasteurizada, sal, fermentos LÁCTICOS, cuajo, colorante betacaroteno, colorante annato, cloruro cálcico,  antiapelmazantes (almidón de patata, almidón de maíz)), HARINA DE TRITORDEUM (31%), agua, HARINA DE TRIGO (Harina de TRIGO, ácido ascórbico), tomate triturado (Tomate y ácido cítrico), harina de CENTENO, levadura y sal. ALÉRGENOS: GLUTEN, LECHE. PUEDE CONTENER TRAZAS DE PESCADO, SULFITOS, APIO Y SOJA."],"conservation":" Conservar entre 0 y 4°","ean":"8436549652950"},{"full_name":"MAESTRO MODENA Cuatro Quesos Premium individual pizza 4 quesos envase 310 g","name":"Cuatro Quesos Premium individual pizza 4 quesos envase 310 g","brand":"MAESTRO MODENA ","img":"https://sgfm.elcorteingles.es/SGFM/dctm/MEDIA03/201710/04/00118850403710____1__600x600.jpg","price":"4,95 €","categories":["Supermercado","Alimentación General","Platos preparados","Pizzas","MAESTRO MODENA Cuatro Quesos Premium individual pizza 4 quesos envase 310 g"],"general_information":["Denominación del alimento: Pizza 4 Quesos","Nombre del operador: TESDIR 25 S.L.","Dirección del operador: AV. Mas Vilà 99-109","Cantidad Neta: 310 g"],"ingredients":[" Mezcla de QUESOS RALLADOS (37%): GOUDA, CHEDDAR, EMMENTAL, MOZZARELLA (LECHE de vaca pasteurizada, sal, fermentos LÁCTICOS, cuajo, colorante betacaroteno, colorante annato, cloruro cálcico,  antiapelmazantes (almidón de patata, almidón de maíz)), HARINA DE TRITORDEUM (24%), agua, HARINA DE TRIGO (Harina de TRIGO, ácido ascórbico), tomate triturado (Tomate y ácido cítrico), harina de CENTENO, levadura y sal. ALÉRGENOS: GLUTEN, LECHE. PUEDE CONTENER TRAZAS DE PESCADO, SULFITOS, APIO Y SOJA."],"conservation":" Conservar entre 0 y 4°","ean":"8436549652882"},{"full_name":"MAESTRO MODENA Ibérica Premium familiar pizza de jamón serrano envase 500 g","name":"Ibérica Premium familiar pizza de jamón serrano envase 500 g","brand":"MAESTRO MODENA ","img":"https://sgfm.elcorteingles.es/SGFM/dctm/MEDIA03/201710/04/00118850403595____1__600x600.jpg","price":"6,80 €","categories":["Supermercado","Alimentación General","Platos preparados","Pizzas","MAESTRO MODENA Ibérica Premium familiar pizza de jamón serrano envase 500 g"],"general_information":["Denominación del alimento: Pizza Iberica","Nombre del operador: TESDIR 25 S.L.","Dirección del operador: AV. Mas Vilà 99-109","Cantidad Neta: 500 g"],"ingredients":[" Harina de TRIGO (Harina de TRIGO, ácido ascórbico), QUESO MOZZARELLA (LECHE DE VACA pasteurizada, sal, fermentos LÁCTICOS, cuajo y almidón de maíz), Jamón Serrano (16%)(Jamón y paleta de cerdo, sal, azúcar, conservadores (E-252, E-250), antioxidantes (E-300, E-301)), agua, tomate triturado (Tomate y ácido cítrico), Harina de CENTENO, sal, levadura y azúcar. ALÉRGENOS: GLUTEN, LECHE. PUEDE CONTENER TRAZAS DE PESCADO, SULFITOS, APIO Y SOJA."],"conservation":" Conservar entre 0 y 4°","ean":"8436549652936"},{"full_name":"MAESTRO MODENA Ibérica Premium individual pizza de jamón serrano envase 320 g","name":"Ibérica Premium individual pizza de jamón serrano envase 320 g","brand":"MAESTRO MODENA ","img":"https://sgfm.elcorteingles.es/SGFM/dctm/MEDIA03/201710/04/00118850403694____1__600x600.jpg","price":"4,95 €","categories":["Supermercado","Alimentación General","Platos preparados","Pizzas","MAESTRO MODENA Ibérica Premium individual pizza de jamón serrano envase 320 g"],"general_information":["Denominación del alimento: Pizza Iberica","Nombre del operador: TESDIR 25 S.L.","Dirección del operador: AV. Mas Vilà 99-109","Cantidad Neta: 320 g"],"ingredients":[" Harina de TRIGO (Harina de TRIGO, ácido ascórbico), QUESO MOZZARELLA (LECHE DE VACA pasteurizada, sal, fermentos LÁCTICOS, cuajo y almidón de maíz), Jamón Serrano (16%)(Jamón y paleta de cerdo, sal, azúcar, conservadores (E-252, E-250), antioxidantes (E-300, E-301)), agua, tomate triturado (Tomate y ácido cítrico), Harina de CENTENO, sal, levadura y azúcar. ALÉRGENOS: GLUTEN, LECHE. PUEDE CONTENER TRAZAS DE PESCADO, SULFITOS, APIO Y SOJA."],"conservation":" Conservar entre 0 y 4°","ean":"8436549652868"},{"full_name":"MAESTRO MODENA Margarita Premium familiar pizza de mozzarella envase 450 g","name":"Margarita Premium familiar pizza de mozzarella envase 450 g","brand":"MAESTRO MODENA ","img":"https://sgfm.elcorteingles.es/SGFM/dctm/MEDIA03/201710/04/00118850403645____1__600x600.jpg","price":"5,25 €","categories":["Supermercado","Alimentación General","Platos preparados","Pizzas","MAESTRO MODENA Margarita Premium familiar pizza de mozzarella envase 450 g"],"general_information":["Denominación del alimento: Pizza Margarita","Nombre del operador: TESDIR 25 S.L.","Dirección del operador: AV. Mas Vilà 99-109","Cantidad Neta: 450 g"],"ingredients":[" HARINA DE TRIGO (Harina de TRIGO, ácido ascórbico), QUESO MOZZARELLA (31%)(LECHE DE VACA pasteurizada, sal, fermentos LÁCTICOS, cuajo y almidón de maíz), agua, tomate triturado (Tomate y ácido cítrico), harina de CENTENO, sal, levadura y azúcar. ALÉRGENOS: GLUTEN, LECHE. PUEDE CONTENER TRAZAS DE PESCADO, SULFITOS, APIO Y SOJA."],"conservation":" Conservar entre 0 y 4°","ean":"8436549653049"},{"full_name":"MAESTRO MODENA Piccantina Premium familiar pizza de pepperoni pimientos y aceitunas envase 570 g","name":"Piccantina Premium familiar pizza de pepperoni pimientos y aceitunas envase 570 g","brand":"MAESTRO MODENA ","img":"https://sgfm.elcorteingles.es/SGFM/dctm/MEDIA03/201710/11/00118850403553____1__600x600.jpg","price":"6,80 €","categories":["Supermercado","Alimentación General","Platos preparados","Pizzas","MAESTRO MODENA Piccantina Premium familiar pizza de pepperoni pimientos y aceitunas envase 570 g"],"general_information":["Denominación del alimento: Pizza Piccantina","Nombre del operador: TESDIR 25 S.L.","Dirección del operador: AV. Mas Vilà 99-109","Cantidad Neta: 570 g"],"ingredients":[" HARINA DE TRITORDEUM (29%), QUESO MOZZARELLA (LECHE DE VACA pasteurizada, sal, fermentos LÁCTICOS, cuajo y almidón de maíz), pimiento verde y rojo en láminas (9%), agua, HARINA DE TRIGO (Harina de TRIGO, ácido ascórbico), tomate triturado (Tomate y ácido cítrico), Pepperoni loncheado (8%)(Carne y grasa de cerdo, sal, LACTOSA, especies, PROTEÍNAS DE LECHE, PROTEÍNAS DE SOJA, dextrosa, antioxidantes (E-316, E-301), conservadores (E-250, E-262, E-235), colorante (E-120), oleoresina de pimentón, azúcar),  Champiñones  naturales cultivados (Agaricus Bisporus), aceitunas negras deshuesadas en rodajas (3%)(Aceitunas negras, agua, sal,  estabilizante E-579), HARINA DE CENTENO, levadura y sal. ALÉRGENOS: CONTIENE GLUTEN, LECHE, SOJA. PUEDE CONTENER TRAZAS DE PESCADO SULFITOS Y APIO."],"conservation":" Conservar entre 0 y 4°","ean":"8436549651380"},{"full_name":"MAESTRO MODENA Piccantina Premium individual pizza de pepperoni pimientos y aceitunas envase 370 g","name":"Piccantina Premium individual pizza de pepperoni pimientos y aceitunas envase 370 g","brand":"MAESTRO MODENA ","img":"https://sgfm.elcorteingles.es/SGFM/dctm/MEDIA03/201710/11/00118850403652____1__600x600.jpg","price":"4,95 €","categories":["Supermercado","Alimentación General","Platos preparados","Pizzas","MAESTRO MODENA Piccantina Premium individual pizza de pepperoni pimientos y aceitunas envase 370 g"],"general_information":["Denominación del alimento: Pizza Piccantina","Nombre del operador: TESDIR 25 S.L.","Dirección del operador: AV. Mas Vilà 99-109","Cantidad Neta: 370 g"],"ingredients":[" HARINA DE TRITORDEUM (28%), QUESO MOZZARELLA (LECHE DE VACA pasteurizada, sal, fermentos LÁCTICOS, cuajo y almidón de maíz), pimiento verde y rojo en láminas (9%), agua, Pepperoni loncheado (7%)(Carne y grasa de cerdo, sal, LACTOSA, especies, PROTEÍNAS DE LECHE, PROTEÍNAS DE SOJA, dextrosa, antioxidantes (E-316, E-301), conservadores (E-250, E-262, E-235), colorante (E-120), oleoresina de pimentón, azúcar). HARINA DE TRIGO (harina de TRIGO, ácido ascórbico), tomate triturado (Tomate y ácido cítrico), Champiñones naturales cultivados (Agaricus Bisporus), aceitunas negras deshuesadas en rodajas  (3%) (Aceitunas negras, agua, sal,  estabilizante E-579), HARINA DE CENTENO, levadura y sal. ALÉRGENOS: CONTIENE GLUTEN, LECHE, SOJA. PUEDE CONTENER TRAZAS DE PESCADO SULFITOS Y APIO."],"conservation":" Conservar entre 0 y 4°","ean":"8436549652820"},{"full_name":"MAESTRO MODENA Ferrara Premium familiar pizza de pollo y queso de cabra envase 570 g","name":"Ferrara Premium familiar pizza de pollo y queso de cabra envase 570 g","brand":"MAESTRO MODENA ","img":"https://sgfm.elcorteingles.es/SGFM/dctm/MEDIA03/201710/11/00118850403637____1__600x600.jpg","price":"6,80 €","categories":["Supermercado","Alimentación General","Platos preparados","Pizzas","MAESTRO MODENA Ferrara Premium familiar pizza de pollo y queso de cabra envase 570 g"],"general_information":["Denominación del alimento: Pizza Ferrara","Nombre del operador: TESDIR 25 S.L.","Dirección del operador: AV. Mas Vilà 99-109","Cantidad Neta: 570 g"],"ingredients":[" HARINA TRITORDEUM (29%), QUESO MOZZARELLA (LECHE DE VACA pasteurizada, sal, fermentos LÁCTICOS, cuajo y almidón de maíz), pollo (14%)(Pechuga de pollo (96%), sal, fècula de patata, Jarabe de glucosa, estabilizante (E-451), especias, aroma, antioxidante (E-316)),  QUESO DE CABRA en rodajas  (9%) (LECHE DE CABRA PASTEURIZADA, fermentos LÁCTICOS, cuajo, sal), agua, HARINA DE TRIGO (Harina de TRIGO, ácido ascórbico), tomate triturado (Tomate y ácido cítrico), HARINA DE CENTENO, levadura, sal y orégano. ALÉRGENOS: CONTIENE GLUTEN Y LECHE. PUEDE CONTENER TRAZAS DE PESCADO, APIO, SULFITOS Y SOJA."],"conservation":" Conservar entre 0 y 4°","ean":"8436549653032"},{"full_name":"MAESTRO MODENA Tartufo Premium familiar pizza de trufa y champiñón envase 530 g","name":"Tartufo Premium familiar pizza de trufa y champiñón envase 530 g","brand":"MAESTRO MODENA ","img":"https://sgfm.elcorteingles.es/SGFM/dctm/MEDIA03/201710/11/00118850403561____1__600x600.jpg","price":"6,80 €","categories":["Supermercado","Alimentación General","Platos preparados","Pizzas","MAESTRO MODENA Tartufo Premium familiar pizza de trufa y champiñón envase 530 g"],"general_information":["Denominación del alimento: Pizza Tartufo","Nombre del operador: TESDIR 25 S.L.","Dirección del operador: AV. Mas Vilà 99-109","Cantidad Neta: 530 g"],"ingredients":[" HARINA DE TRITORDEUM(31%), QUESO MOZZARELLA (LECHE DE VACA pasteurizada, sal, fermentos LÁCTICOS, cuajo y almidón de maíz), Champiñones  naturales cultivados (Agaricus Bisporus) en láminas (12%), agua, Harina de TRIGO (Harina de TRIGO, ácido ascórbico), tomate triturado (Tomate y ácido cítrico), crema de tartufo (6%)(Champiñon cultivado (Agaricus Bisporus) aceite de girasol, Craterellus Comucupiodes, perejil, ajo, fibra vegetal, sal, trufa negra Tuber aestivum (1,1%),  aromas, especies), Harina de CENTENO, levadura y sal. ALÉRGENOS: GLUTEN, LECHE. PUEDE CONTENER TRAZAS DE PESCADO, SULFITOS, APIO Y SOJA."],"conservation":" Conservar entre 0 y 4°","ean":"8436549651397"},{"full_name":"MAESTRO MODENA Tartufo Premium individual pizza de trufa y champiñón envase 320 g","name":"Tartufo Premium individual pizza de trufa y champiñón envase 320 g","brand":"MAESTRO MODENA ","img":"https://sgfm.elcorteingles.es/SGFM/dctm/MEDIA03/201710/11/00118850403660____1__600x600.jpg","price":"4,95 €","categories":["Supermercado","Alimentación General","Platos preparados","Pizzas","MAESTRO MODENA Tartufo Premium individual pizza de trufa y champiñón envase 320 g"],"general_information":["Denominación del alimento: Pizza Tartufo","Nombre del operador: TESDIR 25 S.L.","Dirección del operador: AV. Mas Vilà 99-109","Cantidad Neta: 320 g"],"ingredients":[" HARINA DE TRITORDEUM(32%), QUESO MOZZARELLA (LECHE DE VACA pasteurizada, sal, fermentos LÁCTICOS, cuajo y almidón de maíz), Champiñones  naturales cultivados (Agaricus Bisporus) en láminas (9%), agua, Harina de TRIGO (Harina de TRIGO, ácido ascórbico), tomate triturado (Tomate y ácido cítrico), crema de tartufo (5%)(Champiñon cultivado (Agaricus Bisporus) aceite de girasol, Craterellus Comucupiodes, perejil, ajo, fibra vegetal, sal, trufa negra Tuber aestivum (1,1%),  aromas, especies), Harina de CENTENO, levadura y sal.  ALÉRGENOS: GLUTEN, LECHE. PUEDE CONTENER TRAZAS DE PESCADO, SULFITOS, APIO Y SOJA."],"conservation":" Conservar entre 0 y 4°","ean":"8436549652837"},{"full_name":"MAESTRO MODENA Vegetal Premium individual pizza salteado vegetal envase 400 g","name":"Vegetal Premium individual pizza salteado vegetal envase 400 g","brand":"MAESTRO MODENA ","img":"https://sgfm.elcorteingles.es/SGFM/dctm/MEDIA03/201710/04/00118850403686____1__600x600.jpg","price":"4,95 €","categories":["Supermercado","Alimentación General","Platos preparados","Pizzas","MAESTRO MODENA Vegetal Premium individual pizza salteado vegetal envase 400 g"],"general_information":["Denominación del alimento: Pizza Vegetal","Nombre del operador: TESDIR 25 S.L.","Dirección del operador: AV. Mas Vilà 99-109","Cantidad Neta: 400 g"],"ingredients":[" Mezcla vegetal (Pimiento rojo, calabacín, cebolla, berenjena, zanahoria, sal y aceite de girasol)(31%), HARINA DE TRITORDEUM (26%), QUESO MOZZARELLA (LECHE DE VACA pasteurizada, sal, fermentos LÁCTICOS, cuajo y almidón de maíz), agua, HARINA DE TRIGO (Harina de TRIGO, ácido ascórbico),  tomate triturado (Tomate y ácido cítrico),  HARINA DE CENTENO, levadura, sal, finas hierbas (perejil, ajo, hojilla cáscara y orégano).  ALÉRGENOS: GLUTEN, LECHE. PUEDE CONTENER TRAZAS DE PESCADO, SULFITOS, APIO Y SOJA."],"conservation":" Conservar entre 0 y 4°","ean":"8436549652851"},{"full_name":"EL CORTE INGLES muslos de pato en confit lata 450 g","name":"muslos de pato en confit lata 450 g","brand":"EL CORTE INGLES ","img":"https://sgfm.elcorteingles.es/SGFM/dctm/MEDIA03/201610/13/00118811900101____1__600x600.jpg","price":"12,23 €            ","price_unit":"(26,64 € / Kilo)","categories":["Supermercado","Alimentación General","Platos preparados","Platos preparados de carne","EL CORTE INGLES muslos de pato en confit lata 450 g"],"general_information":["Denominación del alimento: Muslos de pato en confit","Nombre del operador: Elaborado para  El Corte Inglés por\nDelicass Sdad. de Alimentación, S.A.\nBº Leguina, s/n. 48195 Larrabezúa. Vizcaya. España","Cantidad Neta: 600 g","Peso neto escurrido: 450 g"],"ingredients":[" Ingredientes: 2 muslos y grasa de pato, sal y conservador (E-250)."],"conservation":" CONSERVESE ENTRE 0º Y 7º C. Una vez abierto, consumir en los próximos 5 días","ean":"8433329015325"},{"full_name":"EL CORTE INGLES carne de vacuno con salsa chimichurri receta exclusiva bandeja 250 g","name":"carne de vacuno con salsa chimichurri receta exclusiva bandeja 250 g","brand":"EL CORTE INGLES ","img":"https://sgfm.elcorteingles.es/SGFM/dctm/MEDIA03/201712/04/00118034901456____1__600x600.jpg","price":"3,95 €","price_unit":"(14,11 € / Kilo)","categories":["Supermercado","Alimentación General","Platos preparados","Platos preparados de carne","EL CORTE INGLES carne de vacuno con salsa chimichurri receta exclusiva bandeja 250 g"],"general_information":[],"ingredients":[],"ean":"8433329083591"},{"full_name":"EL CORTE INGLES pollo tandoori receta exclusiva bandeja 250 g","name":"pollo tandoori receta exclusiva bandeja 250 g","brand":"EL CORTE INGLES ","img":"https://sgfm.elcorteingles.es/SGFM/dctm/MEDIA03/201712/04/00118034901449____1__600x600.jpg","price":"3,95 €","price_unit":"(14,11 € / Kilo)","categories":["Supermercado","Alimentación General","Platos preparados","Platos preparados de carne","EL CORTE INGLES pollo tandoori receta exclusiva bandeja 250 g"],"general_information":[],"ingredients":[],"ean":"8433329083584"},{"full_name":"CARRETILLA pollo cazuela con pimientos envase 250 g","name":"pollo cazuela con pimientos envase 250 g","brand":"CARRETILLA ","img":"https://sgfm.elcorteingles.es/SGFM/dctm/MEDIA03/201705/17/00118034900375____2__600x600.jpg","price":"2,55 €","price_unit":"(10,20 € / Kilo)","categories":["Supermercado","Alimentación General","Platos preparados","Platos preparados de carne","CARRETILLA pollo cazuela con pimientos envase 250 g"],"general_information":["Denominación del alimento: Pollo a la cazuela con pimientos","Nombre del operador: Ind. Alim. de Navarra, S.A.U.","Dirección del operador: Pol.Peñalfons, s/n. 31330 Villafranca. Navarra - España","Cantidad Neta: 250 g","Otras menciones obligatorias en la etiqueta: Envasado en atmósfera protectora."],"ingredients":[" Pechuga de Pollo (35%), pimientos (13,5%)(rojo,verde y amarillo), tomate (cubos y concentrado), cebolla, aceite de oliva, almidón modificado de maíz,almidón de mandioca, vino blanco, sal, azúcar, dextrosa, suero de leche, leche desnatada, estabilizante (difosfato sódico) y aroma. Contiene leche y derivados. Puede contener trazas de crustáceos, huevo, pescado, soja, apio, mostaza y moluscos."],"conservation":" No necesita frío para su conservación. Conservar en ambiente fresco y seco.","ean":"8410416005766"},{"full_name":"CARRETILLA pollo con champiñones envase 250 g","name":"pollo con champiñones envase 250 g","brand":"CARRETILLA ","img":"https://sgfm.elcorteingles.es/SGFM/dctm/MEDIA03/201705/17/00118034900383____7__600x600.jpg","price":"2,55 €","price_unit":"(10,20 € / Kilo)","categories":["Supermercado","Alimentación General","Platos preparados","Platos preparados de carne","CARRETILLA pollo con champiñones envase 250 g"],"general_information":["Denominación del alimento: Pollo con champiñones cultivados (agaricus bisporus)","Nombre del operador: Ind. Alim. de Navarra, S.A.U.","Dirección del operador: Pol.Peñalfons, s/n. 31330 Villafranca. Navarra - España","Cantidad Neta: 250 g","Otras menciones obligatorias en la etiqueta: Envasado en atmósfera protectora."],"ingredients":[" Pechuga de pollo (35%), champiñones cultivados (sulfitos), (Agaricus bisporus) 30%, cebolla, agua, aceite de oliva, vino blanco, almidón modificado de maíz, sal, ajo, azúcar, dextrosa, suero de leche, leche desnatada, estabilizante (difosfato sódico) y aroma. Contiene leche y derivados y sulfitos. Puede contener trazas de crustáceos, huevo, pescado, soja, apio, mostaza y moluscos."],"conservation":" No necesita frío para su conservación. Conservar en ambiente fresco y seco.","ean":"8410416005773"},{"full_name":"CARRETILLA pollo al ajillo con patatas asadas envase 250 g","name":"pollo al ajillo con patatas asadas envase 250 g","brand":"CARRETILLA ","img":"https://sgfm.elcorteingles.es/SGFM/dctm/MEDIA03/201705/17/00118034900391____2__600x600.jpg","price":"2,67 €","price_unit":"(10,68 € / Kilo)","categories":["Supermercado","Alimentación General","Platos preparados","Platos preparados de carne","CARRETILLA pollo al ajillo con patatas asadas envase 250 g"],"general_information":["Denominación del alimento: Pollo al ajillo con patatas asadas","Nombre del operador: Ind. Alim. de Navarra, S.A.U.","Dirección del operador: Pol.Peñalfons, s/n. 31330 Villafranca. Navarra - España","Cantidad Neta: 250 g"],"ingredients":[" Pechuga de pollo (35%), patatas asadas (30%), cebolla, aceite de oliva, agua, vino blanco, ajo (2,5%), perejil, almidón, sal, azúcar, dextrosa, suero de leche, leche desnatada, lecitina de soja, estabilizante (difosfato sódico) y aroma. Contiene: soja, leche y derivados. Puede contener trazas de: crustáceos, huevo, pescado, apio, mostaza y moluscos."],"conservation":" Conservar en lugar fresco y seco. No necesita frío para su conservación.","ean":"8410416005780"},{"full_name":"CARRETILLA ternera a la jardinera envase 275 g","name":"ternera a la jardinera envase 275 g","brand":"CARRETILLA ","img":"https://sgfm.elcorteingles.es/SGFM/00/43/3/0118034900433/0118034900433000g01011.jpg","price":"3,13 €","price_unit":"(11,38 € / Kilo)","categories":["Supermercado","Alimentación General","Platos preparados","Platos preparados de carne","CARRETILLA ternera a la jardinera envase 275 g"],"general_information":["Denominación del alimento: Ternera a la jardinera","Nombre del operador: Ind. Alim. de Navarra, S.A.U.","Dirección del operador: Pol.Peñalfons, s/n. 31330 Villafranca. Navarra - España","Cantidad Neta: 275 g","Otras menciones obligatorias en la etiqueta: Envasado en atmósfera protectora."],"ingredients":[" Carne de ternera (40%), hortalizas (25%) [patata (sulfitos), zanahoria, guisante y cebolla], puré de tomate, vino tinto (sulfitos), aceite de oliva (1%), aceite de girasol, aroma natural (soja y gluten), almidón modificado de maíz, sal, azúcar y especias. Contiene gluten, soja y sulfitos. Puede contener trazas de crustáceos, huevo, pescado, leche y derivados, apio, moluscos y mostaza."],"conservation":" No necesita frío para su conservación. Conservar en ambiente fresco y seco.","ean":"8410416006879"},{"full_name":"CARRETILLA lomo con pimientos y tomate envase 250 g","name":"lomo con pimientos y tomate envase 250 g","brand":"CARRETILLA ","img":"https://sgfm.elcorteingles.es/SGFM/00/44/1/0118034900441/0118034900441000g01011.jpg","price":"4,84 €","price_unit":"(19,36 € / Kilo)","categories":["Supermercado","Alimentación General","Platos preparados","Platos preparados de carne","CARRETILLA lomo con pimientos y tomate envase 250 g"],"general_information":["Denominación del alimento: Lomo con pimientos y tomate","Nombre del operador: Ind. Alim. de Navarra, S.A.U.","Dirección del operador: Pol.Peñalfons, s/n. 31330 Villafranca. Navarra - España","Cantidad Neta: 250 g","Otras menciones obligatorias en la etiqueta: Envasado en atmósfera protectora."],"ingredients":[" Lomo (30%), pimientos (15%)(rojo, verde y amarillo), puré de tomate (15%), cebolla, aceite de girasol, vino blanco, azúcar, almidón modificado de maíz, sal, ajo y pimienta blanca. Ingredientes del lomo: lomo de cerdo, fécula de patata, sal, proteína de soja, azúcar, especias, estabilizante (E-451), espesantes (E-407, E-410 y E-415) y antioxidante (E-316). Contiene soja. Puede contener trazas de crustáceos, huevo, pescado, leche y derivados, apio, moluscos y mostaza."],"conservation":" No necesita frío para su conservación. Conservar en ambiente fresco y seco.","ean":"8410416006862"},{"full_name":"CARRETILLA lomo al ajillo con patatas asadas envase 250 g","name":"lomo al ajillo con patatas asadas envase 250 g","brand":"CARRETILLA ","img":"https://sgfm.elcorteingles.es/SGFM/dctm/MEDIA02/CONTENIDOS/201507/06/00118034900953____1__600x600.jpg","price":"2,86 €","price_unit":"(11,44 € / Kilo)","categories":["Supermercado","Alimentación General","Platos preparados","Platos preparados de carne","CARRETILLA lomo al ajillo con patatas asadas envase 250 g"],"general_information":["Denominación del alimento: Lomo con patatas asadas","Nombre del operador: Ind. Alim. de Navarra, S.A.U.","Dirección del operador: Pol.Peñalfons, s/n. 31330 Villafranca. Navarra - España","Cantidad Neta: 250 g"],"ingredients":[" Lomo 27% [lomo de cerdo, fécula de patata, sal, proteína de soja, azúcar, especias, estabilizante (E-451), espesantes (E-407, E-410, E-415) y antioxidante (E-316)], patatas asadas (40%), cebolla, agua, aceite de oliva, vino blanco (sulfito), ajo (1,3%), aceite de girasol, perejil, sal y lecitina de soja. Contiene soja y sulfitos. Puede contener traza de: crustáceos, huevo, pescado, leche y derivados, apio, mostaza y moluscos."],"conservation":" Mantener en lugar fresco y seco.","ean":"8410416008385"},{"full_name":"CAMPOFRIO VUELTA Y VUELTA centros de pavo al horno envase 190 g","name":"centros de pavo al horno envase 190 g","brand":"CAMPOFRIO VUELTA Y VUELTA ","img":"https://sgfm.elcorteingles.es/SGFM/dctm/MEDIA02/CONTENIDOS/201407/01/00118850200512____1__600x600.jpg","price":"2,49 €","price_unit":"(13,11 € / Kilo)","categories":["Supermercado","Alimentación General","Platos preparados","Platos preparados de carne","CAMPOFRIO VUELTA Y VUELTA centros de pavo al horno envase 190 g"],"general_information":["Denominación del alimento: FIAMBRE DE PECHUGA DE PAVO","País de origen: España","Nombre del operador: Campofrio Food Group S.A.","Dirección del operador: Avda. de Europa, 24 - 28108 ALCOBENDAS (Madrid) España","Cantidad Neta: 190 g"],"ingredients":[" Pechuga de pavo (65%). Agua. Aroma. Estabilizantes (E-420, E-451, E-407, E-412 y E-508). Dextrosa. Sal. almidon. Azúcar. Potenciador del sabor (E-621).Conservador (E-250), Antioxidante (E-316), especias y aroma de humo. Puede contener trazas de PROTEINAS DE LECHE y SOJA."],"conservation":" Mantener entre 0° y 5° C.","ean":"8410320022682"},{"full_name":"CASCAJARES rabo de buey asado estuche 750 g","name":"rabo de buey asado estuche 750 g","brand":"CASCAJARES ","img":"https://sgfm.elcorteingles.es/SGFM/dctm/MEDIA03/201611/04/00118034901191____1__600x600.jpg","price":"17,29 €            ","price_unit":"(21,93 € / Kilo)","categories":["Supermercado","Alimentación General","Platos preparados","Platos preparados de carne","CASCAJARES rabo de buey asado estuche 750 g"],"general_information":["Denominación del alimento: RABO DE BUEY ASADO","Nombre del operador: INDUSTRIA GASTRONÓMICA BLANCA MENCÍA S.L.","Dirección del operador: Ctra. Burgos-Portugal km. 99, Pol. Ind. Dueñas. Vegapalacios, 1, CP 34210","Cantidad Neta: 0.75 Kilogramos","Peso neto escurrido: 0.4 Kilogramos","Número de raciones por envase: 2"],"ingredients":[" Rabo de buey, grasa de pato, sal, mezcla de especias"],"conservation":" A temperatura ambiente","ean":"8431562010145"},{"full_name":"CASCAJARES carrillera de buey asada en oliva de oliva lata 750 g","name":"carrillera de buey asada en oliva de oliva lata 750 g","brand":"CASCAJARES ","img":"https://sgfm.elcorteingles.es/SGFM/dctm/MEDIA02/CONTENIDOS/201412/10/00118034900326____1__600x600.jpg","price":"23,19 €            ","price_unit":"(26,60 € / Kilo)","categories":["Supermercado","Alimentación General","Platos preparados","Platos preparados de carne","CASCAJARES carrillera de buey asada en oliva de oliva lata 750 g"],"general_information":["Denominación del alimento: CARRILLERA DE BUEY ASADA EN ACEITE DE OLIVA EXTRA","Nombre del operador: INDUSTRIA GASTRONÓMICA BLANCA MENCÍA S.L.","Dirección del operador: Ctra. Burgos-Portugal km. 99, Pol. Ind. Dueñas. Vegapalacios, 1, CP 34210","Cantidad Neta: 0.75 Kilogramos","Peso neto escurrido: 0.33 Kilogramos","Número de raciones por envase: 2"],"ingredients":[" Carrillera de buey, aceite de oliva Virgen Extra 28,7%, sal, mezcla de especias."],"conservation":" A temperatura ambiente","ean":"8431562010091"},{"full_name":"CASCAJARES carrilleras de cerdo asada en aceite de oliva lata 450 g","name":"carrilleras de cerdo asada en aceite de oliva lata 450 g","brand":"CASCAJARES ","img":"https://sgfm.elcorteingles.es/SGFM/dctm/MEDIA02/CONTENIDOS/201412/10/00118034900342____1__600x600.jpg","price":"9,05 €            ","price_unit":"(19,89 € / Kilo)","categories":["Supermercado","Alimentación General","Platos preparados","Platos preparados de carne","CASCAJARES carrilleras de cerdo asada en aceite de oliva lata 450 g"],"general_information":["Denominación del alimento: CARRILLERAS DE CERDO ASADAS EN ACEITE DE OLIVA VIRGEN EXTRA","Nombre del operador: INDUSTRIA GASTRONÓMICA BLANCA MENCÍA S.L.","Dirección del operador: Ctra. Burgos-Portugal km. 99, Pol. Ind. Dueñas. Vegapalacios, 1, CP 34210","Cantidad Neta: 0.4 Kilogramos","Peso neto escurrido: 0.27 Kilogramos","Número de raciones por envase: 2"],"ingredients":[" Carrilleras de cerdo, aceite de oliva virgen extra 9,6%, sal, mezcla de especias"],"conservation":" A temperatura ambiente","ean":"8431562010169"},{"full_name":"CASCAJARES muslo de pato confitado estuche 490 g","name":"muslo de pato confitado estuche 490 g","brand":"CASCAJARES ","img":"https://sgfm.elcorteingles.es/SGFM/dctm/MEDIA02/CONTENIDOS/201412/10/00200134901024____1__600x600.jpg","price":"12,05 €            ","price_unit":"(22,35 € / Kilo)","categories":["Supermercado","Alimentación General","Platos preparados","Platos preparados de carne","CASCAJARES muslo de pato confitado estuche 490 g"],"general_information":["Denominación del alimento: MUSLOS DE PATO CONFITADOS","Nombre del operador: INDUSTRIA GASTRONÓMICA BLANCA MENCÍA S.L.","Dirección del operador: Ctra. Burgos-Portugal km. 99, Pol. Ind. Dueñas. Vegapalacios, 1, CP 34210","Cantidad Neta: 0.49 Kilogramos","Peso neto escurrido: 0.2 Kilogramos","Número de raciones por envase: 2"],"ingredients":[" Muslo de pato, grasa de pato, sal y especias"],"conservation":" A temperatura ambiente","ean":"8431562010114"},{"full_name":"CASCAJARES muslos de pato estilo francés sin gluten 1-2 raciones envase 350 g","name":"muslos de pato estilo francés sin gluten 1-2 raciones envase 350 g","brand":"CASCAJARES ","img":"https://sgfm.elcorteingles.es/SGFM/dctm/MEDIA03/201712/04/00118850204001____7__600x600.jpg","price":"5,99 €","price_unit":"(17,11 € / Kilo)","categories":["Supermercado","Alimentación General","Platos preparados","Platos preparados de carne","CASCAJARES muslos de pato estilo francés sin gluten 1-2 raciones envase 350 g"],"general_information":["Denominación del alimento: MUSLOS DE PATO CONFITADOS","Nombre del operador: INDUSTRIA GASTRONÓMICA BLANCA MENCÍA S.L.","Dirección del operador: Ctra. Burgos-Portugal km. 99, Pol. Ind. Dueñas. Vegapalacios, 1, CP 34210","Cantidad Neta: 0.35 Kilogramos","Peso neto escurrido: 0.35 Kilogramos","Número de raciones por envase: 2"],"ingredients":[" Muslo de pato, agua, grasa de pato, sal, azúcar, ajo y especias"],"conservation":" REFRIGERACIÓN =8ºC","ean":"8431562180770"},{"full_name":"LOURIÑO rabo de toro a la campesina lata 800 g","name":"rabo de toro a la campesina lata 800 g","brand":"LOURIÑO ","img":"https://sgfm.elcorteingles.es/SGFM/00/22/7/0118034900227/0118034900227000g01011.jpg","price":"7,45 €","price_unit":"(9,31 € / Kilo)","categories":["Supermercado","Alimentación General","Platos preparados","Platos preparados de carne","LOURIÑO rabo de toro a la campesina lata 800 g"],"general_information":["Denominación del alimento: Rabo de Toro","País de origen: España","Nombre del operador: INDUSTRIAS FRIGORÍFICAS DEL LOURO, S.A.","Dirección del operador: Avda. Gómez Franqueira s/n - 36400 Pontevedra - España","Lugar de procedencia del alimento: España","Cantidad Neta: 850 g"],"ingredients":[" Rabo de vacuno (60%), agua, zanahoria, pimiento rojo, guisantes, patata, judía, cebolla, fécula de patata, tomate, vino blanco, sal y especias. Puede contener trazas degluten, leche, soja y huevo"],"conservation":" Conservar en lugar fresco y seco. Una vez abierto conservar refrigerado.","ean":"8411769014108"},{"full_name":"LOURIÑO manos de cerdo lata 440 g","name":"manos de cerdo lata 440 g","brand":"LOURIÑO ","img":"https://sgfm.elcorteingles.es/SGFM/00/21/9/0118034900219/0118034900219000g01011.jpg","price":"2,33 €","price_unit":"(5,30 € / Kilo)","categories":["Supermercado","Alimentación General","Platos preparados","Platos preparados de carne","LOURIÑO manos de cerdo lata 440 g"],"general_information":["Denominación del alimento: Manos de cerdo","País de origen: España","Nombre del operador: INDUSTRIAS FRIGORÍFICAS DEL LOURO, S.A.","Dirección del operador: Avda. Gómez Franqueira s/n - 36400 Pontevedra - España","Lugar de procedencia del alimento: España","Cantidad Neta: 440 g"],"ingredients":[" Manos de cerdo (56%), agua, harina de trigo, cebolla, tomate, sal, vino, pimentón dulce, especias y potenciador del sabor (E621). Puede contener trazas de soja, leche y huevo"],"conservation":" Conservar en lugar fresco y seco. Una vez abierto conservar refrigerado.","ean":"8411769013026"},{"full_name":"DOÑA MARINA migas extremeñas con jamón bandeja 550 g","name":"migas extremeñas con jamón bandeja 550 g","brand":"DOÑA MARINA ","img":"https://sgfm.elcorteingles.es/SGFM/00/05/8/0118850200058/0118850200058000g01011.jpg","price":"3,78 €","price_unit":"(6,87 € / Kilo)","categories":["Supermercado","Alimentación General","Platos preparados","Platos preparados de carne","DOÑA MARINA migas extremeñas con jamón bandeja 550 g"],"general_information":["Denominación del alimento: Plato preparado refrigerado","Nombre del operador: Grupo Empresarial Palacios Alimentación, S.A","Dirección del operador: Ctra de Logroño s/n 26120 Albelda de Iregua (La Rioja)","Cantidad Neta: 550 g","Número de raciones por envase: 2","Otras menciones obligatorias en la etiqueta: Envasado en atmósfera protectora"],"ingredients":[" Pan (harina de trigo, agua, aceite de girasol, levadura y sal), aceite de girasol, carne de cerdo, jamón serrano (3,4%) [jamón de cerdo, sal, azúcar, conservadores (E-252 y E-250) y antioxidante (E-301)], ajo, cebolla, aceite de oliva, agua, sal, pimentón, cayena y extracto natural de pimentón.|Contiene gluten y puede contener huevo, leche, soja, sulfitos, pescado y crustáceos.|"],"conservation":" Conservar en refrigeración entre 0 y 4°C. Una vez abierto mantener en refrigeración y consumir en menos de 24 horas.","ean":"8420333000256"},{"full_name":"FELIX SOTO jabalí a la cazadora frasco 415 g","name":"jabalí a la cazadora frasco 415 g","brand":"FELIX SOTO ","img":"https://sgfm.elcorteingles.es/SGFM/dctm/MEDIA03/201705/17/00118034900052____1__600x600.jpg","price":"7,20 €","price_unit":"(17,35 € / Kilo)","categories":["Supermercado","Alimentación General","Platos preparados","Platos preparados de carne","FELIX SOTO jabalí a la cazadora frasco 415 g"],"general_information":["Denominación del alimento: Jabali a la cazadora","Nombre del operador: Felix Soto, S.L.","Dirección del operador: Pol. Ind. La Pajarilla c/ Comerciantes 2, Pidrabuena 13100 Ciudad Real (España).","Cantidad Neta: 415 g"],"ingredients":[" Ragout de jabali, cebolla, vino blanco, (contiene sulfitos), aceite de oliva virgen extra, tomate, brandy, sal, ajo y especias (pimienta y clavo)."],"conservation":" Manténgase en sitio fresco y seco.","ean":"8412034500012"},{"full_name":"FELIX SOTO perdiz en escabeche lata 425 g","name":"perdiz en escabeche lata 425 g","brand":"FELIX SOTO ","img":"https://sgfm.elcorteingles.es/SGFM/00/13/6/0118034900136/0118034900136000g01011.jpg","price":"17,85 €            ","price_unit":"(25,76 € / Kilo)","categories":["Supermercado","Alimentación General","Platos preparados","Platos preparados de carne","FELIX SOTO perdiz en escabeche lata 425 g"],"general_information":["Denominación del alimento: Perdiz en escabeche","Nombre del operador: Felix Soto, S.L.","Dirección del operador: Pol. Ind. La Pajarilla c/ Comerciantes 2, Pidrabuena 13100 Ciudad Real (España).","Cantidad Neta: 425,0 g"],"ingredients":[" Perdiz, agua, vinagre, aceite de oliva virgen extra, ajo, pimienta, clavo, laurel y sal."],"conservation":" Manténgase en sitio fresco y seco.","ean":"8412034000031"},{"full_name":"MARTIKO alas de pato en confit 10 unidades lata 800 g","name":"alas de pato en confit 10 unidades lata 800 g","brand":"MARTIKO ","img":"https://sgfm.elcorteingles.es/SGFM/dctm/MEDIA03/201612/13/00118811900069____1__600x600.jpg","price":"6,89 €","price_unit":"(8,61 € / Kilo)","categories":["Supermercado","Alimentación General","Platos preparados","Platos preparados de carne","MARTIKO alas de pato en confit 10 unidades lata 800 g"],"general_information":["Denominación del alimento: Alas de pato en confit","Nombre del operador: Martiko, S.A.","Dirección del operador: P.I. Zalain, s/n - C.P. 31780 Navarra (España)","Lugar de procedencia del alimento: Navarra, España.","Cantidad Neta: 800 g"],"ingredients":[" 10 alas de pato, grasa de pato, sal y conservador: E-250."],"conservation":" Mantener en un lugar fresco y seco. Una vez abierto, conservar en el frigorífico y consumir en los próximos 5 días.","ean":"8412540005070"},{"full_name":"MARTIKO delicias de alas de pato en confit lata 700 g","name":"delicias de alas de pato en confit lata 700 g","brand":"MARTIKO ","img":"https://sgfm.elcorteingles.es/SGFM/dctm/MEDIA03/201612/13/00118811900051____1__600x600.jpg","price":"7,79 €","price_unit":"(11,13 € / Kilo)","categories":["Supermercado","Alimentación General","Platos preparados","Platos preparados de carne","MARTIKO delicias de alas de pato en confit lata 700 g"],"general_information":["Denominación del alimento: Delicias de alas de pato en confit","Nombre del operador: Martiko, S.A.","Dirección del operador: P.I. Zalain, s/n - C.P. 31780 Navarra (España)","Lugar de procedencia del alimento: Navarra, España.","Cantidad Neta: 700 g"],"ingredients":[" 4 delicias de alas de pato, grasa de pato, sal y conservador: E-250."],"conservation":" Mantener en un lugar fresco y seco. Una vez abierto, conservar en el frigorífico y consumir en los próximos 5 días.","ean":"8412540005124"},{"full_name":"MARTIKO muslos de pato en confit lata 700 g","name":"muslos de pato en confit lata 700 g","brand":"MARTIKO ","img":"https://sgfm.elcorteingles.es/SGFM/00/08/6/0118383300086/0118383300086000g01011.jpg","price":"13,90 €","price_unit":"(19,86 € / Kilo)","categories":["Supermercado","Alimentación General","Platos preparados","Platos preparados de carne","MARTIKO muslos de pato en confit lata 700 g"],"general_information":["Denominación del alimento: Muslos de pato en confit","Nombre del operador: Martiko, S.A.","Dirección del operador: P.I. Zalain, s/n - C.P. 31780 Navarra (España)","Lugar de procedencia del alimento: Navarra, España.","Cantidad Neta: 700 g"],"ingredients":[" Muslos de pato, grasa de pato, sal y conservador: E-250."],"conservation":" Mantener en un lugar fresco y seco. Una vez abierto, conservar en el frigorífico y consumir en los próximos 5 días.","ean":"8412540005001"},{"full_name":"FELIX SOTO codornices en escabeche lata 400 g","name":"codornices en escabeche lata 400 g","brand":"FELIX SOTO ","img":"https://sgfm.elcorteingles.es/SGFM/dctm/MEDIA02/CONTENIDOS/201407/04/00118034900144____1__600x600.jpg","price":"9,19 €            ","price_unit":"(14,12 € / Kilo)","categories":["Supermercado","Alimentación General","Platos preparados","Platos preparados de carne","FELIX SOTO codornices en escabeche lata 400 g"],"general_information":["Denominación del alimento: Codornices en escabeche","Nombre del operador: Felix Soto, S.L.","Dirección del operador: Pol. Ind. La Pajarilla c/ Comerciantes 2, Pidrabuena 13100 Ciudad Real (España).","Cantidad Neta: 400,0 g"],"ingredients":[" 2 codornices, agua, vinagre, aceite de oliva virgen extra, ajo, pimineta, clavo laurel y sal."],"conservation":" Manténgase en sitio fresco y seco.","ean":"8412034005005"},{"full_name":"MARTIKO muslo de pato en confit envase 250 g","name":"muslo de pato en confit envase 250 g","brand":"MARTIKO ","img":"https://sgfm.elcorteingles.es/SGFM/dctm/MEDIA03/201702/06/00118811900150____6__600x600.jpg","price":"6,29 €","price_unit":"(25,16 € / Kilo)","categories":["Supermercado","Alimentación General","Platos preparados","Platos preparados de carne","MARTIKO muslo de pato en confit envase 250 g"],"general_information":["Denominación del alimento: Muslo de pato confitado","Nombre del operador: Martiko, S.A.","Dirección del operador: P.I. Zalain, s/n - C.P. 31780 Navarra (España)","Lugar de procedencia del alimento: Navarra, España.","Cantidad Neta: 250 g"],"ingredients":[" Muslo de pato (84%), grasa de pato, sal y conservador: E-250."],"conservation":" Conservación entre 3 y 5 °C. Una vez abierto, conservar en el frigorífico y consumir en los próximos 5 días.","ean":"8412540005605"},{"full_name":"FELIX SOTO ensalada de codorniz frasco 350 g","name":"ensalada de codorniz frasco 350 g","brand":"FELIX SOTO ","img":"https://sgfm.elcorteingles.es/SGFM/00/16/9/0118034900169/0118034900169000g01011.jpg","price":"10,45 €","price_unit":"(29,86 € / Kilo)","categories":["Supermercado","Alimentación General","Platos preparados","Platos preparados de carne","FELIX SOTO ensalada de codorniz frasco 350 g"],"general_information":["Denominación del alimento: Ensalada de codorniz","Nombre del operador: Felix Soto, S.L.","Dirección del operador: Pol. Ind. La Pajarilla c/ Comerciantes 2, Pidrabuena 13100 Ciudad Real (España).","Cantidad Neta: 350,0 g"],"ingredients":[" Codorniz deshuesada, aceite de oliva virgen extra, vinagre de jérez, agua, laurel, pimienta y clavo."],"conservation":" Manténgase en sitio fresco y seco.","ean":"8412034000093"},{"full_name":"FELIX SOTO ensalada de perdiz frasco 350 g","name":"ensalada de perdiz frasco 350 g","brand":"FELIX SOTO ","img":"https://sgfm.elcorteingles.es/SGFM/dctm/MEDIA02/CONTENIDOS/201407/04/00118034900177____1__600x600.jpg","price":"19,25 €            ","price_unit":"(35,71 € / Kilo)","categories":["Supermercado","Alimentación General","Platos preparados","Platos preparados de carne","FELIX SOTO ensalada de perdiz frasco 350 g"],"general_information":["Denominación del alimento: Ensalada de perdiz","Nombre del operador: Felix Soto, S.L.","Dirección del operador: Pol. Ind. La Pajarilla c/ Comerciantes 2, Pidrabuena 13100 Ciudad Real (España).","Cantidad Neta: 350,0 g"],"ingredients":[" Perdiz deshuesada, aceite de oliva virgen extra, vinagre de jérez, agua, laurel, pimienta y clavo."],"conservation":" Manténgase en sitio fresco y seco.","ean":"8412034100502"},{"full_name":"MAMIA caracoles en salsa lata 400 g","name":"caracoles en salsa lata 400 g","brand":"MAMIA ","img":"https://sgfm.elcorteingles.es/SGFM/00/29/2/0118034900292/0118034900292000g01011.jpg","price":"3,88 €","price_unit":"(9,70 € / Kilo)","categories":["Supermercado","Alimentación General","Platos preparados","Platos preparados de carne","MAMIA caracoles en salsa lata 400 g"],"general_information":["Denominación del alimento: Caracoles en salsa","Nombre del operador: Bajamar S.A.","Dirección del operador: Ctra. Sangüesa, s/n. 31310 Carcastillo (Navarra)","Lugar de procedencia del alimento: España.","Cantidad Neta: 425 Mililitros"],"ingredients":[" Caracoles (45%), agua de cocción, pimiento, tomate, aceite de girasol, harina de trigo (contiene gluten), sal, cebolla, vino blanco, aceite de oliva, aroma natural de carne (contiene gluten), puerro, pimentón, ajo, azúcar y especias. Contiene: gluten."],"conservation":" Una vez abierto el envase, mantener el producto refrigerado un máximo de 48 horas. A temperatura ambiente, en lugar fresco y seco / No requiere refrigeración.","ean":"8410465008404"},{"full_name":"UMOH manitas de cerdo al pimentón frasco 840 g","name":"manitas de cerdo al pimentón frasco 840 g","brand":"UMOH ","img":"https://sgfm.elcorteingles.es/SGFM/00/83/9/0118034900839/0118034900839000g01011.jpg","price":"9,78 €","price_unit":"(11,64 € / Kilo)","categories":["Supermercado","Alimentación General","Platos preparados","Platos preparados de carne","UMOH manitas de cerdo al pimentón frasco 840 g"],"general_information":[],"ingredients":[],"ean":"8436046904514"},{"full_name":"UMOH rabo de novillo al vino tinto frasco 840 g","name":"rabo de novillo al vino tinto frasco 840 g","brand":"UMOH ","img":"https://sgfm.elcorteingles.es/SGFM/00/84/7/0118034900847/0118034900847000g01011.jpg","price":"12,92 €","price_unit":"(15,38 € / Kilo)","categories":["Supermercado","Alimentación General","Platos preparados","Platos preparados de carne","UMOH rabo de novillo al vino tinto frasco 840 g"],"general_information":[],"ingredients":[],"ean":"8436046904392"},{"full_name":"DELICASS muslo de confit de pato cocinado sin gluten envase 250 g","name":"muslo de confit de pato cocinado sin gluten envase 250 g","brand":"DELICASS ","img":"https://sgfm.elcorteingles.es/SGFM/dctm/MEDIA03/201706/26/00118811900143____5__600x600.jpg","price":"6,69 €","price_unit":"(26,76 € / Kilo)","categories":["Supermercado","Alimentación General","Platos preparados","Platos preparados de carne","DELICASS muslo de confit de pato cocinado sin gluten envase 250 g"],"general_information":["Denominación del alimento: MUSLOS DE PATO EN CONFIT","Nombre del operador: Delicass Sociedad De Alimentación, S.A.","Dirección del operador: A Barrio Legina Bidea - 48195 Larrabetzu (Bizkaia)","Cantidad Neta: 300 g"],"ingredients":[" Muslo de pato, grasa de pato, sal y conservador E-250"],"conservation":" Conservar entre 0°C-7°C","ean":"8410652300373"},{"full_name":"LURKO caracoles tarro 340 g neto escurrido","name":"caracoles tarro 340 g neto escurrido","brand":"LURKO ","img":"https://sgfm.elcorteingles.es/SGFM/00/79/7/0118034900797/0118034900797000g01011.jpg","price":"8,25 €","price_unit":"(24,26 € / Kilo)","categories":["Supermercado","Alimentación General","Platos preparados","Platos preparados de carne","LURKO caracoles tarro 340 g neto escurrido"],"general_information":[],"ingredients":[],"ean":"8437011489227"},{"full_name":"CASCAJARES costillas de cerdo con salsa barbacoa 1-2 raciones envase 500 g","name":"costillas de cerdo con salsa barbacoa 1-2 raciones envase 500 g","brand":"CASCAJARES ","img":"https://sgfm.elcorteingles.es/SGFM/dctm/MEDIA02/CONTENIDOS/201410/08/00118850203672____1__600x600.jpg","price":"5,99 €","price_unit":"(11,98 € / Kilo)","categories":["Supermercado","Alimentación General","Platos preparados","Platos preparados de carne","CASCAJARES costillas de cerdo con salsa barbacoa 1-2 raciones envase 500 g"],"general_information":["Denominación del alimento: COSTILLAS DE CERDO CON SALSA BARBACOA","Nombre del operador: INDUSTRIA GASTRONÓMICA BLANCA MENCÍA S.L.","Dirección del operador: Ctra. Burgos-Portugal km. 99, Pol. Ind. Dueñas. Vegapalacios, 1, CP 34210","Cantidad Neta: 0.6 Kilogramos","Peso neto escurrido: 0.5 Kilogramos","Número de raciones por envase: 2"],"ingredients":[" Costilla de cerdo, salsa barbacoa (agua, base salsa barbacoa (azúcar, tomate, almidón modificado (patata), acidulante: E-330, sal, especias, colorante: E-150 c, potenciador de sabor: E-621, aroma, aroma de humo, conservantes: E-202, E-211), vinagre de módena (SULFITOS) (mosto concentrado, vinagre de vino , vinagre aceto Balsámico de Módena, colorante: E-150 d, coadyuvante, espesante: E- 415, E-1442, aromatizante: extracto de caramelo, conservantes: concentrado de especias, E-220), bourbon (destilado de malta de maiz,centeno, cebada y agua) ajo en polvo y especias), sal, aroma de humo y mezcla de especias."],"conservation":" REFRIGERACIÓN =8ºC","ean":"8431562180329"},{"full_name":"CASCAJARES codillo de cerdo asado sin gluten 2 raciones envase 600 g","name":"codillo de cerdo asado sin gluten 2 raciones envase 600 g","brand":"CASCAJARES ","img":"https://sgfm.elcorteingles.es/SGFM/dctm/MEDIA02/CONTENIDOS/201410/08/00118850203680____1__600x600.jpg","price":"5,99 €","price_unit":"(9,98 € / Kilo)","categories":["Supermercado","Alimentación General","Platos preparados","Platos preparados de carne","CASCAJARES codillo de cerdo asado sin gluten 2 raciones envase 600 g"],"general_information":["Denominación del alimento: CODILLO DE CERDO ENTERO","Nombre del operador: INDUSTRIA GASTRONÓMICA BLANCA MENCÍA S.L.","Dirección del operador: Ctra. Burgos-Portugal km. 99, Pol. Ind. Dueñas. Vegapalacios, 1, CP 34210","Cantidad Neta: 0.8 Kilogramos","Peso neto escurrido: 0.7 Kilogramos","Número de raciones por envase: 1"],"ingredients":[" Codillo de cerdo, agua, salmuera (sal, acidulantes: citrato sódico y acetato sódico, antioxidante: ascorbato sódico, dextrosa, extracto de especias), especias"],"conservation":" REFRIGERACIÓN Tª= 8 °C","ean":"8431562180282"},{"full_name":"LA TORRALBA pollo casero asado con su jugo envase 1 kg","name":"pollo casero asado con su jugo envase 1 kg","brand":"LA TORRALBA ","img":"https://sgfm.elcorteingles.es/SGFM/03/23/5/0118850203235/0118850203235000g01011.jpg","price":"6,71 €","price_unit":"(6,71 € / Kilo)","categories":["Supermercado","Alimentación General","Platos preparados","Platos preparados de carne","LA TORRALBA pollo casero asado con su jugo envase 1 kg"],"general_information":["Denominación del alimento: Pollo asado con su jugo","País de origen: España","Nombre del operador: EUROAMBROSIAS, S.L.","Dirección del operador: C/Arroyo del Soto, 12. Parque Empresarial Las Lagunas. 28914 Leganés (Madrid)","Lugar de procedencia del alimento: España","Cantidad Neta: 1000,0 g","Número de raciones por envase: 2"],"ingredients":[" Pollo entero, caldo de pollo con verduras (agua de cocción de pollo, cebolla, zanahoria, puerro, apio, col y sal), vino oloroso, aceite de oliva virgen extra, sal y pimienta. Contiene sulfitos."],"conservation":" Producto refrigerado. Conservar entre 0°C y 4°C.","ean":"8436035092734"},{"full_name":"LITORAL patatas estofadas con carne lata 420 g","name":"patatas estofadas con carne lata 420 g","brand":"LITORAL ","img":"https://sgfm.elcorteingles.es/SGFM/dctm/MEDIA03/201602/19/00118033000805____1__600x600.jpg","price":"2,03 €","price_unit":"(4,83 € / Kilo)","categories":["Supermercado","Alimentación General","Platos preparados","Platos preparados de carne","LITORAL patatas estofadas con carne lata 420 g"],"general_information":[],"ingredients":[],"ean":"7613035551985"},{"full_name":"SANTA TERESA magret de pato al Pedro Ximénez con puré de patata 2 raciones envase 620 g","name":"magret de pato al Pedro Ximénez con puré de patata 2 raciones envase 620 g","brand":"SANTA TERESA ","img":"https://sgfm.elcorteingles.es/SGFM/dctm/MEDIA02/CONTENIDOS/201512/21/00118850202344____2__600x600.jpg","price":"16,99 €","price_unit":"(27,40 € / Kilo)","categories":["Supermercado","Alimentación General","Platos preparados","Platos preparados de carne","SANTA TERESA magret de pato al Pedro Ximénez con puré de patata 2 raciones envase 620 g"],"general_information":["Denominación del alimento: Magret de pato","País de origen: España","Nombre del operador: Yemas de Sta. Teresa S.A.","Dirección del operador: Plaza José Tomé 4 05001 Ávila","Lugar de procedencia del alimento: España"],"ingredients":[],"ean":"8422237256081"},{"full_name":"CASA WESTFALIA Frikadellen hamburguesas asadas 5 unidades bandeja 500 g","name":"Frikadellen hamburguesas asadas 5 unidades bandeja 500 g","brand":"CASA WESTFALIA ","img":"https://sgfm.elcorteingles.es/SGFM/00/36/3/0118850200363/0118850200363000g01011.jpg","price":"4,70 €","price_unit":"(9,40 € / Kilo)","categories":["Supermercado","Alimentación General","Platos preparados","Platos preparados de carne","CASA WESTFALIA Frikadellen hamburguesas asadas 5 unidades bandeja 500 g"],"general_information":["Denominación del alimento: FRIKADELLEN. HAMBURGUESA ALEMANA ASADA","País de origen: Alemania","Nombre del operador: Casa Westfalia, S.A.","Dirección del operador: C/ Dels Roures 4, Polígono Industrial V2 - 17111 Vulpellac (Girona)","Cantidad Neta: 500 g","Otras menciones obligatorias en la etiqueta: Envasado en atmósfera protectora"],"ingredients":[" Carne de cerdo 80%, PAN RALLADO (HARINA DE trigo, sal, levadura), cebollas, sal yodada (sal común, yodato de potasio), HARINA DE mostaza, especias, aceite de colza. Puede contener trazas de huevo."],"conservation":" Mantener en frigorífico.  Una vez abierto, mantener refrigerado y consumir en 2 días.","ean":"8414784070944"},{"full_name":"SERRANO pechuga de pavo con espinacas envase 200 g","name":"pechuga de pavo con espinacas envase 200 g","brand":"SERRANO ","img":"https://sgfm.elcorteingles.es/SGFM/dctm/MEDIA03/201706/14/00118850204225____1__600x600.jpg","price":"2,68 €            ","price_unit":"(12,95 € / Kilo)","categories":["Supermercado","Alimentación General","Platos preparados","Platos preparados de carne","SERRANO pechuga de pavo con espinacas envase 200 g"],"general_information":[],"ingredients":[],"ean":"8411030016565"},{"full_name":"SERRANO pehuga de pavo con trufa envase 200 g","name":"pehuga de pavo con trufa envase 200 g","brand":"SERRANO ","img":"https://sgfm.elcorteingles.es/SGFM/dctm/MEDIA03/201706/14/00118850204217____1__600x600.jpg","price":"2,68 €            ","price_unit":"(12,95 € / Kilo)","categories":["Supermercado","Alimentación General","Platos preparados","Platos preparados de carne","SERRANO pehuga de pavo con trufa envase 200 g"],"general_information":[],"ingredients":[],"ean":"8411030016572"},{"full_name":"CASA WESTFALIA albóndigas asadas envase 400 g","name":"albóndigas asadas envase 400 g","brand":"CASA WESTFALIA ","img":"https://sgfm.elcorteingles.es/SGFM/01/97/3/0118850201973/0118850201973000g01011.jpg","price":"3,99 €","price_unit":"(9,98 € / Kilo)","categories":["Supermercado","Alimentación General","Platos preparados","Platos preparados de carne","CASA WESTFALIA albóndigas asadas envase 400 g"],"general_information":["Denominación del alimento: ALBÓNDIGAS ASADAS","Nombre del operador: Casa Westfalia, S.A.","Dirección del operador: C/ Dels Roures 4, Polígono Industrial V2 - 17111 Vulpellac (Girona)","Cantidad Neta: 400 g","Número de raciones por envase: 20","Otras menciones obligatorias en la etiqueta: Envasado en atmósfera protectora"],"ingredients":[" 70% carne de cerdo picada, PAN RALLADO (HARINA DE trigo, agua, sal, levadura), cebolla, agua, sal yodada (sal común, yodato de potasio), condimentos, dextrosa, aceite de colza, patata, mostaza (agua, SEMILLAS DE mostaza, vinagre de aguardiente, sal, azúcar, condimentos), especias, almidón, huevo. Puede contener trazas de sésamo y apio. Una vez abierto, mantener refirgerado y consumir en 2 días."],"conservation":" Mantener en frigorífico","ean":"8414784071132"},{"full_name":"POLGRI codorniz en escabeche lata 390 g","name":"codorniz en escabeche lata 390 g","brand":"POLGRI ","img":"https://sgfm.elcorteingles.es/SGFM/dctm/MEDIA02/CONTENIDOS/201412/10/00118034900110____2__600x600.jpg","price":"4,30 €","price_unit":"(11,03 € / Kilo)","categories":["Supermercado","Alimentación General","Platos preparados","Platos preparados de carne","POLGRI codorniz en escabeche lata 390 g"],"general_information":["Denominación del alimento: 2 Codornices en Escabeche","Nombre del operador: Polgri, S.A.","Dirección del operador: C/ A. 14 Polígono Campollano (02007) Albacete","Cantidad Neta: 390,0 g","Otras menciones obligatorias en la etiqueta: Producto fabricado con materias primas sin gluten"],"ingredients":[" 2 cocornices (40%), agua, aceite vegetal, vinagre, espesante (goma xantana), ajo, laurel, sal y hierbas aromáticas"],"conservation":" Una vez abierto el envase consúmase seguidamente","ean":"8411055000389"},{"full_name":"PALACIOS cheese burger con queso gouda 2 unidades envase 250 g","name":"cheese burger con queso gouda 2 unidades envase 250 g","brand":"PALACIOS ","img":"https://sgfm.elcorteingles.es/SGFM/01/05/6/0118850201056/0118850201056000g01011.jpg","price":"2,15 €","price_unit":"(8,60 € / Kilo)","categories":["Supermercado","Alimentación General","Platos preparados","Platos preparados de carne","PALACIOS cheese burger con queso gouda 2 unidades envase 250 g"],"general_information":["Denominación del alimento: Plato preparado refrigerado","Nombre del operador: Grupo Empresarial Palacios Alimentación, S.A","Dirección del operador: Ctra de Logroño s/n 26120 Albelda de Iregua (La Rioja)","Cantidad Neta: 250 g","Número de raciones por envase: 2","Otras menciones obligatorias en la etiqueta: Envasado en atmósfera protectora"],"ingredients":[" Hamburguesa (44%) [carne de cerdo picada (70%)*, pan rallado (harina de trigo, agua, sal y levadura), agua, cebolla, sal yodada (sal y yodato de potasio), especias (contine mostaza), dextrosa, aceite de palma, almidón de trigo, mostaza (agua, semillas de mostaza, vinagre de alcohol, sal, azúcar, especias) y huevo]. Bollo de sésamo (44%): (harina de trigo, agua, azúcar, aceite de colza, levadura, sal, semillas de sésamo y masa madre de trigo (harina de trigo y agua)) y queso Gouda (12%): leche, sal y cuajo *Porcentajes referidos a la hamburguesa. Contiene gluten, huevo, leche, mostaza y sésamo."],"conservation":" Conservar cerrado entre 0 y 4 °C. Una vez abierto el envase conservar en refrigeración y consumir antes de 2 días.","ean":"8420878029774"},{"full_name":"SCHARA mini hamburguesas al estilo alemán envase 200 g","name":"mini hamburguesas al estilo alemán envase 200 g","brand":"SCHARA ","img":"https://sgfm.elcorteingles.es/SGFM/dctm/MEDIA03/201701/16/00118850204183____1__600x600.jpg","price":"2,41 €","price_unit":"(12,05 € / Kilo)","categories":["Supermercado","Alimentación General","Platos preparados","Platos preparados de carne","SCHARA mini hamburguesas al estilo alemán envase 200 g"],"general_information":["Denominación del alimento: Carne picada y especiada, frita","País de origen: España","Nombre del operador: La Charcutería Alemana, S.L.","Dirección del operador: c/ Longitudinal Diez, 56 - 08040 Barcelona","Cantidad Neta: 200 g"],"ingredients":[" Carne de cerdo (origen España), cebolla frita (cebolla, aceite de oliva, sal y corrector de la acidez: ácido cítrico), sal, especias, dextrosa, estabilizante: di y polifosfatos y extracto de especias. Aceite de fritura: aceite de girasol (alto oléico)"],"conservation":" Manténgase entre 0 y 5° C. Una vez abierto consumir en 48 h.","ean":"8410448003358"},{"full_name":"LA CARLOTEÑA pollo relleno con albaricoque asado en su jugo sin gluten 6-7 raciones envase 1,5 kg","name":"pollo relleno con albaricoque asado en su jugo sin gluten 6-7 raciones envase 1,5 kg","brand":"LA CARLOTEÑA ","img":"https://sgfm.elcorteingles.es/SGFM/dctm/MEDIA03/201710/31/00118850204316____1__600x600.jpg","price":"22,95 €","categories":["Supermercado","Alimentación General","Platos preparados","Platos preparados de carne","LA CARLOTEÑA pollo relleno con albaricoque asado en su jugo sin gluten 6-7 raciones envase 1,5 kg"],"general_information":[],"ingredients":[],"ean":"8436565360426"},{"full_name":"LA CARLOTEÑA pollo relleno con huevo, jamón serrano y dátiles asado al horno sin gluten 6 raciones estuche 1,5 kg","name":"pollo relleno con huevo, jamón serrano y dátiles asado al horno sin gluten 6 raciones estuche 1,5 kg","brand":"LA CARLOTEÑA ","img":"https://sgfm.elcorteingles.es/SGFM/03/32/0/0201050203320/0201050203320000g01011.jpg","price":"26,95 €","price_unit":"(17,97 € / Kilo)","categories":["Supermercado","Alimentación General","Platos preparados","Platos preparados de carne","LA CARLOTEÑA pollo relleno con huevo, jamón serrano y dátiles asado al horno sin gluten 6 raciones estuche 1,5 kg"],"general_information":["Denominación del alimento: Estuche de Pollo Relleno con Huevo Jamon Serrano y Datiles Asado al Horno + Salsa de Ciruelas","País de origen: España","Nombre del operador: Carloteña de Asados, S.L.","Dirección del operador: Pol Ind. Las Lagunillas, naves 4 a 11  La Carlota (Cordoba)","Cantidad Neta: 1.5 Kilogramos"],"ingredients":[" Pollo semideshuesado (45%). Relleno (55%): Muslo de pollo (54%)*, pechuga de pollo (23%)*, datiles (5%)*, HUEVO (5%)*, jamon serrano (5%)*, ALMENDRA mollida, aceite de oliva, brandy, fibra vegetal, especias, sal, emulgente (E-452i), dextrosa, antioxidante (E-301), aroma, conservador (E-250).     * Porcentajes referidos al relleno.   INGREDIENTES SALSA DE CIRUELAS: Agua, aceite de girasol, ciruelas (10%), cebolla, zanahoria, azucar, sal, estabilizantes (E-412, E-415), aromas, especias, MOSTAZA, acidulante (E-330), conservadores (E-211, E--200), colorante (E-150d), antioxidante (E-320)."],"conservation":" Conservar entre 0° y 5°","ean":"8437005669567"},{"full_name":"LA CARLOTEÑA pollo asado al horno sin gluten sin lactosa envase 900 g","name":"pollo asado al horno sin gluten sin lactosa envase 900 g","brand":"LA CARLOTEÑA ","img":"https://sgfm.elcorteingles.es/SGFM/dctm/MEDIA03/201709/25/00118850203615____3__600x600.jpg","price":"5,70 €","price_unit":"(6,33 € / Kilo)","categories":["Supermercado","Alimentación General","Platos preparados","Platos preparados de carne","LA CARLOTEÑA pollo asado al horno sin gluten sin lactosa envase 900 g"],"general_information":["Denominación del alimento: Pollo Asado al Horno","País de origen: España","Nombre del operador: Carloteña de Asados, S.L.","Dirección del operador: Pol Ind. Las Lagunillas, naves 4 a 11  La Carlota (Cordoba)","Cantidad Neta: 900 g"],"ingredients":[" Un Pollo, aceite de girasol, sal, dextrosa, almidon, especias, estabilizantes (E-450, E-451), extracto de levadura, aroma."],"conservation":" Conservar entre 0° y 5°","ean":"8437005669185"},{"full_name":"LA CARLOTEÑA pollo asado al estilo texano sin gluten envase 900 g","name":"pollo asado al estilo texano sin gluten envase 900 g","brand":"LA CARLOTEÑA ","img":"https://sgfm.elcorteingles.es/SGFM/dctm/MEDIA03/201709/08/00118850204241____1__600x600.jpg","price":"5,99 €","categories":["Supermercado","Alimentación General","Platos preparados","Platos preparados de carne","LA CARLOTEÑA pollo asado al estilo texano sin gluten envase 900 g"],"general_information":[],"ingredients":[],"ean":"8436565360242"},{"full_name":"LA CARLOTEÑA alitas de pollo asadas sin gluten envase 300 g","name":"alitas de pollo asadas sin gluten envase 300 g","brand":"LA CARLOTEÑA ","img":"https://sgfm.elcorteingles.es/SGFM/dctm/MEDIA03/201710/20/00118850203144____1__600x600.jpg","price":"2,61 €","price_unit":"(8,70 € / Kilo)","categories":["Supermercado","Alimentación General","Platos preparados","Platos preparados de carne","LA CARLOTEÑA alitas de pollo asadas sin gluten envase 300 g"],"general_information":["Denominación del alimento: Alitas de Pollo Asadas 300 gr","País de origen: España","Nombre del operador: Carloteña de Asados, S.L.","Dirección del operador: Pol Ind. Las Lagunillas, naves 4 a 11  La Carlota (Cordoba)","Cantidad Neta: 300 g"],"ingredients":[" Alas de pollo, aceite de girasol, almidón, azúcar, dextrosa, extracto de levadura, especias (contiene mostaza), acidulantes (E-262, E-330, E-331), aroma de humo, colorante (E-150c), sal, jarabe de glucosa, conservador (E-250).Puede contener trazas de soja y frutos de cáscara."],"conservation":" Conservar entre 0° y 5°","ean":"8437005669000"},{"full_name":"CAN PISTRAQUES carpaccio de carrilera de cerdo 100% natural envase 120 g","name":"carpaccio de carrilera de cerdo 100% natural envase 120 g","brand":"CAN PISTRAQUES ","img":"https://sgfm.elcorteingles.es/SGFM/dctm/MEDIA03/201708/18/00118850204266____1__600x600.jpg","price":"5,96 €","price_unit":"(49,67 € / Kilo)","categories":["Supermercado","Alimentación General","Platos preparados","Platos preparados de carne","CAN PISTRAQUES carpaccio de carrilera de cerdo 100% natural envase 120 g"],"general_information":[],"ingredients":[],"ean":"8437002784973"},{"full_name":"CAN PISTRAQUES carpaccio de oreja y pies de cerdo 100% natural envase 120 g","name":"carpaccio de oreja y pies de cerdo 100% natural envase 120 g","brand":"CAN PISTRAQUES ","img":"https://sgfm.elcorteingles.es/SGFM/dctm/MEDIA03/201708/18/00118850204274____1__600x600.jpg","price":"5,96 €","price_unit":"(49,67 € / Kilo)","categories":["Supermercado","Alimentación General","Platos preparados","Platos preparados de carne","CAN PISTRAQUES carpaccio de oreja y pies de cerdo 100% natural envase 120 g"],"general_information":[],"ingredients":[],"ean":"8437002784966"},{"full_name":"CAN PISTRAQUES carpaccio de pies de cerdo 100% natural envase 120 g","name":"carpaccio de pies de cerdo 100% natural envase 120 g","brand":"CAN PISTRAQUES ","img":"https://sgfm.elcorteingles.es/SGFM/dctm/MEDIA03/201708/18/00118850204258____1__600x600.jpg","price":"5,96 €","price_unit":"(49,67 € / Kilo)","categories":["Supermercado","Alimentación General","Platos preparados","Platos preparados de carne","CAN PISTRAQUES carpaccio de pies de cerdo 100% natural envase 120 g"],"general_information":[],"ingredients":[],"ean":"8437002784980"},{"full_name":"TA-TUNG ternera con setas y bambú envase 300 g","name":"ternera con setas y bambú envase 300 g","brand":"TA-TUNG ","img":"https://sgfm.elcorteingles.es/SGFM/dctm/MEDIA02/CONTENIDOS/201409/03/00118850501620____1__600x600.jpg","price":"3,50 €","price_unit":"(11,67 € / Kilo)","categories":["Supermercado","Alimentación General","Platos preparados","Platos preparados de carne","TA-TUNG ternera con setas y bambú envase 300 g"],"general_information":["Denominación del alimento: Ternera con setas y bambú","País de origen: España","Nombre del operador: Ta-Tung platos precocinados, S.L.","Dirección del operador: C/Corominas, 37 - 08902 L'Hospitalet de Llobregat (Barcelona)","Cantidad Neta: 300 g","Número de raciones por envase: 2","Otras menciones obligatorias en la etiqueta: Producto apto para congelar. Envasado en atmósfera protectora. Apto para celíacos. Contiene menos de 5 mg/kg de gluten."],"ingredients":[" Carne de ternera (25%), bambú (25%), zanahoria (10%), setas (2%), salsa de ostras (agua, azúcar, sal, harina de maíz modificada, potenciador del sabor (glutamato monosódico), extracto de ostras, harina de trigo, colorante (caramelo amónico), salsa de soja (agua, soja, trigo, sal, conservante (sorbato potásico)), aceite de girasol, fécula de patata, sal, ajo y acidulantes (lactato potásico y diacetato sódico).Contiene: soja y moluscos."],"conservation":" Mantener entre 0-4°C","ean":"8437000752363"},{"full_name":"TA-TUNG gyoza de carne envase 150 g","name":"gyoza de carne envase 150 g","brand":"TA-TUNG ","img":"https://sgfm.elcorteingles.es/SGFM/dctm/MEDIA02/CONTENIDOS/201501/07/00118850501661____1__600x600.jpg","price":"2,99 €","price_unit":"(19,93 € / Kilo)","categories":["Supermercado","Alimentación General","Platos preparados","Platos preparados de carne","TA-TUNG gyoza de carne envase 150 g"],"general_information":["Denominación del alimento: Gyoza de carne al vapor","País de origen: España","Nombre del operador: Ta-Tung platos precocinados, S.L.","Dirección del operador: C/Corominas, 37 - 08902 L'Hospitalet de Llobregat (Barcelona)","Cantidad Neta: 170 g","Número de raciones por envase: 1","Otras menciones obligatorias en la etiqueta: Producto apto para congelar. Envasado en atmósfera protectora."],"ingredients":[" Carne de cerdo (57%), repollo (14%), nabo, puerro, cebolla, fécula de patata, aceite de sésamo, harina de trigo, agua, azúcar, sal, pimienta, aceite de girasol y potenciador del sabor (glutamato monosódico). Salsa de soja: agua, soja, harina de trigo, sal y conservador (sorbato potásico)."],"conservation":" Conservar entre 0 y 4°C","ean":"8437011785350"},{"full_name":"TA-TUNG Dim Sum siao long pao de carne envase 230 g","name":"Dim Sum siao long pao de carne envase 230 g","brand":"TA-TUNG ","img":"https://sgfm.elcorteingles.es/SGFM/dctm/MEDIA02/CONTENIDOS/201512/14/00118850502099____1__600x600.jpg","price":"3,99 €","price_unit":"(17,35 € / Kilo)","categories":["Supermercado","Alimentación General","Platos preparados","Platos preparados de carne","TA-TUNG Dim Sum siao long pao de carne envase 230 g"],"general_information":["Denominación del alimento: Siao Long Pao de carne al vapor","País de origen: España","Nombre del operador: Ta-Tung platos precocinados, S.L.","Dirección del operador: C/Corominas, 37 - 08902 L'Hospitalet de Llobregat (Barcelona)","Cantidad Neta: 230 g","Número de raciones por envase: 1","Otras menciones obligatorias en la etiqueta: Producto apto para congelar. Envasado en atmósfera protectora."],"ingredients":[" Carne de cerdo (50%), repollo, col china, cebolla, aceite de sésamo, harina de trigo, agua, azúcar, potenciador del sabor (glutamato monopotásico), sal y pimienta. Salsa de soja: agua, soja, harina de trigo, sal y conservador (sorbato potásico).Contiene: sésamo, soja, gluten."],"conservation":" Mantener entre 0-4°C","ean":"8437011785466"},{"full_name":"TA-TUNG rollito Nem de carne envase 160 g","name":"rollito Nem de carne envase 160 g","brand":"TA-TUNG ","img":"https://sgfm.elcorteingles.es/SGFM/dctm/MEDIA02/CONTENIDOS/201512/14/00118850502073____1__600x600.jpg","price":"3,10 €","price_unit":"(19,38 € / Kilo)","categories":["Supermercado","Alimentación General","Platos preparados","Platos preparados de carne","TA-TUNG rollito Nem de carne envase 160 g"],"general_information":["Denominación del alimento: Rollito Nem de carne","País de origen: España","Nombre del operador: Ta-Tung platos precocinados, S.L.","Dirección del operador: C/Corominas, 37 - 08902 L'Hospitalet de Llobregat (Barcelona)","Cantidad Neta: 150 g","Número de raciones por envase: 1","Otras menciones obligatorias en la etiqueta: Producto apto para congelar. Envasado en atmósfera protectora."],"ingredients":[" Harina de arroz, carne de cerdo (40%), zanahoria, soja, hongo negro, cebolla, fideos de soja, azúcar, potenciador del sabor (glutamato monopotásico), sal, fécula de patata, y ajo. Salsa Nuoc Nam: agua, azúcar, salsa marina (anchoa, sal, agua, azúcar y potenciador del sabor (glutamato monosódico)), vinagre de vino blanco, sal, guindilla, acidulantes: lactato potásico y diacetato sódico.Contiene: soja, sulfitos (salsa), pescado (salsa)."],"conservation":" Mantener entre 0-4°C","ean":"8437011785718"},{"full_name":"POC A POC albóndigas con sofrito clásico envase 220 g","name":"albóndigas con sofrito clásico envase 220 g","brand":"POC A POC ","img":"https://sgfm.elcorteingles.es/SGFM/dctm/MEDIA03/201707/24/00118850204290____1__600x600.jpg","price":"4,29 €","price_unit":"(19,50 € / Kilo)","categories":["Supermercado","Alimentación General","Platos preparados","Platos preparados de carne","POC A POC albóndigas con sofrito clásico envase 220 g"],"general_information":[],"ingredients":[],"ean":"8437014022049"},{"full_name":"POC A POC lomo con col envase 195 g","name":"lomo con col envase 195 g","brand":"POC A POC ","img":"https://sgfm.elcorteingles.es/SGFM/dctm/MEDIA03/201707/24/00118850204282____1__600x600.jpg","price":"5,39 €","price_unit":"(27,64 € / Kilo)","categories":["Supermercado","Alimentación General","Platos preparados","Platos preparados de carne","POC A POC lomo con col envase 195 g"],"general_information":[],"ingredients":[],"ean":"8437014022056"},{"full_name":"POC A POC pechuga de pollo rellena de jamón york y queso envase 220 g","name":"pechuga de pollo rellena de jamón york y queso envase 220 g","brand":"POC A POC ","img":"https://sgfm.elcorteingles.es/SGFM/dctm/MEDIA03/201707/24/00118850204308____1__600x600.jpg","price":"5,39 €","price_unit":"(24,50 € / Kilo)","categories":["Supermercado","Alimentación General","Platos preparados","Platos preparados de carne","POC A POC pechuga de pollo rellena de jamón york y queso envase 220 g"],"general_information":[],"ingredients":[],"ean":"8437014022018"},{"full_name":"SPICA pechugas villaroy bandeja 300 g","name":"pechugas villaroy bandeja 300 g","brand":"SPICA ","img":"https://sgfm.elcorteingles.es/SGFM/dctm/MEDIA03/201709/25/00118850200918____1__600x600.jpg","price":"4,71 €","price_unit":"(15,70 € / Kilo)","categories":["Supermercado","Alimentación General","Platos preparados","Platos preparados de carne","SPICA pechugas villaroy bandeja 300 g"],"general_information":[],"ingredients":[],"ean":"8427363010064"},{"full_name":"EL CACHIRULO cochinillo asado envase 920 g","name":"cochinillo asado envase 920 g","brand":"EL CACHIRULO ","img":"https://sgfm.elcorteingles.es/SGFM/dctm/MEDIA03/201711/28/00118850204548____1__600x600.jpg","price":"39,00 €","categories":["Supermercado","Alimentación General","Platos preparados","Platos preparados de carne","EL CACHIRULO cochinillo asado envase 920 g"],"general_information":[],"ingredients":[],"ean":"8437015776118"},{"full_name":"EL CACHIRULO paletilla de ternasco de aragón envase 860 g","name":"paletilla de ternasco de aragón envase 860 g","brand":"EL CACHIRULO ","img":"https://sgfm.elcorteingles.es/SGFM/dctm/MEDIA03/201711/28/00118850204530____1__600x600.jpg","price":"35,00 €","categories":["Supermercado","Alimentación General","Platos preparados","Platos preparados de carne","EL CACHIRULO paletilla de ternasco de aragón envase 860 g"],"general_information":[],"ingredients":[],"ean":"8437015776125"},{"full_name":"EL CORTE INGLES habas fritas mini baby extrafinas en aceite de oliva frasco 150 g neto escurrido","name":"habas fritas mini baby extrafinas en aceite de oliva frasco 150 g neto escurrido","brand":"EL CORTE INGLES ","img":"https://sgfm.elcorteingles.es/SGFM/dctm/MEDIA03/201609/22/00118033000698____1__600x600.jpg","price":"4,03 €","price_unit":"(17,15 € / Kilo)","categories":["Supermercado","Alimentación General","Platos preparados","Platos preparados de vegetales y legumbres","EL CORTE INGLES habas fritas mini baby extrafinas en aceite de oliva frasco 150 g neto escurrido"],"general_information":["Denominación del alimento: Habas fritas en aceite de oliva (35%).","Nombre del operador: Elaborado para El Corte Inglés\npor\nSola de Antequera, S.A.\nCtra. Córdoba ? Málaga km 520\n29200 Antequera (Málaga) España","Cantidad Neta: 235 g","Peso neto escurrido: 150 g","Número de raciones por envase: 1"],"ingredients":[" Ingredientes: Habas, aceite de oliva (35%), sal y acidulante (ácido cítrico)."],"conservation":" Conservar en lugar fresco y seco. Una ver abierto refrigerar y consumir antes de 7 días.","ean":"8433329045667"},{"full_name":"EL CORTE INGLES alcachofas con curry y genjibre bandeja 280 g","name":"alcachofas con curry y genjibre bandeja 280 g","brand":"EL CORTE INGLES ","img":"https://sgfm.elcorteingles.es/SGFM/dctm/MEDIA03/201712/04/00118033000961____1__600x600.jpg","price":"2,95 €","price_unit":"(10,54 € / Kilo)","categories":["Supermercado","Alimentación General","Platos preparados","Platos preparados de vegetales y legumbres","EL CORTE INGLES alcachofas con curry y genjibre bandeja 280 g"],"general_information":["Denominación del alimento: Alcachofas con curry y jengibre","Nombre del operador: Elaborado para\nEl Corte Inglés\npor Clavo Food Factory S.A.\nBemil s/n 36650 Caldas de Reis\nPontevedra (España)","Cantidad Neta: 280 g","Número de raciones por envase: Contiene una p"],"ingredients":[" Ingredientes: \nAlcachofas (67%*), salsa (agua, vino blanco (contiene sulfitos), aceite de girasol, sal, curry (0.5%*),almidón, harina de trigo, caldo deshidratado vegetal (sal, fécula de maíz, potenciador del sabor (E-621), azúcar, grasa vegetal parcialmente hidrogenada de palma, extracto de proteínas de soja, extracto de levadura, verduras, especias), ajo y cebolla en polvo, azúcar, jengibre (0.05%*) y colorante (cúrcuma).\n* Porcentaje referido en el momento de la incorporación Puede contener trazas de huevo, apio, mostaza, leche, pescado, moluscos y crustáceos."],"conservation":" Se recomienda conservar en lugar fresco, seco y ventilado. Proteger de olores agresivos","ean":"8433329083522"},{"full_name":"ALIADA habas extrafinas fritas en aceite de oliva lata 290 g neto escurrido","name":"habas extrafinas fritas en aceite de oliva lata 290 g neto escurrido","brand":"ALIADA ","img":"https://sgfm.elcorteingles.es/SGFM/dctm/MEDIA03/201609/22/00118033000292____1__600x600.jpg","price":"4,03 €","price_unit":"(9,60 € / Kilo)","categories":["Supermercado","Alimentación General","Platos preparados","Platos preparados de vegetales y legumbres","ALIADA habas extrafinas fritas en aceite de oliva lata 290 g neto escurrido"],"general_information":["Denominación del alimento: Habas extrafinas fritas en aceite de oliva.","Nombre del operador: Elaborado para El Corte Inglés\npor\nSola de Antequera, S.A.\nCtra. Córdoba ? Málaga km 520\n29200 Antequera (Málaga) España","Lugar de procedencia del alimento: Producto de España","Cantidad Neta: 420 g","Peso neto escurrido: 290 g","Número de raciones por envase: 3"],"ingredients":[" Ingredientes: Habas, aceite de oliva (29%), sal y acidulante: ácido cítrico."],"conservation":" Conservar en lugar fresco y seco. Una ver abierto transferir a un envase no metálico, refrigerar y consumir antes de 7 días.","ean":"8433329071635"},{"full_name":"CARRETILLA estilo casero pisto de verduras estuche 240 g","name":"estilo casero pisto de verduras estuche 240 g","brand":"CARRETILLA ","img":"https://sgfm.elcorteingles.es/SGFM/dctm/MEDIA03/201607/13/00118033000268____2__600x600.jpg","price":"1,96 €","price_unit":"(8,17 € / Kilo)","categories":["Supermercado","Alimentación General","Platos preparados","Platos preparados de vegetales y legumbres","CARRETILLA estilo casero pisto de verduras estuche 240 g"],"general_information":["Denominación del alimento: Pisto de verduras","Nombre del operador: Ind. Alim. de Navarra, S.A.U.","Dirección del operador: Pol.Peñalfons, s/n. 31330 Villafranca. Navarra - España","Cantidad Neta: 300 g","Otras menciones obligatorias en la etiqueta: Envasado en atmósfera protectora."],"ingredients":[" Hortalizas en proporción variable 55% (calabacín, tomate, cebolla, pimiento rojo y berenjena) y sofrito de tomate (tomate, aceite de girasol, almidón modificado de maíz, azúcar, sal, ajo y acidulante: ácido cítrico). Puede contener trazas de crustáceos, huevo, pescado, leche y derivados, apio, mostaza y moluscos."],"conservation":" No necesita frío para su conservación. Conservar en ambiente fresco y seco.","ean":"8410416003250"},{"full_name":"CARRETILLA estilo casero alcachofas con jamón estuche 200 g","name":"estilo casero alcachofas con jamón estuche 200 g","brand":"CARRETILLA ","img":"https://sgfm.elcorteingles.es/SGFM/dctm/MEDIA03/201607/13/00118033000276____2__600x600.jpg","price":"4,32 €","price_unit":"(21,60 € / Kilo)","categories":["Supermercado","Alimentación General","Platos preparados","Platos preparados de vegetales y legumbres","CARRETILLA estilo casero alcachofas con jamón estuche 200 g"],"general_information":["Denominación del alimento: Alcachofas con jamón","Nombre del operador: Ind. Alim. de Navarra, S.A.U.","Dirección del operador: Pol.Peñalfons, s/n. 31330 Villafranca. Navarra - España","Cantidad Neta: 260 g","Otras menciones obligatorias en la etiqueta: Envasado en atmósfera protectora."],"ingredients":[" Alcachofas (75%), aceite de oliva (7%), jamón (2%), ajo, sal y almidón modificado de maiz. Ingredientes del jamón: jamón de cerdo, agua, sal, azúcar, estabilizantes (E-451i y E-407), antioxidante (E-316) y especias.Puede contener trazas de crustáceos, huevo, pescado, soja, leche y derivados, apio, mostaza y moluscos."],"conservation":" No necesita frío para su conservación. Conservar en ambiente fresco y seco.","ean":"8410416002130"},{"full_name":"CARRETILLA estilo casero guisantes con jamón y zanahoria estuche 240 g","name":"estilo casero guisantes con jamón y zanahoria estuche 240 g","brand":"CARRETILLA ","img":"https://sgfm.elcorteingles.es/SGFM/dctm/MEDIA03/201607/13/00118033000193____2__600x600.jpg","price":"1,92 €","price_unit":"(8 € / Kilo)","categories":["Supermercado","Alimentación General","Platos preparados","Platos preparados de vegetales y legumbres","CARRETILLA estilo casero guisantes con jamón y zanahoria estuche 240 g"],"general_information":["Denominación del alimento: Guisantes con jamón","Nombre del operador: Ind. Alim. de Navarra, S.A.U.","Dirección del operador: Pol.Peñalfons, s/n. 31330 Villafranca. Navarra - España","Cantidad Neta: 300 g","Otras menciones obligatorias en la etiqueta: Envasado en atmósfera protectora."],"ingredients":[" Guisantes, zanahoria, aceite de oliva (12%), jamón curado (2%), ajo y sal. Ingredientes del jamón: jamón y paleta de cerdo, sal, azúcar y antioxidante (E-301). Puede contener trazas de crustáceos, huevo, pescado, soja, leche y derivados, apio, moluscos y mostaza."],"conservation":" No necesita frío para su conservación. Conservar en ambiente fresco y seco.","ean":"8410416003595"},{"full_name":"CARRETILLA estilo casero menestra de verduras estuche 240 g","name":"estilo casero menestra de verduras estuche 240 g","brand":"CARRETILLA ","img":"https://sgfm.elcorteingles.es/SGFM/dctm/MEDIA03/201607/13/00118033000185____2__600x600.jpg","price":"1,90 €","price_unit":"(7,92 € / Kilo)","categories":["Supermercado","Alimentación General","Platos preparados","Platos preparados de vegetales y legumbres","CARRETILLA estilo casero menestra de verduras estuche 240 g"],"general_information":["Denominación del alimento: Menestra de verduras con aceite de oliva 7%","Nombre del operador: Ind. Alim. de Navarra, S.A.U.","Dirección del operador: Pol.Peñalfons, s/n. 31330 Villafranca. Navarra - España","Cantidad Neta: 300 g","Otras menciones obligatorias en la etiqueta: Envasado en atmósfera protectora."],"ingredients":[" Hortalizas en proporción variable 80% (judía verde, guisantes, alcachofa, zanahoria y champiñón), aceite de oliva (7%) y sal.Puede contener trazas de crustáceos, huevo, pescado, soja, leche y derivados, apio, moluscos y mostaza."],"conservation":" No necesita frío para su conservación. Conservar en ambiente fresco y seco.","ean":"8410416003588"},{"full_name":"HIDA pisto de verduras lata 400 g","name":"pisto de verduras lata 400 g","brand":"HIDA ","img":"https://sgfm.elcorteingles.es/SGFM/dctm/MEDIA03/201704/25/00118043501883____2__600x600.jpg","price":"1,40 €","price_unit":"(3,50 € / Kilo)","categories":["Supermercado","Alimentación General","Platos preparados","Platos preparados de vegetales y legumbres","HIDA pisto de verduras lata 400 g"],"general_information":["Denominación del alimento: Pisto-fritada verduras.","Nombre del operador: Hida Alimentación, S.A.","Dirección del operador: Pol. El Arreaque. Apdo. 70 -30.170 Mula (Murcia)-España.","Cantidad Neta: 460 g","Otras menciones obligatorias en la etiqueta: Sin gluten. No OGM's."],"ingredients":[" Tomate, pimiento, cebolla, aceite de oliva virgen extra (4.4%), calabacín, berenjena, azúcar y sal."],"conservation":"Modo de empleo: Consumo directo o utilización del mismo como ingrediente o guarnición en la elaboración de otros platos.","ean":"8424523060914"},{"full_name":"HIDA pisto de verduras frasco 350 g","name":"pisto de verduras frasco 350 g","brand":"HIDA ","img":"https://sgfm.elcorteingles.es/SGFM/dctm/MEDIA03/201707/05/00118043502113____2__600x600.jpg","price":"1,45 €","price_unit":"(4,14 € / Kilo)","categories":["Supermercado","Alimentación General","Platos preparados","Platos preparados de vegetales y legumbres","HIDA pisto de verduras frasco 350 g"],"general_information":["Denominación del alimento: Pisto-fritada de verduras.","Nombre del operador: Hida Alimentación, S.A.","Dirección del operador: Pol. El Arreaque. Apdo. 70 -30.170 Mula (Murcia)-España.","Cantidad Neta: 350 g","Otras menciones obligatorias en la etiqueta: Sin gluten. No OGM's."],"ingredients":[" Tomate, pimiento, cebolla, aceite de oliva virgen extra (4.4%), calabacín, berenjena, azúcar y sal."],"conservation":"Modo de empleo: Consumo directo o utilización del mismo como ingrediente o guarnición en la elaboración de otros platos.","ean":"8424523060181"},{"full_name":"HIDA asadillo tomate frito con pimientos del piquillo asados lata 400 g","name":"asadillo tomate frito con pimientos del piquillo asados lata 400 g","brand":"HIDA ","img":"https://sgfm.elcorteingles.es/SGFM/dctm/MEDIA03/201710/11/00118033000607____1__600x600.jpg","price":"1,53 €","price_unit":"(3,82 € / Kilo)","categories":["Supermercado","Alimentación General","Platos preparados","Platos preparados de vegetales y legumbres","HIDA asadillo tomate frito con pimientos del piquillo asados lata 400 g"],"general_information":["Denominación del alimento: Asadillo (tomate frito con pimientos del piquillo).","Nombre del operador: Hida Alimentación, S.A.","Dirección del operador: Pol. El Arreaque. Apdo. 70 -30.170 Mula (Murcia)-España.","Cantidad Neta: 340 g","Otras menciones obligatorias en la etiqueta: Sin gluten. No OGM's."],"ingredients":[" Tomate, pimientos de piquillo, aceite de oliva virgen extra (4.5%), azúcar y sal."],"conservation":"Modo de empleo: Consumo directo o utilización del mismo como ingrediente o guarnición en la elaboración de otros platos.","ean":"8424523030207"},{"full_name":"GALLINA BLANCA sofrito de tomate y verduras 100% natural frasco 350 g","name":"sofrito de tomate y verduras 100% natural frasco 350 g","brand":"GALLINA BLANCA ","img":"https://sgfm.elcorteingles.es/SGFM/01/41/2/0118043501412/0118043501412000g01011.jpg","price":"1,65 €","price_unit":"(4,71 € / Kilo)","categories":["Supermercado","Alimentación General","Platos preparados","Platos preparados de vegetales y legumbres","GALLINA BLANCA sofrito de tomate y verduras 100% natural frasco 350 g"],"general_information":["Denominación del alimento: Sofrito de tomate y verduras.","Nombre del operador: Gallina Blanca, S.A.","Dirección del operador: Plaza Europa 42, 08902 - Hospitalet de Llobregat (Barcelona)","Cantidad Neta: 350 g","Número de raciones por envase: 7","Otras menciones obligatorias en la etiqueta: Sello FEC (Federación Española del Corazón). Sin grasas hidrogenadas. Sin conservantes ni colorantes."],"ingredients":[" Tomate (47%)(pulpa y concentrado), cebolla (19%), pimiento verde (10%), aceite de oliva virgen extra (9%), calabacín (8%), pimiento rojo (5%), sal, azúcar."],"conservation":" Conservar a temperatura ambiente, en un lugar fresco y seco, al abrigo de la luz. Una vez abierto, mantener en frigorífico un máximo de 5 días.","ean":"0000084103246"},{"full_name":"ALBO caldo gallego lata 425 g neto escurrido","name":"caldo gallego lata 425 g neto escurrido","brand":"ALBO ","img":"https://sgfm.elcorteingles.es/SGFM/dctm/MEDIA02/CONTENIDOS/201411/19/00118030200259____1__600x600.jpg","price":"3,41 €","price_unit":"(8,02 € / Kilo)","categories":["Supermercado","Alimentación General","Platos preparados","Platos preparados de vegetales y legumbres","ALBO caldo gallego lata 425 g neto escurrido"],"general_information":["Denominación del alimento: Caldo gallego","Nombre del operador: HIJOS DE CARLOS ALBO S.L.","Dirección del operador: Rúa Jacinto Benavente, 41, 36208 Vigo, Pontevedra ESPAÑA","Cantidad Neta: 425 g","Peso neto escurrido: 0.425 Kilogramos"],"ingredients":[" Caldo (Agua, patata, hueso de ternera, codillo de jamón curado, unto y sal), grelos, patatas, y alubias."],"ean":"8410032006956"},{"full_name":"MATA habas fritas finísimas lata 420 g","name":"habas fritas finísimas lata 420 g","brand":"MATA ","img":"https://sgfm.elcorteingles.es/SGFM/00/07/8/0118033000078/0118033000078000g01011.jpg","price":"11,19 €            ","price_unit":"(19,64 € / Kilo)","categories":["Supermercado","Alimentación General","Platos preparados","Platos preparados de vegetales y legumbres","MATA habas fritas finísimas lata 420 g"],"general_information":["Denominación del alimento: HABAS FRITAS","Nombre del operador: PRODUCTOS MATA, S.A.","Dirección del operador: C/ Muralla s/n - 23660 Alcaudete (Jaén), ESPAÑA","Cantidad Neta: 420 g"],"ingredients":[" Habas, aceite de oliva, sal y acidulante (ácido cítrico)."],"ean":"8410163010242"},{"full_name":"CACHOPO pisto de calabacín ecológico frasco 345 g","name":"pisto de calabacín ecológico frasco 345 g","brand":"CACHOPO ","img":"https://sgfm.elcorteingles.es/SGFM/00/02/5/0118033200025/0118033200025000g01011.jpg","price":"3,99 €","price_unit":"(11,57 € / Kilo)","categories":["Supermercado","Alimentación General","Platos preparados","Platos preparados de vegetales y legumbres","CACHOPO pisto de calabacín ecológico frasco 345 g"],"general_information":["Denominación del alimento: Pisto de calabacín","País de origen: España","Nombre del operador: Conservas Cachopo, S.L.","Dirección del operador: Poza del Moral, 13 28380 Colmenar de Oreja - Madrid.","Cantidad Neta: 330 g","Otras menciones obligatorias en la etiqueta: Biologico, Clasificacion M"],"ingredients":[" Tomate, calabacín, cebolla, aceite de oliva virgen extra, azúcar (todo de cultivo ecológico) y sal."],"conservation":" Conservar a temperatura ambiente, en lugar fresco y seco","ean":"8437000271598"},{"full_name":"CACHOPO pisto manchego ecológico frasco 345 g","name":"pisto manchego ecológico frasco 345 g","brand":"CACHOPO ","img":"https://sgfm.elcorteingles.es/SGFM/00/01/7/0118033200017/0118033200017000g01011.jpg","price":"3,85 €","price_unit":"(11,16 € / Kilo)","categories":["Supermercado","Alimentación General","Platos preparados","Platos preparados de vegetales y legumbres","CACHOPO pisto manchego ecológico frasco 345 g"],"general_information":["Denominación del alimento: Pisto manchego","País de origen: España","Nombre del operador: Conservas Cachopo, S.L.","Dirección del operador: Poza del Moral, 13 28380 Colmenar de Oreja - Madrid.","Cantidad Neta: 330 g","Otras menciones obligatorias en la etiqueta: Biologico, Clasificacion M"],"ingredients":[" Tomate, pimiento, calabacín, berenjena, cebolla, aceite de oliva virgen extra, azúcar (de cultivo ecológico) y sal."],"conservation":" Conservar a temperatura ambiente, en lugar fresco y seco","ean":"8437000271512"},{"full_name":"VIUDA DE CAYO habitas baby en aceite de oliva frasco 345 g neto escurrido","name":"habitas baby en aceite de oliva frasco 345 g neto escurrido","brand":"VIUDA DE CAYO ","img":"https://sgfm.elcorteingles.es/SGFM/00/48/2/0118033000482/0118033000482000g01011.jpg","price":"6,75 €","price_unit":"(19,57 € / Kilo)","categories":["Supermercado","Alimentación General","Platos preparados","Platos preparados de vegetales y legumbres","VIUDA DE CAYO habitas baby en aceite de oliva frasco 345 g neto escurrido"],"general_information":["Denominación del alimento: Habitas baby","Nombre del operador: Viuda de Cayo Sainz, S.L","Dirección del operador: C/ Virgen de Legarda, 66. 31587 Mendavia, (Navarra) España","Cantidad Neta: 345 g","Peso neto escurrido: 240 g"],"ingredients":[" Habitas, aceite de oliva (30%), sal y acidulante: ácido cítrico."],"conservation":" Conservar en lugar fresco y seco.","ean":"8410850010319"},{"full_name":"HELIOS pisto estilo casero frasco 570 g","name":"pisto estilo casero frasco 570 g","brand":"HELIOS ","img":"https://sgfm.elcorteingles.es/SGFM/01/76/8/0118043501768/0118043501768000g01011.jpg","price":"2,10 €","price_unit":"(3,68 € / Kilo)","categories":["Supermercado","Alimentación General","Platos preparados","Platos preparados de vegetales y legumbres","HELIOS pisto estilo casero frasco 570 g"],"general_information":["Denominación del alimento: Pisto Casero","Nombre del operador: DULCES Y CONSERVAS HELIOS S.A.","Dirección del operador: Carretera de Salamanca, nº44, 47195 Arroyo de la Encomienda","Cantidad Neta: 570 g"],"ingredients":[" Hortalizas en proporción variable (tomate, pimiento, calabacín, cebolla), azúcar, sal, almidón modificado, aceite de girasol,  ácido cítrico, especias."],"conservation":" Conservese en lugar fresco y seco. Una vez abierto conservesé en el frigorifico","ean":"8410095007273"},{"full_name":"IBSA pisto de tomate elaborado con aceite de oliva frasco 350 g","name":"pisto de tomate elaborado con aceite de oliva frasco 350 g","brand":"IBSA ","img":"https://sgfm.elcorteingles.es/SGFM/00/20/8/0118043500208/0118043500208000g01011.jpg","price":"1,10 €","price_unit":"(3,14 € / Kilo)","categories":["Supermercado","Alimentación General","Platos preparados","Platos preparados de vegetales y legumbres","IBSA pisto de tomate elaborado con aceite de oliva frasco 350 g"],"general_information":["Denominación del alimento: Pisto con tomate","Nombre del operador: INDUSTRIAS DEL BIERZO S.A.","Dirección del operador: C/ San Roque s/n Carracedelo, 24549","Cantidad Neta: 350 g"],"ingredients":[" Tomate (58%), calabacín (15%), cebolla (12%), pimiento (10%), aceite de oliva (3%) azúcar, sal, almidón modificado de maíz y\nacidulante: ácido cítrico."],"ean":"8412464803103"},{"full_name":"IBSA Delicias de cuchara crema de verduras frasco 530 g","name":"Delicias de cuchara crema de verduras frasco 530 g","brand":"IBSA ","img":"https://sgfm.elcorteingles.es/SGFM/dctm/MEDIA03/201709/14/00118020900686____2__600x600.jpg","price":"1,95 €","price_unit":"(3,68 € / Kilo)","categories":["Supermercado","Alimentación General","Platos preparados","Platos preparados de vegetales y legumbres","IBSA Delicias de cuchara crema de verduras frasco 530 g"],"general_information":["Denominación del alimento: Crema de verduras","Nombre del operador: Industrias del Bierzo S.A","Dirección del operador: C/ San Roque, s/n 24549 Carracedelo (León) España","Cantidad Neta: 530 g","Otras menciones obligatorias en la etiqueta: Sin gluten. Sin colorantes ni conservantes."],"ingredients":[" Agua, zanahoria (15%), calabacín (15%), cebolla (6%), brócoli, espinacas, judía verde (4%), aceite de oliva, sal, almidón modificado de maíz, patata."],"conservation":" Una vez abierto conservar en el frigorífico máximo 5 días.","ean":"8412464172223"},{"full_name":"IBSA Delicias de cuchara crema de calabacín frasco 530 g","name":"Delicias de cuchara crema de calabacín frasco 530 g","brand":"IBSA ","img":"https://sgfm.elcorteingles.es/SGFM/dctm/MEDIA02/CONTENIDOS/201510/05/00118020900694____1__600x600.jpg","price":"1,95 €","price_unit":"(3,68 € / Kilo)","categories":["Supermercado","Alimentación General","Platos preparados","Platos preparados de vegetales y legumbres","IBSA Delicias de cuchara crema de calabacín frasco 530 g"],"general_information":["Denominación del alimento: Crema de calabacín","Nombre del operador: Industrias del Bierzo S.A","Dirección del operador: C/ San Roque, s/n 24549 Carracedelo (León) España","Cantidad Neta: 530 g","Otras menciones obligatorias en la etiqueta: Sin gluten. Sin colorantes ni conservantes."],"ingredients":[" Calabacín (52%), agua, cebolla (6%), puerro (6%), aceite de oliva, sal y caldo de verduras."],"conservation":" Una vez abierto conservar en el frigorífico máximo 5 días.","ean":"8412464170229"},{"full_name":"IBSA Delicias de cuchara crema de calabaza frasco 530 g","name":"Delicias de cuchara crema de calabaza frasco 530 g","brand":"IBSA ","img":"https://sgfm.elcorteingles.es/SGFM/dctm/MEDIA02/CONTENIDOS/201510/05/00118020900710____1__600x600.jpg","price":"1,95 €","price_unit":"(3,68 € / Kilo)","categories":["Supermercado","Alimentación General","Platos preparados","Platos preparados de vegetales y legumbres","IBSA Delicias de cuchara crema de calabaza frasco 530 g"],"general_information":["Denominación del alimento: CREMA DE CALABAZA 530g","Nombre del operador: INDUSTRIAS DEL BIERZO S.A.","Dirección del operador: C/ San Roque s/n Carracedelo, 24549","Cantidad Neta: 530 g"],"ingredients":[" Calabaza, agua, cebolla, puerro, aceite de oliva, almidón modificado de maíz, sal, azúcar, corrector de acidez: bicarbonato sódico."],"ean":"8412464177228"},{"full_name":"FELIX SOTO pisto manchego frasco 410 g","name":"pisto manchego frasco 410 g","brand":"FELIX SOTO ","img":"https://sgfm.elcorteingles.es/SGFM/dctm/MEDIA02/CONTENIDOS/201407/04/00118033000151____1__600x600.jpg","price":"4,83 €","price_unit":"(11,78 € / Kilo)","categories":["Supermercado","Alimentación General","Platos preparados","Platos preparados de vegetales y legumbres","FELIX SOTO pisto manchego frasco 410 g"],"general_information":["Denominación del alimento: Pisto Manchego","Nombre del operador: Felix Soto, S.L.","Dirección del operador: Pol. Ind. La Pajarilla c/ Comerciantes 2, Pidrabuena 13100 Ciudad Real (España).","Cantidad Neta: 410,0 g"],"ingredients":[" Tomate, pimiento, aceite de oliva virgen extra, ajo, sal y azúcar."],"conservation":" Manténgase en sitio fresco y seco.","ean":"8412034300254"},{"full_name":"BO DE DEBO hummus clásico envase 190 g","name":"hummus clásico envase 190 g","brand":"BO DE DEBO ","img":"https://sgfm.elcorteingles.es/SGFM/dctm/MEDIA03/201706/16/00118850100902____1__600x600.jpg","price":"1,99 €","price_unit":"(10,47 € / Kilo)","categories":["Supermercado","Alimentación General","Platos preparados","Platos preparados de vegetales y legumbres","BO DE DEBO hummus clásico envase 190 g"],"general_information":[],"ingredients":[],"ean":"8436031603460"},{"full_name":"ALSUR pisto de hortalizas lata 400 g","name":"pisto de hortalizas lata 400 g","brand":"ALSUR ","img":"https://sgfm.elcorteingles.es/SGFM/dctm/MEDIA02/CONTENIDOS/201507/15/00118043502121____1__600x600.jpg","price":"1,10 €","price_unit":"(2,75 € / Kilo)","categories":["Supermercado","Alimentación General","Platos preparados","Platos preparados de vegetales y legumbres","ALSUR pisto de hortalizas lata 400 g"],"general_information":["Denominación del alimento: Pisto","País de origen: España","Nombre del operador: Sola de Antequera S.A.","Dirección del operador: Ctra. Córdoba-Málaga km 520 29200 Antequera (Málaga)","Cantidad Neta: 400 g","Peso neto escurrido: 400 g"],"ingredients":[" Tomate, Berenjena, Calabacín, Cebolla, Pimiento, Tomate Concentrado, Azúcar, Aceite de Oliva, Sal, Espesante: Almidón de Maíz y acidulante: Ácido Cítrico."],"conservation":" Conservar en un lugar fresco, seco y protegido del sol.","ean":"8420309200901"},{"full_name":"LA PIARA humus ecológico frasco 200 g","name":"humus ecológico frasco 200 g","brand":"LA PIARA ","img":"https://sgfm.elcorteingles.es/SGFM/dctm/MEDIA03/201702/23/00200126700061____2__600x600.jpg","price":"4,05 €            ","price_unit":"(17,50 € / Kilo)","categories":["Supermercado","Frescos","Charcutería y queso envasado","Foies y patés","Patés envasados diversos","LA PIARA humus ecológico frasco 200 g"],"general_information":["Denominación del alimento: Crema de garbanzos EcológicaCreme de grão-de-bico Biológico","País de origen: España","Nombre del operador: La Piara S.A.U.","Dirección del operador: Ctra. BV-4608, Km 21,2 La Gleva 08560-Manlleu","Cantidad Neta: 200 g"],"ingredients":[" Garbanzos cocidos* 37%, garbanzos cocidos* 38%, agua, aceites vegetales de girasol* y oliva*, zumo de limón*, tahini (pasta de sésamo*), miel*, ajo*, azúcar*, sal, aromas naturales."],"conservation":" Una vez abierto mantener en el frigorífico.Depois de aberto, conservar no frio.","ean":"8412500455655"},{"full_name":"VEGA BAJA tomate frito y pimiento con atún lata 420 g","name":"tomate frito y pimiento con atún lata 420 g","brand":"VEGA BAJA ","img":"https://sgfm.elcorteingles.es/SGFM/dctm/MEDIA02/CONTENIDOS/201509/14/00118043502147____1__600x600.jpg","price":"1,40 €","price_unit":"(3,33 € / Kilo)","categories":["Supermercado","Alimentación General","Platos preparados","Platos preparados de vegetales y legumbres","VEGA BAJA tomate frito y pimiento con atún lata 420 g"],"general_information":[],"ingredients":[],"ean":"8437011060839"},{"full_name":"VEGA BAJA habas cocidas picantes lata 240 g neto escurrido","name":"habas cocidas picantes lata 240 g neto escurrido","brand":"VEGA BAJA ","img":"https://sgfm.elcorteingles.es/SGFM/dctm/MEDIA02/CONTENIDOS/201509/22/00200129902839____1__600x600.jpg","price":"1,45 €","price_unit":"(6,04 € / Kilo)","categories":["Supermercado","Alimentación General","Platos preparados","Platos preparados de vegetales y legumbres","VEGA BAJA habas cocidas picantes lata 240 g neto escurrido"],"general_information":[],"ingredients":[],"ean":"8437014310191"},{"full_name":"LITORAL Pote gallego lata 430 g","name":"Pote gallego lata 430 g","brand":"LITORAL ","img":"https://sgfm.elcorteingles.es/SGFM/00/26/7/0118030200267/0118030200267000g01011.jpg","price":"2,50 €","price_unit":"(5,81 € / Kilo)","categories":["Supermercado","Alimentación General","Platos preparados","Platos preparados de vegetales y legumbres","LITORAL Pote gallego lata 430 g"],"general_information":["Denominación del alimento: POTE GALLEGO. PLATO COCINADO.","Nombre del operador: Nestlé España, S.A.","Dirección del operador: Edificio Nestlé 08950 Esplugues de Llobregat (Barcelona)","Cantidad Neta: 425 g"],"ingredients":[" Ingredientes: agua, hortalizas (patatas, col, grelos 4,6%), alubias cocidas (15,6%) (agua, alubias 6,5%), chorizo extra (4,8%) (magro, papada y panceta ahumada de cerdo, sal, pimentón, ajo), panceta ahumada (3,1%) (panceta de cerdo, sal, humo natural), lacón (3,0%), unto, copos de patata deshidratada, manteca de cerdo ibérico, sal."],"conservation":"Modo de empleo: 3 MODOS DE PREPARACIÓN: 1- Abrir la lata y ponerla al baño maría durante 15 minutos. 2- Verter el contenido de la lata en un cazo y calentarlo a fuego suave durante 10 minutos. 3- Verter el contenido de la lata en un recipiente no metálico y calentarlo, tapado, en un microondas de 3 a 5 minutos, en función de la potencia","ean":"8410100065977"},{"full_name":"KETVEG mix vegetal listo para servir frasco 325 g","name":"mix vegetal listo para servir frasco 325 g","brand":"KETVEG ","img":"https://sgfm.elcorteingles.es/SGFM//02/84/0/0118029902840/0118029902840000g01011.jpg","price":"1,73 €","price_unit":"(5,32 € / Kilo)","categories":["Supermercado","Alimentación General","Platos preparados","Platos preparados de vegetales y legumbres","KETVEG mix vegetal listo para servir frasco 325 g"],"general_information":[],"ingredients":[],"ean":"8424134004376"},{"full_name":"ENSALANDIA hummus envase 240 g","name":"hummus envase 240 g","brand":"ENSALANDIA ","img":"https://sgfm.elcorteingles.es/SGFM/dctm/MEDIA03/201708/25/00118850100746____2__600x600.jpg","price":"1,49 €","price_unit":"(6,21 € / Kilo)","categories":["Supermercado","Alimentación General","Platos preparados","Platos preparados de vegetales y legumbres","ENSALANDIA hummus envase 240 g"],"general_information":["Denominación del alimento: Hummus","Nombre del operador: Egrin Alimentación S.L.","Dirección del operador: C/ Calderin nº 1, 31580 Lodosa, Navarra.","Cantidad Neta: 240 g"],"ingredients":[" Garbanzos cocidos (60% (sulfitos)), aceite de girasol, agua, harina de sésamo tostado, zumo de limón, harina\n  de garbanzo, sal, azúcar,\n  antioxidantes (glucodeltalactona, ácido cítrico y EDTA cálcico disódico),\n  pasta de ajo, conservadores\n  (sorbato potásico y benzoato sódico), y comino."],"conservation":" Conservar entre 0 y 4 °C","ean":"8437005286665"},{"full_name":"YGRIEGA hummus dieta mediterránea crema de garbanzos para untar o acompañar platos envase 220 g","name":"hummus dieta mediterránea crema de garbanzos para untar o acompañar platos envase 220 g","brand":"YGRIEGA ","img":"https://sgfm.elcorteingles.es/SGFM/00/55/5/0118850100555/0118850100555000g01011.jpg","price":"1,59 €","price_unit":"(7,23 € / Kilo)","categories":["Supermercado","Alimentación General","Platos preparados","Platos preparados de vegetales y legumbres","YGRIEGA hummus dieta mediterránea crema de garbanzos para untar o acompañar platos envase 220 g"],"general_information":["Denominación del alimento: CREMA DE GARBANZOS","Nombre del operador: RENSIKA S.L.U.","Dirección del operador: C/Josep Tura9, - Pol. Mas d'en Cisa - 08181 - Sentmenat - Barcelona - España","Cantidad Neta: 220 g"],"ingredients":[" Garbanzos 57%, aceite de girasol, pasta sésamo, agua, zumo de limón 2%, aceite de oliva 2%, ajo molido, sal, acidulantes (E-330 y E-270 de origen vegetal) y conservantes (E202, E211). Contiene: Sésamo."],"conservation":"Modo de empleo: Consumir directamente.","ean":"8432089108292"},{"full_name":"YGRIEGA hummus con remolacha envase 220 g","name":"hummus con remolacha envase 220 g","brand":"YGRIEGA ","img":"https://sgfm.elcorteingles.es/SGFM/dctm/MEDIA03/201705/10/00118850100944____1__600x600.jpg","price":"1,79 €","price_unit":"(8,14 € / Kilo)","categories":["Supermercado","Alimentación General","Platos preparados","Platos preparados de vegetales y legumbres","YGRIEGA hummus con remolacha envase 220 g"],"general_information":[],"ingredients":[],"ean":"8432089115061"},{"full_name":"YGRIEGA hummus clásico tarrina 420 g","name":"hummus clásico tarrina 420 g","brand":"YGRIEGA ","img":"https://sgfm.elcorteingles.es/SGFM/dctm/MEDIA03/201711/24/00118850101058____1__600x600.jpg","price":"2,69 €","categories":["Supermercado","Alimentación General","Platos preparados","Platos preparados de vegetales y legumbres","YGRIEGA hummus clásico tarrina 420 g"],"general_information":[],"ingredients":[],"ean":"8432089115474"},{"full_name":"YGRIEGA hummus clásico con tostaditas envase 150 g","name":"hummus clásico con tostaditas envase 150 g","brand":"YGRIEGA ","img":"https://sgfm.elcorteingles.es/SGFM/dctm/MEDIA03/201703/15/00118850100928____1__600x600.jpg","price":"1,55 €","price_unit":"(10,33 € / Kilo)","categories":["Supermercado","Alimentación General","Platos preparados","Platos preparados de vegetales y legumbres","YGRIEGA hummus clásico con tostaditas envase 150 g"],"general_information":["Denominación del alimento: SNACK CREMA DE GARBANZOS","País de origen: España","Nombre del operador: RENSIKA S.L.U.","Dirección del operador: C/Josep Tura 9J - Pol. Mas d'en Cisa - 08181 - Sentmenat - Barcelona - España","Lugar de procedencia del alimento: ESPAÑA","Cantidad Neta: 150 g"],"ingredients":[" Garbanzos 57%, aceite de girasol, pasta sésamo, agua, zumo de limón 2%, aceite de oliva 2%, ajo molido, sal, acidulantes (E-330 y E-270 de origen vegetal) y conservantes (E202, E211). Contiene: Sésamo.Tostaditas de pan: Harina de trigo, aceite de palma, sal, azúcar, levadura, harina de soja, emulgente (lecitina de soja). Contiene: Trigo, soja y lecitina de soja. Puede contener trazas de: aceite de cacahuete, productos lácteos, apio, sésamo, semillas de mostaza y frutos de cáscara."],"conservation":"Modo de empleo: Consumir directamente.","ean":"8432089108322"},{"full_name":"YGRIEGA Plus hummus clásico con topping de pasta de oliva sin gluten pack 2 unidades envase 200 g","name":"Plus hummus clásico con topping de pasta de oliva sin gluten pack 2 unidades envase 200 g","brand":"YGRIEGA ","img":"https://sgfm.elcorteingles.es/SGFM/dctm/MEDIA03/201711/24/00118850101074____1__600x600.jpg","price":"3,40 €","price_unit":"(8,50 € / Kilo)","categories":["Supermercado","Alimentación General","Platos preparados","Platos preparados de vegetales y legumbres","YGRIEGA Plus hummus clásico con topping de pasta de oliva sin gluten pack 2 unidades envase 200 g"],"general_information":[],"ingredients":[],"ean":"8432089115467"},{"full_name":"YGRIEGA tsatsiki dieta mediterránea crema a base de yogur griego para untar o acompañar platos envase 200 g","name":"tsatsiki dieta mediterránea crema a base de yogur griego para untar o acompañar platos envase 200 g","brand":"YGRIEGA ","img":"https://sgfm.elcorteingles.es/SGFM/00/57/1/0118850100571/0118850100571000g01011.jpg","price":"2,91 €","price_unit":"(16,17 € / Kilo)","categories":["Supermercado","Alimentación General","Platos preparados","Platos preparados de vegetales y legumbres","YGRIEGA tsatsiki dieta mediterránea crema a base de yogur griego para untar o acompañar platos envase 200 g"],"general_information":[],"ingredients":[],"ean":"8432089134185"},{"full_name":"IBERITOS humus crema de garbanzos envase 140 g","name":"humus crema de garbanzos envase 140 g","brand":"IBERITOS ","img":"https://sgfm.elcorteingles.es/SGFM/00/33/9/0200102900339/0200102900339000g01011.jpg","price":"1,65 €            ","price_unit":"(8,93 € / Kilo)","categories":["Supermercado","Alimentación General","Platos preparados","Platos preparados de vegetales y legumbres","IBERITOS humus crema de garbanzos envase 140 g"],"general_information":["Denominación del alimento: Humus Iberitos","Nombre del operador: Huerta dehesa el Alcornocal, S.L.","Dirección del operador: Crta. Ex -206, s/n -06410 Santa Amalia (Badajoz)","Cantidad Neta: 140 g"],"ingredients":[" Garbanzos, sésamo crema, sal, aceite de girasol, ajo natural, zumo de limón, cominos, agua, ácido cítrico."],"conservation":" No necestia frío.","ean":"8437012690134"},{"full_name":"CASA MAS garbanzos cocidos envase 330 g","name":"garbanzos cocidos envase 330 g","brand":"CASA MAS ","img":"https://sgfm.elcorteingles.es/SGFM/dctm/MEDIA03/201711/07/00118850100688____1__600x600.jpg","price":"1,82 €","price_unit":"(5,52 € / Kilo)","categories":["Supermercado","Alimentación General","Platos preparados","Platos preparados de vegetales y legumbres","CASA MAS garbanzos cocidos envase 330 g"],"general_information":[],"ingredients":[],"ean":"8437007141771"},{"full_name":"CASA MAS lentejas cocidas envase 330 g","name":"lentejas cocidas envase 330 g","brand":"CASA MAS ","img":"https://sgfm.elcorteingles.es/SGFM/dctm/MEDIA03/201711/07/00118850100704____1__600x600.jpg","price":"1,82 €","price_unit":"(5,52 € / Kilo)","categories":["Supermercado","Alimentación General","Platos preparados","Platos preparados de vegetales y legumbres","CASA MAS lentejas cocidas envase 330 g"],"general_information":[],"ingredients":[],"ean":"8437007141757"},{"full_name":"CASA MAS alubias cocidas envase 330 g","name":"alubias cocidas envase 330 g","brand":"CASA MAS ","img":"https://sgfm.elcorteingles.es/SGFM/dctm/MEDIA03/201711/07/00118850100696____1__600x600.jpg","price":"1,82 €","price_unit":"(5,52 € / Kilo)","categories":["Supermercado","Alimentación General","Platos preparados","Platos preparados de vegetales y legumbres","CASA MAS alubias cocidas envase 330 g"],"general_information":[],"ingredients":[],"ean":"8437007141733"},{"full_name":"CASA MAS escalivada con aceite de oliva 2 raciones envase 450 g","name":"escalivada con aceite de oliva 2 raciones envase 450 g","brand":"CASA MAS ","img":"https://sgfm.elcorteingles.es/SGFM/dctm/MEDIA03/201612/20/00118850100811____3__600x600.jpg","price":"4,01 €","price_unit":"(8,91 € / Kilo)","categories":["Supermercado","Alimentación General","Platos preparados","Platos preparados de vegetales y legumbres","CASA MAS escalivada con aceite de oliva 2 raciones envase 450 g"],"general_information":[],"ingredients":[],"ean":"8436564910370"},{"full_name":"CARLIT trinxat de la Cerdaña envase 400 g","name":"trinxat de la Cerdaña envase 400 g","brand":"CARLIT ","img":"https://sgfm.elcorteingles.es/SGFM/dctm/MEDIA03/201708/25/00118850100340____1__600x600.jpg","price":"3,51 €","price_unit":"(8,78 € / Kilo)","categories":["Supermercado","Alimentación General","Platos preparados","Platos preparados de vegetales y legumbres","CARLIT trinxat de la Cerdaña envase 400 g"],"general_information":[],"ingredients":[],"ean":"8422219007908"},{"full_name":"POC A POC verduras a la parrilla envase 150 g","name":"verduras a la parrilla envase 150 g","brand":"POC A POC ","img":"https://sgfm.elcorteingles.es/SGFM/dctm/MEDIA03/201707/28/00118850100985____5__600x600.jpg","price":"3,50 €","price_unit":"(23,33 € / Kilo)","categories":["Supermercado","Alimentación General","Platos preparados","Platos preparados de vegetales y legumbres","POC A POC verduras a la parrilla envase 150 g"],"general_information":[],"ingredients":[],"ean":"8437014022032"},{"full_name":"ALTA SIERRA DE TINEO pote de berzas asturiano lata 800 g","name":"pote de berzas asturiano lata 800 g","brand":"ALTA SIERRA DE TINEO ","img":"https://sgfm.elcorteingles.es/SGFM/dctm/MEDIA03/201707/17/00200131600033____1__600x600.jpg","price":"5,75 €","categories":["Supermercado","Alimentación General","Platos preparados","Platos preparados de vegetales y legumbres","ALTA SIERRA DE TINEO pote de berzas asturiano lata 800 g"],"general_information":[],"ingredients":[],"ean":"8437005185289"},{"full_name":"SANTA TERESA hummus con aceite de oliva virgen extra 100% natural ecológico envase 180 g","name":"hummus con aceite de oliva virgen extra 100% natural ecológico envase 180 g","brand":"SANTA TERESA ","img":"https://sgfm.elcorteingles.es/SGFM/dctm/MEDIA03/201711/24/00118850101066____1__600x600.jpg","price":"2,49 €","categories":["Supermercado","Alimentación General","Platos preparados","Platos preparados de vegetales y legumbres","SANTA TERESA hummus con aceite de oliva virgen extra 100% natural ecológico envase 180 g"],"general_information":[],"ingredients":[],"ean":"8422237254506"},{"full_name":"EL CORTE INGLES lasaña boloñesa envase 400 g","name":"lasaña boloñesa envase 400 g","brand":"EL CORTE INGLES ","img":"https://sgfm.elcorteingles.es/SGFM/dctm/MEDIA03/201606/13/00118845201393____1__600x600.jpg","price":"2,29 €","price_unit":"(5,72 € / Kilo)","categories":["Supermercado","Alimentación General","Platos preparados","Platos preparados de pasta","EL CORTE INGLES lasaña boloñesa envase 400 g"],"general_information":["Denominación del alimento: LASAÑA DE CARNE REFRIGERADA CON SALSA BOLOÑESA.","Nombre del operador: Importado  para\n El Corte Inglés \npor Fresh Meals, \nVía de las Dos Castillas, 33\n28224 Pozuelo de Alarcón - Madrid - España","Lugar de procedencia del alimento: Fabricado en Bélgica","Cantidad Neta: 400 g","Número de raciones por envase: 1.0"],"ingredients":[" INGREDIENTES: leche parcialmente desnatada, carne de cerdo (23%), agua, sémola de trigo duro, concentrado de tomates, queso, tomate, harina de trigo, aceites y grasas vegetales (palma, colza), almidón modificado de maíz, cebollas, huevos, sal, almidón, especias y plantas aromáticas, aromas."],"conservation":" Mantener refrigerado a 4ºC máximo.","ean":"8433329073721"},{"full_name":"EL CORTE INGLES canelones de cochinita pibil recetas exclusiva bandeja 300 g","name":"canelones de cochinita pibil recetas exclusiva bandeja 300 g","brand":"EL CORTE INGLES ","img":"https://sgfm.elcorteingles.es/SGFM/dctm/MEDIA03/201712/04/00118035400326____1__600x600.jpg","price":"3,49 €","price_unit":"(12,46 € / Kilo)","categories":["Supermercado","Alimentación General","Platos preparados","Platos preparados de pasta","EL CORTE INGLES canelones de cochinita pibil recetas exclusiva bandeja 300 g"],"general_information":["Denominación del alimento: Canelones de cochinita pibil","Nombre del operador: Elaborado para\nEl Corte Inglés\npor Clavo Food Factory S.A.\nBemil s/n 36650 Caldas de Reis\nPontevedra- España","Cantidad Neta: 300 g","Número de raciones por envase: Contiene una p"],"ingredients":[" Ingredientes: \nBechamel [agua, salsa mexicana (néctar de naranja (zumo de naranja a partir de concentrado, agua, acidulante (E-330), antioxidante (E-300) y edulcorantes (E-950, E-959)), tomate frito (tomate, aceite de girasol, almidón modificado de maíz, azúcar y sal), pasta de achiote (agua, harina de maíz,achiote molido, sal, acidulante (E-260), especias, conservadores (E-211, E202), colorantes (E-102, E-133, E-129), azúcar), leche en polvo, harina de trigo, margarina vegetal (grasa refinada de palma, aceite refinado de girasol, agua, emulgente (E-471), sal, acidulante (E-330), conservador (E-200), antioxidantes (E-306, E-304)), aromas y colorantes (E-160a ii)), sal, aceite de girasol, cebolla en polvo,espesante (E-415) y especias], relleno [(carne de pollo, salsa mexicana (néctar de naranja (zumo de naranja a partir de concentrado, agua, acidulante (E-330), antioxidante (E-300) y edulcorantes (E-950, E-959)), tomate frito (tomate, aceite de girasol, almidón modificado de maíz, azúcar y sal), pasta de achiote (agua, harina de maíz,achiote molido, sal, acidulante (E-260), especias, conservadores (E-211, E202), colorantes (E-102, E-133, E-129), azúcar)) y sal ], pasta canelón (sémola de trigo duro y agua). Puede contener trazas de sulfitos, soja, apio, mostaza, huevo, pescado, moluscos, crustáceos y frutos con cáscara."],"conservation":" Se recomienda conservar en lugar fresco, seco y ventilado. Proteger de olores agresivos","ean":"8433329083560"},{"full_name":"EL CORTE INGLES canelones de carrillera con bechamel trufada receta exclusiva bandeja 300 g","name":"canelones de carrillera con bechamel trufada receta exclusiva bandeja 300 g","brand":"EL CORTE INGLES ","img":"https://sgfm.elcorteingles.es/SGFM/dctm/MEDIA03/201712/04/00118035400318____1__600x600.jpg","price":"3,49 €","price_unit":"(12,46 € / Kilo)","categories":["Supermercado","Alimentación General","Platos preparados","Platos preparados de pasta","EL CORTE INGLES canelones de carrillera con bechamel trufada receta exclusiva bandeja 300 g"],"general_information":["Denominación del alimento:  Canelones de carrillera con bechamel trufada","Nombre del operador: Elaborado para\nEl Corte Inglés\npor Clavo Food Factory S.A.\nBemil s/n 36650 Caldas de Reis\nPontevedra- España","Cantidad Neta: 300 g","Número de raciones por envase: Contiene una p"],"ingredients":[" Ingredientes: \nBechamel trufada (60%*) [agua, leche en polvo, harina de trigo, margarina vegetal (grasa refinada de palma, aceite refinado de girasol, agua, emulgente (E- 471), sal, acidulante (E-330), conservador (E-200), antioxidantes (E-306, E-304)), aromas y colorante (E-160a ii)), setas, sal, aceite de girasol,salsa (setas, aceite de oliva, aceite de semilla de girasol, aceitunas negras, sal, trufa y aromas), cebolla en polvo, espesante (E-415) y especias], relleno (carrillera vacuno con salsa (30%*) (carrillera de vacuno marinada (carrillera de vacuno, agua, sal, estabilizante (E-451i) y gelificante (E-407)), salsa ( agua, cebolla (contiene sulfitos)), vino tinto (contiene sulfitos), pimiento rojo, aceite de oliva, tomate frito (tomate, aceite de girasol, almidón modificado de maíz, azúcar y sal), harina de trigo, almidón, sal, fondo salsa (harina de trigo, almidón de maíz, sólidos lácteos, azúcar, sal, potenciador del sabor (E-621), grasa vegetal parcialmente hidrogenada de palma, extracto de proteínas de soja, tomate, pimentón, aromas, espesante (E-410), cebolla en polvo, colorante (E-150c, E-160c)), preparado de ajo (contiene sulfitos), (ajo,sal, antioxidante (E-330)), azúcar, jugo concentrado de asado (grasa de ternera, aromas, carne de ternera salteada (carne de ternera, sal), maltodextrina, almidón modificado de maíz, sal, colorante (E-150c), azúcar, extracto de levadura, especias, cebolla en polvo, potenciador del sabor (E-635), ajo, champiñón en polvo, perejil, extracto de especia (contiene apio)),especias y colorante (E-150d))], pasta canelón (sémola de trigo duro y agua).\n* porcentaje referido al momento de incorporación Puede contener trazas de mostaza, huevo, pescado, crustáceos y moluscos."],"conservation":" Se recomienda conservar en lugar fresco, seco y ventilado. Proteger de olores agresivos","ean":"8433329083577"},{"full_name":"GALLO pasta lover hélices + salsa de tomate y atún en 5 minutos para microondas estuche 180 g","name":"pasta lover hélices + salsa de tomate y atún en 5 minutos para microondas estuche 180 g","brand":"GALLO ","img":"https://sgfm.elcorteingles.es/SGFM/dctm/MEDIA03/201705/04/00118003502707____1__600x600.jpg","price":"2,25 €","price_unit":"(12,50 € / Kilo)","categories":["Supermercado","Alimentación General","Platos preparados","Platos preparados de pasta","GALLO pasta lover hélices + salsa de tomate y atún en 5 minutos para microondas estuche 180 g"],"general_information":["Denominación del alimento: PASTA ALIMENTICIA DE CALIDAD SUPERIOR. SALSA DE TOMATE Y ATÚN","País de origen: España","Nombre del operador: COMERCIAL GALLO, S.A.U.","Dirección del operador: Avda Diagonal 468, 4-C. Barcelona. España","Cantidad Neta: 180 g"],"ingredients":[" Pasta alimenticia de calidad superior (50%) [sémola de trigo duro]. Salsa de tomate y atún (50%) [Puré de tomate (70%), atún (10%) (atún, aceite de girasol), cebolla, aceite de girasol (1%), sal, azúcar, almidón modificado de maíz, perejil y acidulante: ácido cítrico]. Puede contener trazas de huevo."],"conservation":" Mantener en lugar fresco y seco","ean":"8410069015662"},{"full_name":"GALLO pasta lover macarrones + salsa de tomate y chorizo en 5 minutos para microondas estuche 180 g","name":"pasta lover macarrones + salsa de tomate y chorizo en 5 minutos para microondas estuche 180 g","brand":"GALLO ","img":"https://sgfm.elcorteingles.es/SGFM/dctm/MEDIA03/201705/04/00118003502699____1__600x600.jpg","price":"2,25 €","price_unit":"(12,50 € / Kilo)","categories":["Supermercado","Alimentación General","Platos preparados","Platos preparados de pasta","GALLO pasta lover macarrones + salsa de tomate y chorizo en 5 minutos para microondas estuche 180 g"],"general_information":["Denominación del alimento: PASTA ALIMENTICIA DE CALIDAD SUPERIOR. SALSA TOMATE Y CHORIZO","País de origen: España","Nombre del operador: COMERCIAL GALLO, S.A.U.","Dirección del operador: Avda Diagonal 468, 4-C. Barcelona. España","Cantidad Neta: 180 g"],"ingredients":[" Pasta alimenticia de calidad superior (50%) [sémola de trigo duro]. Salsa de tomate y chorizo (50%) [Puré de tomate (56%), chorizo (7%) (carne de cerdo, pimentón, ajo, sal, almidón de patata), cebolla, sal, almidón modificado de maíz, azúcar, aceite de girasol (0,5%), ajo fresco, acidulante: ácido láctico]. Puede contener trazas de huevo."],"conservation":" Mantener en lugar fresco y seco","ean":"8410069015693"},{"full_name":"GALLO pasta lover macarrones + salsa napolitana en 5 minutos para microondas estuche 180 g","name":"pasta lover macarrones + salsa napolitana en 5 minutos para microondas estuche 180 g","brand":"GALLO ","img":"https://sgfm.elcorteingles.es/SGFM/dctm/MEDIA03/201705/04/00118003502673____1__600x600.jpg","price":"2,25 €","price_unit":"(12,50 € / Kilo)","categories":["Supermercado","Alimentación General","Platos preparados","Platos preparados de pasta","GALLO pasta lover macarrones + salsa napolitana en 5 minutos para microondas estuche 180 g"],"general_information":["Denominación del alimento: PASTA ALIMENTICIA DE CALIDAD SUPERIOR. SALSA NAPOLITANA","País de origen: España","Nombre del operador: COMERCIAL GALLO, S.A.U.","Dirección del operador: Avda Diagonal 468, 4-C. Barcelona. España","Cantidad Neta: 180 g"],"ingredients":[" Pasta alimenticia de calidad superior (50%) [sémola de trigo duro]. Salsa napolitana (50%) [Puré de tomate (62%), hortalizas (22,5%) (cebollas, zanahorias, puerro deshidratado, judías verdes deshidratadas, apio), aceite de girasol (4%), sal, azúcar, mezcla de plantas aromáticas, especias y almidón de maíz]. Puede contener trazas de huevo."],"conservation":" Mantener en lugar fresco y seco","ean":"8410069015686"},{"full_name":"GALLO pasta lover spaguetti + salsa boloñesa en 5 minutos para microondas estuche 180 g","name":"pasta lover spaguetti + salsa boloñesa en 5 minutos para microondas estuche 180 g","brand":"GALLO ","img":"https://sgfm.elcorteingles.es/SGFM/dctm/MEDIA03/201705/04/00118003502681____1__600x600.jpg","price":"2,25 €","price_unit":"(12,50 € / Kilo)","categories":["Supermercado","Alimentación General","Platos preparados","Platos preparados de pasta","GALLO pasta lover spaguetti + salsa boloñesa en 5 minutos para microondas estuche 180 g"],"general_information":["Denominación del alimento: PASTA ALIMENTICIA DE CALIDAD SUPERIOR. SALSA BOLOÑESA","País de origen: España","Nombre del operador: COMERCIAL GALLO, S.A.U.","Dirección del operador: Avda Diagonal 468, 4-C. Barcelona. España","Cantidad Neta: 180 g"],"ingredients":[" Pasta alimenticia de calidad superior (50%) [sémola de trigo duro]. Salsa boloñesa (50%) [Puré de tomate (65%), carne de cerdo y vacuno (17%), hortalizas 12% (zanahoria, cebolla), aceite de girasol (2,5%), azúcar, sal, almidón de modificado de maíz, plantas aromáticas, especias, aroma y acidulante: ácido láctico]. Puede contener trazas de huevo."],"conservation":" Mantener en lugar fresco y seco","ean":"8410069015679"},{"full_name":"CARRETILLA fideuá estuche 250 g","name":"fideuá estuche 250 g","brand":"CARRETILLA ","img":"https://sgfm.elcorteingles.es/SGFM/dctm/MEDIA03/201705/17/00118032900062____3__600x600.jpg","price":"1,98 €","price_unit":"(7,92 € / Kilo)","categories":["Supermercado","Alimentación General","Platos preparados","Platos preparados de pasta","CARRETILLA fideuá estuche 250 g"],"general_information":["Denominación del alimento: Fideuá","Nombre del operador: Ind. Alim. de Navarra, S.A.U.","Dirección del operador: Pol.Peñalfons, s/n. 31330 Villafranca. Navarra - España","Cantidad Neta: 250 g","Otras menciones obligatorias en la etiqueta: Envasado en atmósfera protectora."],"ingredients":[" Pasta cocida (77%) (gluten y huevo),marisco (10%)[calamar (molusco), mejillón, gambas (crustáceo)(gamba y estabilizantes (E-451 y E-452)], cebolla, aceite de girasol, aroma natural (pescado), sal, pimientón dulce, extracto de azafrán y lecitina de soja. Contiene gluten, crustáceos, huevo, pescado, soja y moluscos. Puede contener trazas de leche y derivados, apio, mostaza y sulfitos."],"conservation":" No necesita frío para su conservación. Conservar en ambiente fresco y seco.","ean":"8410416005087"},{"full_name":"CARRETILLA lasaña boloñesa envase 375 g","name":"lasaña boloñesa envase 375 g","brand":"CARRETILLA ","img":"https://sgfm.elcorteingles.es/SGFM/dctm/MEDIA03/201607/13/00118035400102____1__600x600.jpg","price":"2,39 €","price_unit":"(6,37 € / Kilo)","categories":["Supermercado","Alimentación General","Platos preparados","Platos preparados de pasta","CARRETILLA lasaña boloñesa envase 375 g"],"general_information":["Denominación del alimento: Lasaña bolonesa","Nombre del operador: Ind. Alim. de Navarra, S.A.U.","Dirección del operador: Pol.Peñalfons, s/n. 31330 Villafranca. Navarra - España","Cantidad Neta: 375 g","Otras menciones obligatorias en la etiqueta: Envasado en atmósfera protectora."],"ingredients":[" Lasaña rellena de carne 55% (con 8.5% total de carne) (contiene gluten, huevo y soja) y salsa Bechamel 45% (leche y derivados).Ingredientes lasaña rellena de carne: RELLENO de carne [magro de cerdo, tomate, agua, harina de soja, almidón de maíz, almidón de patata, aceite de girasol, sal, cebolla, harina de trigo (gluten), ajo, aromas, orégano y pimienta negra]. PASTA [sémola de trigo duro, agua, huevo, gluten y sal].Ingredientes Salsa Bechamel: Agua, preparado lácteo en polvo (nata, leche desnatada y estabilizante: difosfato sódico), almidón modificado de maíz, aceite de girasol, sal, especias, lecitina de soja, aroma (lácteos), estabilizantes (goma xantana y goma guar), acidulante (ácido cítrico) y extracto de azafrán. Contiene gluten, huevo, soja y leche y derivados. Puede contener trazas de crustáceos, pescado, apio, mostaza y moluscos."],"conservation":" No necesita frío para su conservación. Conservar en ambiente fresco y seco.","ean":"8410416006091"},{"full_name":"CARRETILLA canelones de carne envase 375 g","name":"canelones de carne envase 375 g","brand":"CARRETILLA ","img":"https://sgfm.elcorteingles.es/SGFM/dctm/MEDIA03/201607/13/00118035400110____1__600x600.jpg","price":"2,39 €","price_unit":"(6,37 € / Kilo)","categories":["Supermercado","Alimentación General","Platos preparados","Platos preparados de pasta","CARRETILLA canelones de carne envase 375 g"],"general_information":["Denominación del alimento: Canelones de carne","Nombre del operador: Ind. Alim. de Navarra, S.A.U.","Dirección del operador: Pol.Peñalfons, s/n. 31330 Villafranca. Navarra - España","Cantidad Neta: 375 g","Otras menciones obligatorias en la etiqueta: Envasado en atmósfera protectora."],"ingredients":[" Canelones rellenos de carne 65% (con 15% total de carne) (contiene gluten, huevo, soja y lácteos), y salsa Bechamel 35% (contiene lácteos). Ingredientes Canelones rellenos de carne: Agua, carne de cerdo, sémola de trigo, carne ce cerdo separada mecánicamente, cebolla, harina de trigo, pan rallado (harina de trigo, agua, sal y levadura), grasa de cerdo, aroma (contiene gluten y derivados lácteos), sal, concentrado de tomate, vino y especias. Ingredientes salsa Bechamel: Agua, preparado lácteo en polvo (nata, leche desnatada y estabilizante: difosfato sódico), almidón modificado de maíz, aceite de girasol, sal, especias, lecitina de soja, aroma (lácteos), estabilizantes (goma xantana y goma guar), acidulante (ácido cítrico) y extracto de azafrán. Contiene: gluten, soja y leche y derivados. Puede contener trazas de crustáceos, huevo, pescado, frutos de cáscara, apio, mostaza y moluscos."],"conservation":" No necesita frío para su conservación. Conservar en ambiente fresco y seco.","ean":"8410416006114"},{"full_name":"CARRETILLA macarrones boloñesa envase 325 g","name":"macarrones boloñesa envase 325 g","brand":"CARRETILLA ","img":"https://sgfm.elcorteingles.es/SGFM/dctm/MEDIA03/201607/13/00118035400128____1__600x600.jpg","price":"1,95 €","price_unit":"(6 € / Kilo)","categories":["Supermercado","Alimentación General","Platos preparados","Platos preparados de pasta","CARRETILLA macarrones boloñesa envase 325 g"],"general_information":["Denominación del alimento: Macarrones Boloñesa","Nombre del operador: Ind. Alim. de Navarra, S.A.U.","Dirección del operador: Pol.Peñalfons, s/n. 31330 Villafranca. Navarra - España","Cantidad Neta: 325 g","Otras menciones obligatorias en la etiqueta: Envasado en atmósfera protectora."],"ingredients":[" Pasta cocida [agua, semolina de trigo (gluten) y huevo] y salsa boloñesa (50%) [Puré de tomate, aceite de girasol, carne de ternera y cerdo (estabilizante: E-451i), cebolla, zanahoria, almidón modificado de maíz, azúcar, sal, ajo, albahaca y pimienta negra].Contiene gluten y huevo. Puede contener trazas de crustáceos, pescado, soja, leche y derivados, apio, mostaza y moluscos."],"conservation":" No necesita frío para su conservación. Conservar en ambiente fresco y seco.","ean":"8410416006145"},{"full_name":"CARRETILLA macarrones carbonara envase 325 g","name":"macarrones carbonara envase 325 g","brand":"CARRETILLA ","img":"https://sgfm.elcorteingles.es/SGFM/dctm/MEDIA03/201607/13/00118035400136____1__600x600.jpg","price":"2,01 €","price_unit":"(6,18 € / Kilo)","categories":["Supermercado","Alimentación General","Platos preparados","Platos preparados de pasta","CARRETILLA macarrones carbonara envase 325 g"],"general_information":["Denominación del alimento: Macarrones carbonara","Nombre del operador: Ind. Alim. de Navarra, S.A.U.","Dirección del operador: Pol.Peñalfons, s/n. 31330 Villafranca. Navarra - España","Cantidad Neta: 325 g","Otras menciones obligatorias en la etiqueta: Envasado en atmósfera protectora."],"ingredients":[" Pasta cocida (55%) (gluten y huevo), salsa carbonara (39%) (lácteos), cebolla y bacon ahumado (3%). Ingredientes pasta: agua, semolina de trigo y huevo. Ingredientes salsa carbonara: agua, preparado lácteo [nata, leche desnatada en polvo y estabilizante (E-450)], queso (queso cheddar y emulgente (E-339)), aceite de girasol, almidón modificado de maíz, sal, aromas, estabilizantes (goma guar y goma xantana) y pimienta blanca.Ingredientes bacon ahumado: panceta de cerdo, agua, sal, azúcar, estabilizante (E-451i), antioxidante (E-316), aroma de humo natural y especias. Contiene gluten, leche y derivados y huevo. Puede contener trazas de: crustáceos, pescado, soja, apio, moluscos y mostaza."],"conservation":" No necesita frío para su conservación. Conservar en ambiente fresco y seco.","ean":"8410416006138"},{"full_name":"GALLINA BLANCA tallarines a la parmesana 2 raciones sobre 149 g","name":"tallarines a la parmesana 2 raciones sobre 149 g","brand":"GALLINA BLANCA ","img":"https://sgfm.elcorteingles.es/SGFM/00/12/5/0118036000125/0118036000125000g01011.jpg","price":"1,90 €","price_unit":"(12,75 € / Kilo)","categories":["Supermercado","Alimentación General","Platos preparados","Platos preparados de pasta","GALLINA BLANCA tallarines a la parmesana 2 raciones sobre 149 g"],"general_information":["Denominación del alimento: Tallarines a la parmesana deshidratados","Nombre del operador: Gallina Blanca, S.A.","Dirección del operador: Plaza Europa 41, 08908 - Hospitalet de Llobregat (Barcelona)","Cantidad Neta: 179 g","Número de raciones por envase: 2","Otras menciones obligatorias en la etiqueta: Sin grasas hidrogenadas"],"ingredients":[" Pasta alimenticia (tallarines) 79%: sémola de trigo duro. Salsa 21%: Quesos fundidos 57% (parmigiano reggiano 29,4%, queso semicurado, cheddar , romano, mozzarella, suero de leche, sales fundentes (E-339)), grasa vegetal de palma, suero de leche, proteína de la leche, sal, aromas , harina de arroz, extracto de levadura, cebolla, ajo, aceite de oliva virgen extra, especias."],"conservation":" Conservar en lugar fresco y seco.","ean":"8410300352686"},{"full_name":"GALLINA BLANCA tallarines a la carbonara 2 raciones sobre 148 g","name":"tallarines a la carbonara 2 raciones sobre 148 g","brand":"GALLINA BLANCA ","img":"https://sgfm.elcorteingles.es/SGFM/00/19/0/0118036000190/0118036000190000g01011.jpg","price":"1,90 €","price_unit":"(12,84 € / Kilo)","categories":["Supermercado","Alimentación General","Platos preparados","Platos preparados de pasta","GALLINA BLANCA tallarines a la carbonara 2 raciones sobre 148 g"],"general_information":["Denominación del alimento: Tallarines a la carbonara deshidratados","Nombre del operador: Gallina Blanca, S.A.","Dirección del operador: Plaza Europa 41, 08908 - Hospitalet de Llobregat (Barcelona)","Cantidad Neta: 179 g","Número de raciones por envase: 2","Otras menciones obligatorias en la etiqueta: Sin grasas hidrogenadas"],"ingredients":[" Pasta alimenticia (tallarines) 75%: sémola de trigo duro. Salsa 24%: quesos fundidos 41%(quesos 58.6%, parmiggiano-reggiano 20,2%, sólidos lácteos, suero de leche, sales fundentes (E-339)), bacon 17.5%, leche desnatada, sal, harina de arroz, yema de huevo, grasa vegetal de palma, fécula de patata, aromas (soja), aroma de humo, extracto de levadura, jamón, aceite de oliva virgen extra, suero de leche, especias, proteína de leche. Puede contener trazas de apio, pescado y crustáceos."],"conservation":" Conservar en lugar fresco y seco.","ean":"8410300352693"},{"full_name":"BRILLANTE macarrones pack 2 envase 170 g","name":"macarrones pack 2 envase 170 g","brand":"BRILLANTE ","img":"https://sgfm.elcorteingles.es/SGFM/dctm/MEDIA03/201605/06/00200136001534____1__600x600.jpg","price":"2,28 €","categories":["Supermercado","Alimentación General","Platos preparados","Platos preparados de pasta","BRILLANTE macarrones pack 2 envase 170 g"],"general_information":["Denominación del alimento: Macarrones","Nombre del operador: Herba Ricemills, S.L.U.","Dirección del operador: C/ Real, 43 - 41920 San Juan de Aznalfarache (Sevilla)","Cantidad Neta: 340 g"],"ingredients":[" Agua. pasta (sémola de trigo duro). aceite de oliva virgen. sal. emulgente: lecitina de girasol. estabilizante: carragenato. Alérgenos: Gluten."],"conservation":" Conservar a temperatura ambiente en lugar fresco y seco.","ean":"8410184029520"},{"full_name":"YATEKOMO World Tour macaroni & cheese vaso 97 g","name":"World Tour macaroni & cheese vaso 97 g","brand":"YATEKOMO ","img":"https://sgfm.elcorteingles.es/SGFM/dctm/MEDIA03/201709/11/00118036001362____2__600x600.jpg","price":"1,59 €","price_unit":"(16,39 € / Kilo)","categories":["Supermercado","Alimentación General","Platos preparados","Platos preparados de pasta","YATEKOMO World Tour macaroni & cheese vaso 97 g"],"general_information":["Denominación del alimento: Macarrones a la parmesana","Nombre del operador: Gallina Blanca, S.A.","Dirección del operador: Plaza Europa 42, 08902 - Hospitalet de Llobregat (Barcelona)","Cantidad Neta: 82 g"],"ingredients":[" Pasta alimenticia compuesta 71%:  macarrones (sémola de trigo duro, gluten de trigo, huevo),  quesos fundidos 12% (queso semicurado, sólidos lácteos, parmigiano reggiano, cheddar, romano, mozzarella, sólidos lácteos, sales fundentes (E339)), almidón modificado de maíz, almidón modificado de patata, grasa vegetal de palma, sal, aromas (con leche),  suero de leche, aceite de oliva virgen extra, cebolla, ajo, orégano, proteínas de la leche, especias. Puede contener trazas de apio, soja, huevo, pescado y crustáceos."],"conservation":" Conservar en un lugar fresco y seco","ean":"8410300354345"},{"full_name":"YATEKOMO World Tour Italia pasta carbonara vaso 101 g","name":"World Tour Italia pasta carbonara vaso 101 g","brand":"YATEKOMO ","img":"https://sgfm.elcorteingles.es/SGFM/dctm/MEDIA03/201709/14/00118036001354____2__600x600.jpg","price":"1,59 €","price_unit":"(15,74 € / Kilo)","categories":["Supermercado","Alimentación General","Platos preparados","Platos preparados de pasta","YATEKOMO World Tour Italia pasta carbonara vaso 101 g"],"general_information":["Denominación del alimento: Macararrones a la carbonara","Nombre del operador: Gallina Blanca, S.A.","Dirección del operador: Plaza Europa 42, 08902 - Hospitalet de Llobregat (Barcelona)","Cantidad Neta: 85 g"],"ingredients":[" Pasta alimenticia compuesta 71%:  macarrones (sémola de trigo duro, gluten de trigo, huevo),  quesos fundidos 8,3% (quesos, sólidos lácteos, parmigiano reggiano , suero de leche, sales fundentes ( E339)), bacon 7% (panceta de cerdo, agua, sal, dextrosa, aroma, aroma de humo), almidón de maíz, nata en polvo (nata, sólidos de leche desnatada), aromas, aroma de humo (con soja, leche), sal, yema de huevo, extracto de levadura, aceite de oliva virgen extra, especias. Puede contener trazas de apio, pescado y crustáceos"],"conservation":" Conservar en un lugar fresco y seco","ean":"8410300354338"},{"full_name":"HERO tortellini al huevo con carne bote 420 g neto escurrido","name":"tortellini al huevo con carne bote 420 g neto escurrido","brand":"HERO ","img":"https://sgfm.elcorteingles.es/SGFM/dctm/MEDIA03/201704/27/00118035400037____1__600x600.jpg","price":"1,59 €","price_unit":"(3,79 € / Kilo)","categories":["Supermercado","Alimentación General","Platos preparados","Platos preparados de pasta","HERO tortellini al huevo con carne bote 420 g neto escurrido"],"general_information":["Denominación del alimento: Tortellini Al Huevo Con Carne","País de origen: España","Nombre del operador: Hero España, S.A.","Dirección del operador: Avda. Murcia, 1 30820 Alcantarilla, Murcia","Cantidad Neta: 420 g"],"ingredients":[" Salsa: Tomate  (48%). Agua, cebolla, azúcar, aceite de girasol, sal, aroma, almidón de maíz modificado y ajo. Pasta: Sémola de trigo duro (12%), huevo (2,6%). Relleno: Pan rallado (harina de trigo, sal y levadura), carne de cerdo (6,5%), aceite de palma, jamón (1%), sal, queso y aroma."],"conservation":" Conservar en lugar fresco y seco. Una vez abierto conservar en el frigorífico.","ean":"8410175065032"},{"full_name":"HERO ravioli al huevo con carne lata 430 g","name":"ravioli al huevo con carne lata 430 g","brand":"HERO ","img":"https://sgfm.elcorteingles.es/SGFM/00/01/1/0118035400011/0118035400011000g01011.jpg","price":"1,62 €","price_unit":"(3,77 € / Kilo)","categories":["Supermercado","Alimentación General","Platos preparados","Platos preparados de pasta","HERO ravioli al huevo con carne lata 430 g"],"general_information":["Denominación del alimento: Ravioli Al Huevo Con Carne","País de origen: España","Nombre del operador: Hero España, S.A.","Dirección del operador: Avda. Murcia, 1 30820 Alcantarilla, Murcia","Cantidad Neta: 420 g"],"ingredients":[" Salsa: Agua, tomate (45%), cebolla,  aceite de girasol, azúcar,sal, almidón de maíz modificado , aroma y ajo. Pasta: Sémola de trigo duro (12%), huevo (2,6%). Relleno: Pan rallado (harina de trigo, sal y levadura), carne de cerdo (6,5%), aceite de palma, jamón (1%), sal, queso y aroma."],"conservation":" Conservar en lugar fresco y seco. Una vez abierto conservar en el frigorífico.","ean":"8410175042965"},{"full_name":"KNORR Pasta Pot espirales con salsa de setas vaso 70 g","name":"Pasta Pot espirales con salsa de setas vaso 70 g","brand":"KNORR ","img":"https://sgfm.elcorteingles.es/SGFM/dctm/MEDIA03/201709/14/00118036001305____2__600x600.jpg","price":"1,65 €","price_unit":"(23,57 € / Kilo)","categories":["Supermercado","Alimentación General","Platos preparados","Platos preparados de pasta","KNORR Pasta Pot espirales con salsa de setas vaso 70 g"],"general_information":["Denominación del alimento: Preparado deshidratado de pasta alimenticia con 40% de salsa de setas.","País de origen: Alemania","Cantidad Neta: 70 g","Número de raciones por envase: 1"],"ingredients":[" Ingredientes: Pasta alimenticia (60%) (sémola de TRIGO duro, clara de HUEVO), almidón de patata, jarabe de glucosa, NATA en polvo (6,1%), grasa de palma, aromas, sal, setas (2,1%) (Champiñones¹ (67%), Boletus edulis (19%), Boletus luteus (14%)), cebolla¹, extracto de levadura, proteínas de la LECHE, cloruro potásico, azúcar, perejil¹, especias (ajo¹, pimienta). Puede contener apio. ¹Cultivadas de forma sostenible"],"conservation":" Conservar en un lugar fresco y seco.","ean":"8712100825507"},{"full_name":"KNORR Pasta Pot espirales con salsa carbonara vaso 62 g","name":"Pasta Pot espirales con salsa carbonara vaso 62 g","brand":"KNORR ","img":"https://sgfm.elcorteingles.es/SGFM/dctm/MEDIA03/201709/14/00118036001339____2__600x600.jpg","price":"1,65 €","price_unit":"(26,61 € / Kilo)","categories":["Supermercado","Alimentación General","Platos preparados","Platos preparados de pasta","KNORR Pasta Pot espirales con salsa carbonara vaso 62 g"],"general_information":["Denominación del alimento: Preparado deshidratado de pasta alimenticia con 47% de salsa carbonara","Nombre del operador: Unilever España S.A.","Dirección del operador: C/Tecnología 19, 08840 Viladecans (Barcelona)","Cantidad Neta: 62 g"],"ingredients":[" Pasta alimenticia (53%) (sémola de trigo duro, clara de huevo), almidón (patata, guisante), nata en polvo (12%), queso fundido (5,1%) (queso azul, queso curado, queso Crescenza, suero de leche), grasa de palma, jarabe de glucosa, sal, bacon (2,4%) (panceta de cerdo, sal), potenciadores del sabor (glutamato monosódico, inosinato disódico, guanilato disódico), aromas, proteínas de la leche, especias, acidulante (ácido cítrico). Puede contener apio."],"conservation":" Conservar en lugar fresco y seco.","ean":"8712100825453"},{"full_name":"KNORR Pasta Pot pasta boloñesa vaso 68 g","name":"Pasta Pot pasta boloñesa vaso 68 g","brand":"KNORR ","img":"https://sgfm.elcorteingles.es/SGFM/dctm/MEDIA03/201709/14/00118036001487____7__600x600.jpg","price":"1,65 €","price_unit":"(24,26 € / Kilo)","categories":["Supermercado","Alimentación General","Platos preparados","Platos preparados de pasta","KNORR Pasta Pot pasta boloñesa vaso 68 g"],"general_information":["Denominación del alimento: Preparado deshidratado de pasta alimenticia con un 40% de salsa boloñesa","País de origen: Alemania","Cantidad Neta: 68 g","Número de raciones por envase: 1"],"ingredients":[" Ingredientes: Pasta alimenticia (60%) (sémola de TRIGO duro), hortalizas deshidratadas (20%) (tomate¹ (71%), cebolla¹, zanahoria¹ (3%), raíz de APIO, pimiento rojo), grasa de palma, azúcar, vacuno (1,8%), sal, aromas, sal marina, plantas aromáticas (perejil¹, orégano), especias, aceite de oliva virgen extra, clara de HUEVO, cloruro potásico.\nPuede contener leche.\n¹Cultivados de forma sostenible."],"conservation":" Conservar en un lugar fresco y seco.","ean":"8714100683101"},{"full_name":"MAGGI Que Cocine Angela espirales a la crema vaso 81 g","name":"Que Cocine Angela espirales a la crema vaso 81 g","brand":"MAGGI ","img":"https://sgfm.elcorteingles.es/SGFM/dctm/MEDIA03/201610/25/00118036001461____1__600x600.jpg","price":"1,59 €","price_unit":"(15,74 € / Kilo)","categories":["Supermercado","Alimentación General","Platos preparados","Platos preparados de pasta","MAGGI Que Cocine Angela espirales a la crema vaso 81 g"],"general_information":["Denominación del alimento: Pasta a la crema con especias, deshidratada","País de origen: Alemania","Nombre del operador: Nestlé España, S.A.","Dirección del operador: Nestlé España, S.A. Edificio Nestlé. 08950 Esplugues de Llobregat (Barcelona)","Cantidad Neta: 81 g"],"ingredients":[" Pasta alimenticia (56,7%) (sémola de trigo duro, clara de huevo, gluten de trigo), nata en polvo (10,5%), leche semidesnatada en polvo, almidón de maíz, harina de trigo, almidón de patata, sal yodada, extracto de levadura, almidón de patata modificado, grasa de palma, tomate deshidratado, maltodextrina de patata, aceite de girasol, perejil deshidratado, ajo deshidratado, aromas, azúcar, cúrcuma, acidulante (ácido cítrico), jarabe de azúcar, maltodextrina de maíz. Puede contener apio, mostaza y soja."],"conservation":" Conservar en lugar fresco y seco.","ean":"7613035723542"},{"full_name":"GALLINA BLANCA espaguetis a los 3 quesos 2 raciones sobre 174 g","name":"espaguetis a los 3 quesos 2 raciones sobre 174 g","brand":"GALLINA BLANCA ","img":"https://sgfm.elcorteingles.es/SGFM/00/08/0/0200136000080/0200136000080000g01011.jpg","price":"1,90 €","price_unit":"(10,92 € / Kilo)","categories":["Supermercado","Alimentación General","Platos preparados","Platos preparados de pasta","GALLINA BLANCA espaguetis a los 3 quesos 2 raciones sobre 174 g"],"general_information":["Denominación del alimento: Spaghetti 3 quesos deshidratados","Nombre del operador: Gallina Blanca, S.A.","Dirección del operador: Plaza Europa 41, 08908 - Hospitalet de Llobregat (Barcelona)","Cantidad Neta: 175 g","Número de raciones por envase: 2","Otras menciones obligatorias en la etiqueta: Sin grasas hidrogenadas"],"ingredients":[" Pasta alimenticia (spaghetti) 74%: sémola de trigo duro. Salsa 26%: quesos fundidos 76%( solidos lacteos, sales fundentes (E-331, E-339), queso semicurado 25%,cheddar 14%, romano, gorgonzola 10%), aromas (con leche), extracto de levadura, harina de arroz, cebolla, sal, aceite de oliva virgen extra, especias, ajo, plantas aromáticas (con apio), salsa de soja. Puede contener trazas de huevo, pescado y crustáceos."],"conservation":" Conservar en lugar fresco y seco.","ean":"8410300106586"},{"full_name":"FERRER fideuá estuche 1040 g","name":"fideuá estuche 1040 g","brand":"FERRER ","img":"https://sgfm.elcorteingles.es/SGFM/dctm/MEDIA02/CONTENIDOS/201409/22/00118032900146____1__600x600.jpg","price":"5,80 €","price_unit":"(5,58 € / Kilo)","categories":["Supermercado","Alimentación General","Platos preparados","Platos preparados de pasta","FERRER fideuá estuche 1040 g"],"general_information":["Denominación del alimento: Fideuá de marisco","Nombre del operador: Ferrer tradicional, S.L.","Dirección del operador: Pol.  Ind.  Sta. Anna, Crta. Santpedor a Navarcles, Km4  -08251 Santpedor (Barcelona)","Cantidad Neta: 820,0 g"],"ingredients":[" Caldo de pescado (agua, bacalao, extracto de gamba, sal, azúcar, tomate, vino blanco, zanahoria, puerro, ajo y aromas), Dosidicus gigas, Loligo spp. y sofrito (cebolla, tomate, aceite de oliva (3%), aceite de girasol, ajo, almendras, avellanas."],"conservation":" Conservar en lugar fresco y seco.","ean":"8411026013356"},{"full_name":"HEINZ espagueti boloñesa lata 400 g","name":"espagueti boloñesa lata 400 g","brand":"HEINZ ","img":"https://sgfm.elcorteingles.es/SGFM/00/16/9/0118035400169/0118035400169000g01011.jpg","price":"2,66 €","price_unit":"(6,65 € / Kilo)","categories":["Supermercado","Alimentación General","Platos preparados","Platos preparados de pasta","HEINZ espagueti boloñesa lata 400 g"],"general_information":[],"ingredients":[],"ean":"5000157025050"},{"full_name":"HEINZ spaguetti con salchichas lata 400 g","name":"spaguetti con salchichas lata 400 g","brand":"HEINZ ","img":"https://sgfm.elcorteingles.es/SGFM/00/17/7/0118035400177/0118035400177000g01011.jpg","price":"2,66 €","price_unit":"(6,65 € / Kilo)","categories":["Supermercado","Alimentación General","Platos preparados","Platos preparados de pasta","HEINZ spaguetti con salchichas lata 400 g"],"general_information":[],"ingredients":[],"ean":"5000157007513"},{"full_name":"GALLO SABORES NUESTROS lasaña fresca de carne envase 325 g","name":"lasaña fresca de carne envase 325 g","brand":"GALLO SABORES NUESTROS ","img":"https://sgfm.elcorteingles.es/SGFM/00/21/3/0118845200213/0118845200213000g01011.jpg","price":"2,60 €","price_unit":"(8 € / Kilo)","categories":["Supermercado","Alimentación General","Platos preparados","Platos preparados de pasta","GALLO SABORES NUESTROS lasaña fresca de carne envase 325 g"],"general_information":["Denominación del alimento: PLATO PREPARADO REFRIGERADO. LASAÑA DE CARNE.","País de origen: España","Nombre del operador: COMERCIAL GALLO, S.A.U.","Dirección del operador: Avda Diagonal 468, 4-C. Barcelona. España","Cantidad Neta: 325 g"],"ingredients":[" Bechamel 41%. Agua, harina de trigo, margarina (grasas y aceites vegetales, agua, sal, aromas, colorante: E-160a), leche en polvo, almidón modificado de tapioca, sal, espesante: E-415, especias. Relleno 40%. Carne de ternera 25%, puré de tomate 22%, cebolla, agua, carne de cerdo 7%, zanahoria, aceite de girasol, almidón modificado de tapioca, especias, sal, ajo, azúcar, aromas, espesante: E-461. Pasta alimenticia fresca al huevo 11%. Sémola de trigo duro, huevo 17%, harina de trigo, agua. Queso fundido rallado 8%. Agua, queso, mantequilla, proteína láctea, almidón de patata, sales fundentes (E-452, E-340, E-331), sal, estabilizador: E-410, colorante: E-160b. Alérgenos: Contiene gluten, huevo y leche. Puede contener trazas de apio."],"conservation":" Conservar en el frigorífico entre 2º y 4ºC.","ean":"8410069061362"},{"full_name":"GALLO SABORES NUESTROS canelones de carne 3 unidades bandeja 325 g","name":"canelones de carne 3 unidades bandeja 325 g","brand":"GALLO SABORES NUESTROS ","img":"https://sgfm.elcorteingles.es/SGFM/01/01/3/0118845201013/0118845201013000g01011.jpg","price":"2,60 €","price_unit":"(8 € / Kilo)","categories":["Supermercado","Alimentación General","Platos preparados","Platos preparados de pasta","GALLO SABORES NUESTROS canelones de carne 3 unidades bandeja 325 g"],"general_information":["Denominación del alimento: PLATO PREPARADO REFRIGERADO. CANELONES DE CARNE","País de origen: España","Nombre del operador: COMERCIAL GALLO, S.A.U.","Dirección del operador: Avda Diagonal 468, 4-C. Barcelona. España","Cantidad Neta: 350 g"],"ingredients":[" Bechamel 52%. Agua, harina de trigo, margarina (grasas y aceites vegetales, agua, sal, aromas, colorante: E-160a), leche en polvo, almidón modificado de tapioca, sal, espesante: E-415, especias. Relleno 26%. Carnes de cerdo, pollo y vacuno 61%, agua, hortalizas (cebolla, zanahoria), pan rallado, aceite de girasol, leche semidesnatada en polvo, sal, caldo sabor pollo, almidón modificado, brandy, ajo, especias. Pasta alimenticia fresca al huevo 14%: Sémola de trigo duro, agua, harina de trigo, huevo 4,5%. Queso fundido rallado 8%. Agua, queso, mantequilla, proteína láctea, almidón de patata, sales fundentes (E-452, E-340, E-331), sal, estabilizador: E-410, colorante: E-160b. Alérgenos: Contiene gluten, leche y huevo. Puede contener trazas de apio."],"conservation":" Conservar en el frigorífico entre 2º y 4ºC.","ean":"8410069061409"},{"full_name":"CARRETILLA raviolis de carne con salsa de tomate envase 350 g","name":"raviolis de carne con salsa de tomate envase 350 g","brand":"CARRETILLA ","img":"https://sgfm.elcorteingles.es/SGFM/dctm/MEDIA03/201604/18/00200135400315____1__600x600.jpg","price":"2,94 €","categories":["Supermercado","Alimentación General","Platos preparados","Platos preparados de pasta","CARRETILLA raviolis de carne con salsa de tomate envase 350 g"],"general_information":["Denominación del alimento: Raviolis de Carne con salsa de Tomate","Nombre del operador: Ind. Alim. de Navarra, S.A.U.","Dirección del operador: Pol.Peñalfons, s/n. 31330 Villafranca. Navarra - España","Cantidad Neta: 300 g","Otras menciones obligatorias en la etiqueta: Envasado en atmósfera protectora."],"ingredients":[" Raviolis de carne (52%) y Salsa de Tomate (48%). (Contenido total de carne: 7%). Ingredientes de los Raviolis: sémola de trigo duro (gluten), huevo, carne de cerdo (carne de cerdo, sal, especias, plantas aromáticas), pan rallado (harina de trigo, agua, sal), copos de patata, aroma, sal, queso rallado (leche, sal, cuajo y lisozima de huevo) y fibra de trigo. Ingredientes de la Salsa de Tomate: Tomate (puré, triturado y dados), cebolla, queso parmesano, aceite de girasol, sal, albahaca, vino blanco, azúcar y aroma natural. Contiene: gluten, huevo y leche y derivados. Puede contener trazas de: crutáceos, pescado, soja, apio, mostaza y moluscos."],"conservation":" No necesita frío para su conservación. Conservar en ambiente fresco y seco.","ean":"8410416008828"},{"full_name":"MAMIA fideuá estilo marinera lata 260 g","name":"fideuá estilo marinera lata 260 g","brand":"MAMIA ","img":"https://sgfm.elcorteingles.es/SGFM/dctm/MEDIA03/201705/26/00118035400292____1__600x600.jpg","price":"2,95 €","price_unit":"(7,02 € / Kilo)","categories":["Supermercado","Alimentación General","Platos preparados","Platos preparados de pasta","MAMIA fideuá estilo marinera lata 260 g"],"general_information":[],"ingredients":[],"ean":"8410465008893"},{"full_name":"BO DE DEBO fideuá con alioli envase 400 g","name":"fideuá con alioli envase 400 g","brand":"BO DE DEBO ","img":"https://sgfm.elcorteingles.es/SGFM/dctm/MEDIA02/CONTENIDOS/201411/25/00118845200767____1__600x600.jpg","price":"5,13 €","price_unit":"(12,82 € / Kilo)","categories":["Supermercado","Alimentación General","Platos preparados","Platos preparados de pasta","BO DE DEBO fideuá con alioli envase 400 g"],"general_information":["Denominación del alimento: Fideuá con Alioli.","Nombre del operador: Bo De Debo S.A.","Dirección del operador: c/ Mª Aurèlia Capmany s/n  (08295 Sant Vicenç de Castellet).","Cantidad Neta: 400,0 g","Otras menciones obligatorias en la etiqueta: Envasado en Atmósfera Modificada."],"ingredients":[" Fideos cocidos 72% (sémola de trigo duro y agua), caldo de pescado concentrado (agua, hortalizas (cebolla, ajo, tomate, puerro, patata y zanahoria), sal, aromas (gluten, leche, apio y soja), potenciadores del sabor: E621, E635; pescado, almidón modificado de maíz, aceite de girasol, extracto de levadura, colorantes: E160c; estabilizante: E415; especies), allioli 8% (aceite de girasol, huevo líquido pasteurizado, huevo en polvo, ajo y sal), planchas de sepia 5%, tomate frito (tomate, aceite de girasol, azúcar, fécula de maíz, sal y cebolla), aceite de orujo de oliva, calamar rejo 0,3%, cebolla, pimiento verde, pimiento rojo, ajo, especies, sal y conservador: sorbato potásico. En nuestras instalaciones manipulamos productos que contienen: crustáceos, cacahuetes, frutos de cáscara, mostaza, sésamo y sulfitos."],"conservation":" Una vez abierto conservar entre 0-4°C, protegido con un  film y consumir en máximo 2 dias.","ean":"8480004487311"},{"full_name":"BO DE DEBO canelones con bechamel envase 760 g","name":"canelones con bechamel envase 760 g","brand":"BO DE DEBO ","img":"https://sgfm.elcorteingles.es/SGFM/dctm/MEDIA03/201709/20/00118845200585____1__600x600.jpg","price":"5,99 €            ","price_unit":"(7,09 € / Kilo)","categories":["Supermercado","Alimentación General","Platos preparados","Platos preparados de pasta","BO DE DEBO canelones con bechamel envase 760 g"],"general_information":["Denominación del alimento: Canelones de la Abuela.","Nombre del operador: Bo De Debo S.A.","Dirección del operador: c/ Mª Aurèlia Capmany s/n  (08295 Sant Vicenç de Castellet).","Cantidad Neta: 755,0 g","Número de raciones por envase: 6","Otras menciones obligatorias en la etiqueta: Envasado en Atmósfera Modificada."],"ingredients":[" Bechamel (leche entera, harina de trigo, mantequilla, sal, conservador: sorbato de  potassio y  especies), Carne 21% (carne de cerdo, carne de pollo, carne de ternera, carne de gallina), pasta alimenticia fresca cocida  (agua, sémola de trigo duro y harina de trigo), queso,  papada de cerdo,  cebolla frita en conserva (cebolla, aceite de orujo de oliva , sal y  acidulante :aàcido cítrico), cebolla frita deshidratada (cebolla, grasa de palma , harina de trigo y sal) conservador : sorbato de potassio. En nuestras instalaciones manipulamos productos que contienen:  crustáceos, huevos, pescado, cacahuetes, soja, frutos de cáscara, apio, mostaza, sésamo, sulfitos y moluscos."],"conservation":" Una vez abierto conservar entre 0-4°C, protegido con un  film y consumir en máximo 2 dias.","ean":"8480004114156"},{"full_name":"BO DE DEBO macarrones caseros envase 500 g","name":"macarrones caseros envase 500 g","brand":"BO DE DEBO ","img":"https://sgfm.elcorteingles.es/SGFM/dctm/MEDIA03/201709/20/00118845200593____1__600x600.jpg","price":"4,27 €","price_unit":"(8,54 € / Kilo)","categories":["Supermercado","Alimentación General","Platos preparados","Platos preparados de pasta","BO DE DEBO macarrones caseros envase 500 g"],"general_information":["Denominación del alimento: Macarrones Boloñesa.","Nombre del operador: Bo De Debo S.A.","Dirección del operador: c/ Mª Aurèlia Capmany s/n  (08295 Sant Vicenç de Castellet).","Cantidad Neta: 450,0 g","Otras menciones obligatorias en la etiqueta: Envasado en Atmósfera Modificada."],"ingredients":[" Macarrones cocidos 62% (agua, sémola de trigo duro y aceite de orujo de oliva) boloñesa 37,9% (tomate frito (tomate, aceite de girasol, azúcar, fécula de maíz, sal y cebolla), carne de cerdo 25%, aceite de orujo de oliva, agua, bresa de verduras en proporción variable (zanahoria, puerro, apio y ceba), sal, vino negro (sulfitos), conservador: sorbato potásico y especies. En nuestras instalaciones manipulamos productos que contienen: crustáceos, huevos, pescado, cacahuetes, soja, leche, frutos de cáscara, mostaza, sésamo y moluscos."],"conservation":" Una vez abierto conservar entre 0-4°C, protegido con un  film y consumir en máximo 2 dias.","ean":"8480004487625"},{"full_name":"BO DE DEBO macarrones de pages envase 350 g","name":"macarrones de pages envase 350 g","brand":"BO DE DEBO ","img":"https://sgfm.elcorteingles.es/SGFM/dctm/MEDIA02/CONTENIDOS/201505/26/00201045201355____1__600x600.jpg","price":"3,59 €","price_unit":"(10,26 € / Kilo)","categories":["Supermercado","Alimentación General","Platos preparados","Platos preparados de pasta","BO DE DEBO macarrones de pages envase 350 g"],"general_information":[],"ingredients":[],"ean":"8436031602920"},{"full_name":"BO DE DEBO tallarines con boloñesa envase 475 g","name":"tallarines con boloñesa envase 475 g","brand":"BO DE DEBO ","img":"https://sgfm.elcorteingles.es/SGFM/dctm/MEDIA03/201710/31/00118845200635____1__600x600.jpg","price":"4,27 €","price_unit":"(8,99 € / Kilo)","categories":["Supermercado","Alimentación General","Platos preparados","Platos preparados de pasta","BO DE DEBO tallarines con boloñesa envase 475 g"],"general_information":["Denominación del alimento: Tallarines a la Boloñesa grandes.","Nombre del operador: Bo De Debo S.A.","Dirección del operador: c/ Mª Aurèlia Capmany s/n  (08295 Sant Vicenç de Castellet).","Cantidad Neta: 450,0 g","Otras menciones obligatorias en la etiqueta: Envasado en Atmósfera Modificada."],"ingredients":[" Tallarines cocidos 54% (Agua, sémola de trigo duro y aceite de orujo de oliva) boloñesa 45% (tomate frito (tomate, aceite de girasol, azúcar,  fécula de maíz,  sal y cebolla), carne de ternera 29%, aceite de orujo de oliva, agua, bresa de verduras en proporción variable (zanahoria, puerro, apio y  cebolla), vino negro (sulfitos), especies, sal y sorbato potásico). En nuestras instalaciones manipulamos productos que contienen: crustáceos, huevos, pescado, cacahuetes, soja, leche, frutos de cáscara, mostaza, sésamo y moluscos."],"conservation":" Una vez abierto conservar entre 0-4°C, protegido con un  film y consumir en máximo 2 dias.","ean":"8480004488110"},{"full_name":"BO DE DEBO tallarines con verduras envase 300 g","name":"tallarines con verduras envase 300 g","brand":"BO DE DEBO ","img":"https://sgfm.elcorteingles.es/SGFM/dctm/MEDIA03/201709/20/00118845201435____1__600x600.jpg","price":"3,15 €","price_unit":"(10,50 € / Kilo)","categories":["Supermercado","Alimentación General","Platos preparados","Platos preparados de pasta","BO DE DEBO tallarines con verduras envase 300 g"],"general_information":[],"ingredients":[],"ean":"8436031603446"},{"full_name":"ROYAL CHEF fideuá de marisco paquete 350 g","name":"fideuá de marisco paquete 350 g","brand":"ROYAL CHEF ","img":"https://sgfm.elcorteingles.es/SGFM/dctm/MEDIA03/201705/31/00118850502313____1__600x600.jpg","price":"3,10 €","price_unit":"(8,86 € / Kilo)","categories":["Supermercado","Alimentación General","Platos preparados","Platos preparados de pasta","ROYAL CHEF fideuá de marisco paquete 350 g"],"general_information":["Denominación del alimento: Fideuá de Marisco","Nombre del operador: I.C. Royal Chef S.L.","Dirección del operador: Pol. Ind. El Raso, c/ Matilla 3 - 13196 Picon (Ciudad Real)","Cantidad Neta: 350 g"],"ingredients":[" Fideo, agua, pota ( estabilizantes E-339, E-450, antioxidantes E-301, E-331), gamba (estabilizantes E-451, E-452, antioxidante E-223, contiene sulfitos), mejillón, tomate, aceite de oliva y girasol, cebolla, sal, ajo, pimentón dulce, azafrán y harina de maíz, dextrosa, aromas, extracto de levadura, acidulante (ácido cítrico), especias y hierbas aromáticas, maltodextrina, almidón de tapioca.Contiene: pescado, crustáceos,  gluten y puede contener trazas de huevo."],"conservation":" Conservar refrigerado entre 0 y 4 grados centígrados","ean":"8436038052346"},{"full_name":"TA-TUNG tallarines al wock envase 300 g","name":"tallarines al wock envase 300 g","brand":"TA-TUNG ","img":"https://sgfm.elcorteingles.es/SGFM/dctm/MEDIA02/CONTENIDOS/201409/03/00118850501612____1__600x600.jpg","price":"2,99 €","price_unit":"(9,97 € / Kilo)","categories":["Supermercado","Alimentación General","Platos preparados","Platos preparados de pasta","TA-TUNG tallarines al wock envase 300 g"],"general_information":["Denominación del alimento: Tallarines al Wok","País de origen: España","Nombre del operador: Ta-Tung platos precocinados, S.L.","Dirección del operador: C/Corominas, 37 - 08902 L'Hospitalet de Llobregat (Barcelona)","Cantidad Neta: 300 g","Número de raciones por envase: 2","Otras menciones obligatorias en la etiqueta: Producto apto para congelar. Envasado en atmosfera protectora."],"ingredients":[" Pasta alimenticia de sémola de trigo duro (48%), cebolla, zanahoria (6%), pimiento verde (5%), pimiento rojo (5%), huevo líquido pasteurizado (5%), brotes de soja (2%), salsa de ostras (agua, azúcar, sal, harina de maíz modificado, potenciador del sabor (glutamato monosódico), extracto de ostras, harina de trigo, colorante (caramelo amónico)), ajo, aceite de girasol, y acidulantes (lactato potásico y diacetato sódico).Contiene: gluten, huevo, soja, moluscos, trazas de pescado."],"conservation":" Mantener entre 0-4°C","ean":"8437000752356"},{"full_name":"TA-TUNG tallarines con pollo al curry envase 300 g","name":"tallarines con pollo al curry envase 300 g","brand":"TA-TUNG ","img":"https://sgfm.elcorteingles.es/SGFM/dctm/MEDIA03/201603/28/00118850501919____2__600x600.jpg","price":"2,99 €","price_unit":"(24,92 € / Kilo)","categories":["Supermercado","Alimentación General","Platos preparados","Platos preparados de pasta","TA-TUNG tallarines con pollo al curry envase 300 g"],"general_information":["Denominación del alimento: Tallarines con pollo al curry","País de origen: España","Nombre del operador: Ta-Tung platos precocinados, S.L.","Dirección del operador: C/Corominas, 37 - 08902 L'Hospitalet de Llobregat (Barcelona)","Cantidad Neta: 300 g","Número de raciones por envase: 2","Otras menciones obligatorias en la etiqueta: Producto apto para congelar. Envasado en atmósfera protectora."],"ingredients":[" Pasta alimenticia de sémola de trigo duro (46%), carne de pollo (11%), cebolla, zanahoria (7%), pimiento rojo (5%), pimiento verde (5%), ajo, aceite de girasol, curry (1%) (cúrcuma, alholva, harina de maíz, clavo, apio, cayena y cominos), pimienta negra, sal y acidulantes: lactato potásico y diacetato sódico.Contiene: gluten y apio."],"conservation":" Mantener entre 0-4°C","ean":"8437000752127"},{"full_name":"CASA MAS canelones rellenos de espinacas y piñones envase 700 g","name":"canelones rellenos de espinacas y piñones envase 700 g","brand":"CASA MAS ","img":"https://sgfm.elcorteingles.es/SGFM/dctm/MEDIA03/201712/18/00118845201351____7__600x600.jpg","price":"5,24 €","price_unit":"(7,49 € / Kilo)","categories":["Supermercado","Alimentación General","Platos preparados","Platos preparados de pasta","CASA MAS canelones rellenos de espinacas y piñones envase 700 g"],"general_information":[],"ingredients":[],"ean":"8437004378064"},{"full_name":"CASA MAS canelones caseros de carne envase 700 g","name":"canelones caseros de carne envase 700 g","brand":"CASA MAS ","img":"https://sgfm.elcorteingles.es/SGFM/dctm/MEDIA03/201708/25/00118845201260____1__600x600.jpg","price":"5,24 €","price_unit":"(7,49 € / Kilo)","categories":["Supermercado","Alimentación General","Platos preparados","Platos preparados de pasta","CASA MAS canelones caseros de carne envase 700 g"],"general_information":["Denominación del alimento: Canelones Caseros de Carne","Nombre del operador: Casa Mas Alimentación, S.L.","Dirección del operador: Pol. Industrial el Vapor. Nau B-1,B-2 ? 08183 Castellterçol (Barcelona)","Cantidad Neta: 700 g","Otras menciones obligatorias en la etiqueta: Envasado en atmósfera protectora."],"ingredients":[" Bechamel (leche, aceite de girasol, harina de trigo, cebolla, margarina vegetal, sal, almidón de patata, conservador: sorbato potásico; estabilizante (sal, difosfato disódico y metabolitos de la fermentación láctica) y nuez moscada), asado de carne (carne de pollo (9,5%), carne de cerdo (9,5%), bechamel (leche, aceite de girasol, harina de trigo, cebolla, margarina vegetal, sal, almidón de patata, conservador: sorbato potásico; estabilizador (sal, difosfato disódico y metabolitos de la fermentación láctica) y nuez moscada), carne de ternera (3,5%), cebolla, zanahoria, aceite de girasol, aguardiente de vino, aceite de oliva, sal, conservadores: sorbato potásico y ácido sórbico, caldo de pollo, ajo, pimienta y nuez moscada), pasta alimenticia fresca, (harina de trigo, sémola de trigo, agua y lactoalbúmina), queso emmental."],"conservation":" Conservar entre 0-4°C. Una vez abierto, consumir en su totalidad.","ean":"8437004378057"},{"full_name":"CASA MAS canelones de carne 4 raciones envase 1100 g","name":"canelones de carne 4 raciones envase 1100 g","brand":"CASA MAS ","img":"https://sgfm.elcorteingles.es/SGFM/dctm/MEDIA02/CONTENIDOS/201411/05/00118845201302____1__600x600.jpg","price":"8,28 €            ","price_unit":"(7,32 € / Kilo)","categories":["Supermercado","Alimentación General","Platos preparados","Platos preparados de pasta","CASA MAS canelones de carne 4 raciones envase 1100 g"],"general_information":["Denominación del alimento: Canelones Caseros de Carne","Nombre del operador: Casa Mas Alimentación, S.L.","Dirección del operador: Pol. Industrial el Vapor. Nau B-1,B-2 ? 08183 Castellterçol (Barcelona)","Cantidad Neta: 1100 g","Otras menciones obligatorias en la etiqueta: Envasado en atmósfera protectora."],"ingredients":[" Bechamel (leche, aceite de girasol, harina de trigo, cebolla, margarina vegetal, sal, almidón de patata, conservador: sorbato potásico; estabilizante (sal, difosfato disódico y metabolitos de la fermentación láctica) y nuez moscada), asado de carne (carne de pollo (9,5%), carne de cerdo (9,5%), bechamel (leche, aceite de girasol, harina de trigo, cebolla, margarina vegetal, sal, almidón de patata, conservador: sorbato potásico; estabilizador (sal, difosfato disódico y metabolitos de la fermentación láctica) y nuez moscada), carne de ternera (3,5%), cebolla, zanahoria, aceite de girasol, aguardiente de vino, aceite de oliva, sal, conservadores: sorbato potásico y ácido sórbico, caldo de pollo, ajo, pimienta y nuez moscada), pasta alimenticia fresca, (harina de trigo, sémola de trigo, agua y lactoalbúmina), queso emmental."],"conservation":" Conservar entre 0-4°C. Una vez abierto, consumir en su totalidad. Vida útil mínima garantizada: 15 días.","ean":"8437007141849"},{"full_name":"CASA MAS canelones de pato y foie 4 unidades envase 700 g","name":"canelones de pato y foie 4 unidades envase 700 g","brand":"CASA MAS ","img":"https://sgfm.elcorteingles.es/SGFM/dctm/MEDIA03/201712/18/00118845201310____3__600x600.jpg","price":"7,45 €","price_unit":"(10,64 € / Kilo)","categories":["Supermercado","Alimentación General","Platos preparados","Platos preparados de pasta","CASA MAS canelones de pato y foie 4 unidades envase 700 g"],"general_information":[],"ingredients":[],"ean":"8436564910417"},{"full_name":"CASA MAS canelones de carne 1 ración envase 350 g","name":"canelones de carne 1 ración envase 350 g","brand":"CASA MAS ","img":"https://sgfm.elcorteingles.es/SGFM/dctm/MEDIA03/201603/15/00118845201377____1__600x600.jpg","price":"2,89 €","price_unit":"(8,26 € / Kilo)","categories":["Supermercado","Alimentación General","Platos preparados","Platos preparados de pasta","CASA MAS canelones de carne 1 ración envase 350 g"],"general_information":["Denominación del alimento: Canelones Caseros de Carne","Nombre del operador: Casa Mas Alimentación, S.L.","Dirección del operador: Pol. Industrial el Vapor. Nau B-1,B-2 ? 08183 Castellterçol (Barcelona)","Cantidad Neta: 350 g","Otras menciones obligatorias en la etiqueta: Envasado en atmósfera protectora."],"ingredients":[" Bechamel (leche, aceite de girasol, harina de trigo, cebolla, margarina vegetal, sal, almidón de patata, conservador: sorbato potásico; estabilizante (sal, difosfato disódico y metabolitos de la fermentación láctica) y nuez moscada), asado de carne (carne de pollo (9,5%), carne de cerdo (9,5%), bechamel (leche, aceite de girasol, harina de trigo, cebolla, margarina vegetal, sal, almidón de patata, conservador: sorbato potásico; estabilizador (sal, difosfato disódico y metabolitos de la fermentación láctica) y nuez moscada), carne de ternera (3,5%), cebolla, zanahoria, aceite de girasol, aguardiente de vino, aceite de oliva, sal, conservadores: sorbato potásico y ácido sórbico, caldo de pollo, ajo, pimienta y nuez moscada), pasta alimenticia fresca, (harina de trigo, sémola de trigo, agua y lactoalbúmina), queso emmental."],"conservation":" Conservar entre 0-4°C. Una vez abierto, consumir en su totalidad. Vida útil mínima garantizada: 15 días.","ean":"8437007140460"},{"full_name":"CASA MAS lasaña artesana de carne 1 ración envase 400 g","name":"lasaña artesana de carne 1 ración envase 400 g","brand":"CASA MAS ","img":"https://sgfm.elcorteingles.es/SGFM/dctm/MEDIA03/201704/12/00118845201294____1__600x600.jpg","price":"3,03 €","price_unit":"(7,58 € / Kilo)","categories":["Supermercado","Alimentación General","Platos preparados","Platos preparados de pasta","CASA MAS lasaña artesana de carne 1 ración envase 400 g"],"general_information":["Denominación del alimento: Lasaña Artesana de Carne","Nombre del operador: Casa Mas Alimentación, S.L.","Dirección del operador: Pol. Industrial el Vapor. Nau B-1,B-2 ? 08183 Castellterçol (Barcelona)","Cantidad Neta: 400 g","Otras menciones obligatorias en la etiqueta: Envasado en atmósfera protectora."],"ingredients":[" Bechamel (leche, aceite de girasol, harina de trigo, cebolla, margarina, sal, almidón de patata, conservador: sorbato potásico; estabilizante: sal, difosfato disódico y metabolitos de la fermentación láctica; y nuez moscada), relleno de carne (carne de cerdo (16%), tomate frito (tomate, concentrado de tomate, aceite de girasol, almidón modificado de maíz, sal, verduras, azúcar y acidulante: ácido cítrico), carne de ternera (3%), zanahoria, cebolla, bechamel (leche, aceite de girasol, harina de trigo, cebolla, margarina vegetal, sal, almidón de patata, conservador: sorbato potásico; estabilizante: sal, difosfato disódico y metabolitos de la fermentación láctica; y nuez moscada), aceite de girasol, almidón de patata, sal, aguardiente de vino, conservadores: sorbato potásico y ácido sórbico; caldo de pollo, orégano, ajo, pimienta blanca y nuez moscada), pasta alimenticia fresca (harina de trigo, sémola de trigo, agua y lactoalbúmina), queso emmental."],"conservation":" Conservar entre 0-4°C. Una vez abierto, consumir en su totalidad.","ean":"8437007140200"},{"full_name":"CASA MAS lasaña de verduras envase 400 g","name":"lasaña de verduras envase 400 g","brand":"CASA MAS ","img":"https://sgfm.elcorteingles.es/SGFM/dctm/MEDIA03/201612/20/00118845201369____6__600x600.jpg","price":"2,89 €","price_unit":"(7,22 € / Kilo)","categories":["Supermercado","Alimentación General","Platos preparados","Platos preparados de pasta","CASA MAS lasaña de verduras envase 400 g"],"general_information":[],"ingredients":[],"ean":"8437007142204"},{"full_name":"CASA MAS tallarines a la carbonara envase 280 g","name":"tallarines a la carbonara envase 280 g","brand":"CASA MAS ","img":"https://sgfm.elcorteingles.es/SGFM/dctm/MEDIA03/201708/25/00118845201286____1__600x600.jpg","price":"2,82 €","price_unit":"(10,07 € / Kilo)","categories":["Supermercado","Alimentación General","Platos preparados","Platos preparados de pasta","CASA MAS tallarines a la carbonara envase 280 g"],"general_information":["Denominación del alimento: Tallarines a la Carbonara","Nombre del operador: Casa Mas Alimentación, S.L.","Dirección del operador: Pol. Industrial el Vapor. Nau B-1,B-2 ? 08183 Castellterçol (Barcelona)","Cantidad Neta: 280 g","Otras menciones obligatorias en la etiqueta: Envasado en atmósfera protectora."],"ingredients":[" Tallarines cocidos (56%), salsa carbonara 44% (leche, nata cuilinaria (nata, almidón modificado, estabilizantes: hidroxipropilmetilcelulosa y carragenano; emulgente: GMS), bacón 5% (panceta de cerdo, sal, agua, fécula de patata, proteína de soja, estabilizantes: difosfatos, trifosfatos, carragenano y GMS; aroma, gelificante: goma xantana; antioxidantes: eritorbato sódico y citrato sódico; conservadores: diacetato de sodio, ácido láctico, nitrito sódico; y colorante: carmín), cebolla, aceite de oliva, almidón de patata, queso en polvo (leche, sal, cuajo y proteína de huevo), sal, conservadores: sorbato potásico y ácido sórbico; estabilizante: sal, difosfato disódico y metabolitos de la fermentación láctica; ajo y pimienta."],"conservation":" Conservar entre 0-4°C. Una vez abierto, consumir en 48 horas. Vida útil mínima garantizada: 18 días.","ean":"8437007142389"},{"full_name":"CASA MAS macarrones a la boloñesa envase 280 g","name":"macarrones a la boloñesa envase 280 g","brand":"CASA MAS ","img":"https://sgfm.elcorteingles.es/SGFM/dctm/MEDIA03/201709/25/00118845201278____1__600x600.jpg","price":"2,82 €","price_unit":"(10,07 € / Kilo)","categories":["Supermercado","Alimentación General","Platos preparados","Platos preparados de pasta","CASA MAS macarrones a la boloñesa envase 280 g"],"general_information":[],"ingredients":[],"ean":"8437007141856"},{"full_name":"EL CORTE INGLES arroz con frijoles receta exclusiva bandeja 300 g","name":"arroz con frijoles receta exclusiva bandeja 300 g","brand":"EL CORTE INGLES ","img":"https://sgfm.elcorteingles.es/SGFM/dctm/MEDIA03/201712/04/00118032900534____1__600x600.jpg","price":"2,95 €","price_unit":"(10,54 € / Kilo)","categories":["Supermercado","Alimentación General","Platos preparados","Platos preparados de arroz","EL CORTE INGLES arroz con frijoles receta exclusiva bandeja 300 g"],"general_information":["Denominación del alimento: Arroz con frijoles","Nombre del operador: Elaborado para\nEl Corte Inglés\npor Clavo Food Factory S.A.\nBemil s/n 36650 Caldas de Reis\nPontevedra- España","Cantidad Neta: 300 g","Número de raciones por envase: Contiene una p"],"ingredients":[" Ingredientes: \nCaldo [agua, ketchup (tomate, vinagre, azúcar, sal, extracto de especias e hierbas (contiene apio), y especia), salsa de soja (agua, sal,soja,vinagre de alcohol, trigo, azúcar, colorante (E-150c), regulador de acidez (E-262), extracto de especias), sal, salsa (vinagre de malta (procedente de cebada, vinagre de alcohol, melaza, azúcar, sal, anchoas, extracto de tamarindo, cebolla, ajo, especias y aromas), azúcar, especias y colorante (E-101ii)],arroz (25%*), sofrito [pimiento rojo y verde, cebolla, aceite de girasol y preparado de ajo (contiene sulfitos)(ajo, sal y antioxidante (E-330))], frijoles cocidos (8%*) y bacon (panceta de cerdo, agua, fécula de patata, sal, conservadores (E-326, E-243, E-250), estabilizantes (E-450, E-451), lactosa,dextrosa, antioxidantes (E-331, E-301), aroma, gelificantes (E-407, E410), aroma de humo y extracto de especias).\n* porcentaje referido al momento de incorporación Puede contener trazas de moluscos, crustáceos, \nhuevo y mostaza"],"conservation":" Se recomienda conservar en lugar fresco, seco y ventilado. Proteger de olores agresivos","ean":"8433329083553"},{"full_name":"EL CORTE INGLES arroz chaulafán receta exclusiva bandeja 300 g","name":"arroz chaulafán receta exclusiva bandeja 300 g","brand":"EL CORTE INGLES ","img":"https://sgfm.elcorteingles.es/SGFM/dctm/MEDIA03/201712/04/00118032900542____1__600x600.jpg","price":"2,95 €","price_unit":"(10,54 € / Kilo)","categories":["Supermercado","Alimentación General","Platos preparados","Platos preparados de arroz","EL CORTE INGLES arroz chaulafán receta exclusiva bandeja 300 g"],"general_information":["Denominación del alimento: Arroz Chaulafan","Nombre del operador: Elaborado para\nEl Corte Inglés\npor Clavo Food Factory S.A.\nBemil s/n 36650 Caldas de Reis\nPontevedra- España","Cantidad Neta: 300 g","Número de raciones por envase: Contiene una p"],"ingredients":[" Ingredientes: \nCaldo [agua, salsa de soja (agua, sal, soja, vinagre de alcohol, trigo, azúcar, colorante (E-150c), regulador de acidez (E-262), extracto de especias), sal, caldo de pescado deshidratado (sal, fécula de maíz, potenciador del sabor (E-621), azúcar, grasa vegetal parcialmente hidrogenada de palma, extracto de proteínas de soja, extracto de levadura, aroma de pescado, gamba deshidratada, cebolla, colorantes (E-150d, E-160c), especias), chile y especia], arroz (27%*), sofrito [pimiento verde y rojo, cebolla, aceite de girasol, preparado de ajo (contiene sulfitos)(ajo, sal y antioxidante (E-330)) y zanahoria], carne de pollo, uvas pasas (uvas pasas y aceite de girasol), langostino pelado (langostino, agua, sal,estabilizante (E-451i) y antioxidante (metabisulfito sódico)) y bacon (panceta de cerdo, agua, fécula de patata, sal, conservadores (E-326, E-243,E-250), estabilizantes (E-450, E451), lactosa, dextrosa, antioxidantes (E-331, E-301), aroma, gelificantes (E-407, E-410), aroma de humo y extracto de especias).\n* porcentaje referido al momento de incorporación Puede contener trazas de apio, huevo, mostaza y moluscos"],"conservation":" Se recomienda conservar en lugar fresco, seco y ventilado. Proteger de olores agresivos","ean":"8433329083546"},{"full_name":"EL CORTE INGLES arroz con calamares y ajetes receta exclusiva bandeja 300 g","name":"arroz con calamares y ajetes receta exclusiva bandeja 300 g","brand":"EL CORTE INGLES ","img":"https://sgfm.elcorteingles.es/SGFM/dctm/MEDIA03/201712/04/00118032900526____1__600x600.jpg","price":"2,95 €","price_unit":"(10,54 € / Kilo)","categories":["Supermercado","Alimentación General","Platos preparados","Platos preparados de arroz","EL CORTE INGLES arroz con calamares y ajetes receta exclusiva bandeja 300 g"],"general_information":["Denominación del alimento: Arroz con calamares y ajetes","Nombre del operador: Elaborado para\nEl Corte Inglés\npor Clavo Food Factory S.A.\nBemil s/n 36650 Caldas de Reis\nPontevedra- España","Cantidad Neta: 300 g","Número de raciones por envase: Contiene una p"],"ingredients":[" Ingredientes: \nCaldo [agua, tomate frito (tomates, aceite de girasol, almidón modificado de maíz, azúcar y sal), sal, caldo de pescado deshidratado (sal, fécula de maíz,potenciador del sabor (E-621), azúcar, grasa vegetal parcialmente hidrogenada de palma, extracto de proteínas de soja, extracto de levadura, aroma de pescado, gamba deshidratada, cebolla, colorantes (E-150d, E-160c), especias), pimiento choricero (pimiento choricero y acidulante (E-330)),pimentón dulce, colorante (E-101ii)], arroz (26%*), sofrito [pimiento rojo y verde, aceite de girasol y preparado de ajo (contiene sulfitos)(ajo, sal y antioxidante (E-330))], calamares (9%*) y ajetes (3%*).\n* porcentaje referido al momento de incorporación Puede contener trazas de gluten, huevo, leche, apio y mostaza"],"conservation":" Se recomienda conservar en lugar fresco, seco y ventilado. Proteger de olores agresivos","ean":"8433329083539"},{"full_name":"CARRETILLA arroz con pollo al curry envase 300 g","name":"arroz con pollo al curry envase 300 g","brand":"CARRETILLA ","img":"https://sgfm.elcorteingles.es/SGFM/dctm/MEDIA03/201709/14/00118032900401____2__600x600.jpg","price":"2,58 €","price_unit":"(8,60 € / Kilo)","categories":["Supermercado","Alimentación General","Platos preparados","Platos preparados de arroz","CARRETILLA arroz con pollo al curry envase 300 g"],"general_information":["Denominación del alimento: Arroz con pollo al curry","Nombre del operador: Ind. Alim. de Navarra, S.A.U.","Dirección del operador: Pol.Peñalfons, s/n. 31330 Villafranca. Navarra - España","Cantidad Neta: 300 g"],"ingredients":[" Arroz blanco cocido (65%), pollo (18%) [pollo, almidón nativo de tapioca, azúcar, dextrosa, almidón modificado de maíz, suero de leche, leche desnatada, estabilizante (difosfato sódico) y aroma], aceite de oliva, curry (2%) [aceite de girasol, mezcla de especias (contiene mostaza), vinagre, ajo, cebolla, tomate, sal y azúcar], aroma natural (gluten y soja), preparado lácteo [nata, leche desnatada en polvo y estabilizante (E-450)], sal y lecitina de soja."],"conservation":" Mantener en lugar fresco y seco.","ean":"8410416008361"},{"full_name":"CARRETILLA paella marinera estuche 250 g","name":"paella marinera estuche 250 g","brand":"CARRETILLA ","img":"https://sgfm.elcorteingles.es/SGFM/dctm/MEDIA03/201607/13/00118032900054____2__600x600.jpg","price":"1,98 €","price_unit":"(7,92 € / Kilo)","categories":["Supermercado","Alimentación General","Platos preparados","Platos preparados de arroz","CARRETILLA paella marinera estuche 250 g"],"general_information":["Denominación del alimento: Paella marinera","Nombre del operador: Ind. Alim. de Navarra, S.A.U.","Dirección del operador: Pol.Peñalfons, s/n. 31330 Villafranca. Navarra - España","Cantidad Neta: 250 g","Otras menciones obligatorias en la etiqueta: Envasado en atmósfera protectora."],"ingredients":[" Arroz cocido (68%), hortalizas (12%) (pimiento rojo, guisantes, cebolla y tomate), marisco (10%) [calamar (molusco), mejillón, gambas (gamba y estabilizantes: E-451 y E-452)], aceite de girasol, aroma natural (pescado y crustáceo), sal, aroma y extracto de azafrán. Contiene crustáceos, pescado y moluscos. Puede contener trazas de huevo, soja, leche y derivados, apio y mostaza."],"conservation":" No necesita frío para su conservación. Conservar en ambiente fresco y seco.","ean":"8410416005063"},{"full_name":"CARRETILLA paella de verduras y pollo estuche 250 g","name":"paella de verduras y pollo estuche 250 g","brand":"CARRETILLA ","img":"https://sgfm.elcorteingles.es/SGFM/dctm/MEDIA03/201607/13/00118032900047____2__600x600.jpg","price":"1,96 €","price_unit":"(7,84 € / Kilo)","categories":["Supermercado","Alimentación General","Platos preparados","Platos preparados de arroz","CARRETILLA paella de verduras y pollo estuche 250 g"],"general_information":["Denominación del alimento: Paella de verduras y pollo","Nombre del operador: Ind. Alim. de Navarra, S.A.U.","Dirección del operador: Pol.Peñalfons, s/n. 31330 Villafranca. Navarra - España","Cantidad Neta: 250 g","Otras menciones obligatorias en la etiqueta: Envasado en atmósfera protectora."],"ingredients":[" Arroz cocido, hortalizas (judía verde, cebolla, champiñon y pimiento rojo), aceite de girasol, pollo (5%)(pechuga de pollo, agua, sal, azúcar y estabilizantes: E-451i y E-407), aromas (gluten, huevo y soja), tomate, sal y extracto de azafrán. Contiene gluten, huevo y soja. Puede contener trazas de crustáceos, pescado, leche y derivados, apio, mostaza y moluscos."],"conservation":" No necesita frío para su conservación. Conservar en ambiente fresco y seco.","ean":"8410416005070"},{"full_name":"CARRETILLA arroz tres delicias estuche 250 g","name":"arroz tres delicias estuche 250 g","brand":"CARRETILLA ","img":"https://sgfm.elcorteingles.es/SGFM/dctm/MEDIA03/201607/13/00118032900351____1__600x600.jpg","price":"2,00 €","price_unit":"(8 € / Kilo)","categories":["Supermercado","Alimentación General","Platos preparados","Platos preparados de arroz","CARRETILLA arroz tres delicias estuche 250 g"],"general_information":["Denominación del alimento: Arroz 3 delicias","Nombre del operador: Ind. Alim. de Navarra, S.A.U.","Dirección del operador: Pol.Peñalfons, s/n. 31330 Villafranca. Navarra - España","Cantidad Neta: 250 g","Otras menciones obligatorias en la etiqueta: Envasado en atmósfera protectora."],"ingredients":[" Arroz cocido (67%), hortalizas (15%) (guisantes y zanahoria), jamón cocido (5%), gambas (3%) (crustáceos), tortilla francesa (5%)(huevo), aceite de oliva (4%), aroma natural (apio), sal, y vino blanco. Ingredientes del jamón cocido: jamón de cerdo, agua, sal, azúcar, estabilizantes(trifosfato pentasódico y carragenato), antioxidante (eritorbato sódico) y especias. Ingredientes gambas: gamba y estabilizantes (E-451 y E-452). Ingredientes tortilla  francesa: huevo, agua, aceite de girasol, almidón modificado de maíz, sal y cúrcuma. Contiene crustáceos, huevo y apio. Puede contener trazas de pescado, soja, leche y derivados, mostaza, sulfitos y moluscos."],"conservation":" No necesita frío para su conservación. Conservar en ambiente fresco y seco.","ean":"8410416005797"},{"full_name":"CARRETILLA risotto de setas estuche 250 g","name":"risotto de setas estuche 250 g","brand":"CARRETILLA ","img":"https://sgfm.elcorteingles.es/SGFM/dctm/MEDIA03/201705/17/00118032900344____2__600x600.jpg","price":"2,08 €","price_unit":"(8,32 € / Kilo)","categories":["Supermercado","Alimentación General","Platos preparados","Platos preparados de arroz","CARRETILLA risotto de setas estuche 250 g"],"general_information":["Denominación del alimento: Risotto de setas cultivadas (Agaricus Bisporus, Pleurotus ostreatus, Lentinula edodes y Pholiota nameko)","Nombre del operador: Ind. Alim. de Navarra, S.A.U.","Dirección del operador: Pol.Peñalfons, s/n. 31330 Villafranca. Navarra - España","Cantidad Neta: 300 g","Otras menciones obligatorias en la etiqueta: Envasado en atmósfera protectora."],"ingredients":[" Arroz cocido (65%), preparado lácteo [nata, leche desnatada en polvo y estabilizante (E-450)], setas cultivadas (7%) [champiñón (Agaricus Bisporus), seta ostra (Pleurotus ostreatus), shiitake (Lentinula edodes) y nameko (Pholiota nameko)], cebolla, queso tipo cheddar [queso en polvo, del cual 50% cheddar y emulgente (E-339)], aroma natural (gluten y soja), sal, aceite de girasol, estabilizante (goma xantana), pimienta blanca y aroma (lácteos).Contiene gluten, soja y leche y derivados. Puede contener trazas de crustáceos, huevo, pescado, apio, sulfitos, moluscos y mostaza."],"conservation":" Mantener en lugar fresco y seco. No necesita frío para su conservación.","ean":"8410416007272"},{"full_name":"CARRETILLA arroz negro con calamares envase 300 g","name":"arroz negro con calamares envase 300 g","brand":"CARRETILLA ","img":"https://sgfm.elcorteingles.es/SGFM/dctm/MEDIA02/CONTENIDOS/201505/05/00118032900393____1__600x600.jpg","price":"2,50 €","price_unit":"(8,33 € / Kilo)","categories":["Supermercado","Alimentación General","Platos preparados","Platos preparados de arroz","CARRETILLA arroz negro con calamares envase 300 g"],"general_information":["Denominación del alimento: Arroz negro con calamares","Nombre del operador: Ind. Alim. de Navarra, S.A.U.","Dirección del operador: Pol.Peñalfons, s/n. 31330 Villafranca. Navarra - España","Cantidad Neta: 300 g"],"ingredients":[" Arroz blanco cocido (80%), calamar 8% (molusco), cebolla, aceite de oliva, vino blanco, tinta de sepia (1%) (tinta, agua, sal, espesante: E-466), aroma natural (pescado y crustáceo), sal, aroma y lecitina de soja. Contiene: crustáceos, pescado, soja y moluscos. Puede contener: huevo, leche y derivados, apio y mostaza."],"conservation":" Mantener en lugar fresco y seco.","ean":"8410416008347"},{"full_name":"SOS arroz negro con chipirones envase 955 g","name":"arroz negro con chipirones envase 955 g","brand":"SOS ","img":"https://sgfm.elcorteingles.es/SGFM/00/28/6/0118032900286/0118032900286000g01011.jpg","price":"6,09 €","price_unit":"(6,38 € / Kilo)","categories":["Supermercado","Alimentación General","Platos preparados","Platos preparados de arroz","SOS arroz negro con chipirones envase 955 g"],"general_information":["Denominación del alimento: Arroz negro con chipirones.","Nombre del operador: Herba Ricemills. S.L.U.","Dirección del operador: C/ Real. 43 - 41920 San Juan de Aznalfarache (Sevilla)","Cantidad Neta: 955 g"],"ingredients":[" Lata grande. Fondo (83%): caldo de pescado (78%) [agua. albur. rape. cebolla. y camarón]. chipirón. (12%). tomate. aceite de oliva virgen extra. carne de buey de mar. tinta de calamar (1%). sal. ajo y pimentón. Lata pequeña. Arroz (17%): arroz Sos."],"conservation":" No requiere refrigeración. Conservar en lugar fresco y seco.","ean":"8410184022064"},{"full_name":"SOS arroz ibérico envase 955 g","name":"arroz ibérico envase 955 g","brand":"SOS ","img":"https://sgfm.elcorteingles.es/SGFM/00/29/4/0118032900294/0118032900294000g01011.jpg","price":"5,35 €","price_unit":"(5,60 € / Kilo)","categories":["Supermercado","Alimentación General","Platos preparados","Platos preparados de arroz","SOS arroz ibérico envase 955 g"],"general_information":["Denominación del alimento: Arroz ibérico.","Nombre del operador: Herba Ricemills. S.L.U.","Dirección del operador: C/ Real. 43 - 41920 San Juan de Aznalfarache (Sevilla)","Cantidad Neta: 955 g"],"ingredients":[" Lata grande. Fondo (83%): caldo (82%) [agua. carrillada de cerdo. alitas de pollo. judías verdes. cardo. cebolla. pimiento verde. tomate. aceite de oliva virgen extra. pimiento choricero. extracto de azafrán y ajo]. panceta de cerdo (7%). guisantes (3%). alubia blanca (3%). pimiento rojo (2%). chorizo ibérico (2%) [cerdo ibérico. especias. dextrina. emulgentes: E-450. E-451 y E-452. antioxidante: E-300 y conservantes: E-250 y E-252]. morcilla ibérica (1%) [cerdo ibérico. patata. arroz. cebolla. sangre de cerdo. sal. especias. proteína cárnica. aromas. dextrosa. ajo. leche desnatada. conservantes: E-250 y E-2429. antioxidante: E-301  y E-3321. colorante: E-124 y conservantes: E-202 y E-235]. Lata pequeña. Arroz (17%): arroz Sos. Contiene leche y cereales que contienen gluten."],"conservation":" No requiere refrigeración. Conservar en lugar fresco y seco.","ean":"8410184022071"},{"full_name":"SOS arroz meloso de boletus envase 955 g","name":"arroz meloso de boletus envase 955 g","brand":"SOS ","img":"https://sgfm.elcorteingles.es/SGFM/00/36/9/0118032900369/0118032900369000g01011.jpg","price":"5,35 €","price_unit":"(5,60 € / Kilo)","categories":["Supermercado","Alimentación General","Platos preparados","Platos preparados de arroz","SOS arroz meloso de boletus envase 955 g"],"general_information":["Denominación del alimento: Arroz melosos con boletus.","Nombre del operador: Herba Ricemills. S.L.U.","Dirección del operador: C/ Real. 43 - 41920 San Juan de Aznalfarache (Sevilla)","Cantidad Neta: 915 g"],"ingredients":[" Lata grande. Fondo 87%: caldo de boletus (89%) [agua. pato. pollo. cebolla. pimiento verde. boletus (10%).tomate. aceite de oliva virgen extra. pimiento rojo asado. zanahoria. sal. vino blanco. aroma. ajo. especias]. champiñón (10%). gírgola (1%). Lata pequeña. Arroz (17%): Arroz Sos."],"conservation":" No requiere refrigeración. Conservar en lugar fresco y seco.","ean":"8410184022095"},{"full_name":"BRILLANTE arroz para sushi envase 400 g","name":"arroz para sushi envase 400 g","brand":"BRILLANTE ","img":"https://sgfm.elcorteingles.es/SGFM/dctm/MEDIA03/201705/10/00118005500618____6__600x600.jpg","price":"2,20 €","categories":["Supermercado","Alimentación General","Platos preparados","Platos preparados de arroz","BRILLANTE arroz para sushi envase 400 g"],"general_information":["Denominación del alimento: Arroz sushi","Nombre del operador: Herba Ricemills. S.L.U.","Dirección del operador: C/ Real. 43 - 41920 San Juan de Aznalfarache (Sevilla)","Cantidad Neta: 400 g"],"ingredients":[" Arroz precocido (97%), agua, aceite de girasol, sal, corrector de acidez: E-575, emulgente: lecitina de girasol"],"conservation":" No requiere refrigeración. Conservar en luigar fresco y seco","ean":"8410184031486"},{"full_name":"BRILLANTE Benefit 3 arroces quinoa y verdura envase 200 g","name":"Benefit 3 arroces quinoa y verdura envase 200 g","brand":"BRILLANTE ","img":"https://sgfm.elcorteingles.es/SGFM/dctm/MEDIA03/201705/08/00200105500631____1__600x600.jpg","price":"1,35 €","categories":["Supermercado","Alimentación General","Platos preparados","Platos preparados de arroz","BRILLANTE Benefit 3 arroces quinoa y verdura envase 200 g"],"general_information":["Denominación del alimento: Benefit 3 arroces quinoa y verduras","Nombre del operador: Herba Ricemills. S.L.U.","Dirección del operador: C/ Real. 43 - 41920 San Juan de Aznalfarache (Sevilla)","Cantidad Neta: 200 g"],"ingredients":[" Arroces (56%) (arroz largo vaporizado, arroz rojo integral, arroz salvaje), quinoa blanca (17%), lentejas (7%), vegetales (14%) (zanahoria , maiz), aceite de oliva virgen extra, sal, zumo de limón, estabilizador: carragenano, hierbas aromáticas, aromas, azucar, emulgente: lecitina de girasol."],"conservation":" Conservar a temperatura ambiente en lugar fresco y seco.","ean":"8410184032025"},{"full_name":"BRILLANTE A la sartén arroz campero envase 420 g","name":"A la sartén arroz campero envase 420 g","brand":"BRILLANTE ","img":"https://sgfm.elcorteingles.es/SGFM/dctm/MEDIA03/201606/01/00200132900440____2__600x600.jpg","price":"2,93 €","categories":["Supermercado","Alimentación General","Platos preparados","Platos preparados de arroz","BRILLANTE A la sartén arroz campero envase 420 g"],"general_information":["Denominación del alimento: Arroz campero","Nombre del operador: Herba Ricemills, S.L.U.","Dirección del operador: C/ Real, 43 - 41920 San Juan de Aznalfarache (Sevilla)","Cantidad Neta: 420 g"],"ingredients":[" Vaso pequeño: Arroz: arroz (50%). caldo de pollo y chorizo* (50%). emugente: lecitina de girasol. Vaso grande: Fondo: caldo de pollo y chorizo* (77%). verduras (10%) (judía verde. guisantes. alubia blanca y pimiento rojo). pollo hervido (10%). chorizo (3%) (magro y tocino de cerdo ibérico. sal. especias. azúcar. lactosa. dextrina. emulgentes: E-450 y E_45. proteinas lácteas (leche) y de soja. antioxidante: E-300. conservantes: E-250 y E-252. colorante: E-120 y potenciador del sabor: E-621)  *Caldo de pollo y chorizo: agua. alitas y espinazo de pollo. tomate. cardo. judía verde. aceite de oliova virgen extra.  cebolla. pimiento verde. sal. colorante: beta_caroteno. pimiento choricero. ajo y cúrcuma. Alérgenos: Contiene leche y soja. Puede contener trazas de gluten y huevo."],"conservation":" Conservar a temperatura ambiente en lugar fresco y seco.","ean":"8410184029810"},{"full_name":"EL MOSQUI caldo con sofrito para arroz caldero 2 raciones envase 750 g","name":"caldo con sofrito para arroz caldero 2 raciones envase 750 g","brand":"EL MOSQUI ","img":"https://sgfm.elcorteingles.es/SGFM/00/25/2/0118032900252/0118032900252000g01011.jpg","price":"7,52 €","price_unit":"(10,03 € / Kilo)","categories":["Supermercado","Alimentación General","Platos preparados","Platos preparados de arroz","EL MOSQUI caldo con sofrito para arroz caldero 2 raciones envase 750 g"],"general_information":["Denominación del alimento: Caldo para arroz caldero","Nombre del operador: El Mosqui Gourmet, S.L.","Dirección del operador: Pol. Ind. Cabezo Beaza, Parcdela 89  C/Dublin, s/n  Cartagena  (Murcia)","Cantidad Neta: 750 g"],"ingredients":[" CALDO: Agua, Pescado variado caldo (morralla), pimiento rojo seco  (ñora), sal, tomate concentrado, aceite de oliva virgen extra, ajo y zumo de limón. ARROZ: Arroz redondo"],"conservation":" Conservese en lugar fresco y seco. Una vez abierto se recomienda guardar refrigerado y consumir antes de 3 días.","ean":"8425107001002"},{"full_name":"FERRER arroz a banda estuche 1030 g","name":"arroz a banda estuche 1030 g","brand":"FERRER ","img":"https://sgfm.elcorteingles.es/SGFM/dctm/MEDIA02/CONTENIDOS/201409/22/00118032900120____1__600x600.jpg","price":"5,69 €","price_unit":"(5,52 € / Kilo)","categories":["Supermercado","Alimentación General","Platos preparados","Platos preparados de arroz","FERRER arroz a banda estuche 1030 g"],"general_information":["Denominación del alimento: Arroz a banda","Nombre del operador: Ferrer tradicional, S.L.","Dirección del operador: Pol.  Ind.  Sta. Anna, Crta. Santpedor a Navarcles, Km4  -08251 Santpedor (Barcelona)","Cantidad Neta: 820,0 g"],"ingredients":[" Caldo de pescado (agua, bacalao, extracto de gamba, sal, azúcar, tomate, vino blanco, zanahoria, puerro, ajo y aromas), Dosidicus gigas, Loligo spp. y sofrito (cebolla, tomate, aceite de oliva (3%), aceite de girasol, ajo, almendras, avellanas."],"conservation":" Conservar en lugar fresco y seco.","ean":"8411026012090"},{"full_name":"KNORR Arroz Pot pollo teriyaki vaso 81 g","name":"Arroz Pot pollo teriyaki vaso 81 g","brand":"KNORR ","img":"https://sgfm.elcorteingles.es/SGFM/dctm/MEDIA03/201710/25/00200136001674____1__600x600.jpg","price":"1,80 €","price_unit":"(22,22 € / Kilo)","categories":["Supermercado","Alimentación General","Platos preparados","Platos preparados de arroz","KNORR Arroz Pot pollo teriyaki vaso 81 g"],"general_information":["Denominación del alimento: Preparado deshidratado de arroz con salsa al teriyaki","Nombre del operador: Unilever España S.A.","Dirección del operador: C/Tecnología 19, 08840 Viladecans (Barcelona)","Cantidad Neta: 81 g"],"ingredients":[" Arroz (73%), almidón de patata, grasa de palma, azúcar, puré de tomate¹, maltodextrina, sal, pollo (2%), manzana¹, salsa de soja (1,1%) (soja, trigo), zanahoria¹ (0,9%), aromas (contiene apio), extracto de levadura, pimiento rojo, cebollino¹, especias, jarabe de caramelo, zumo de limón. Puede contener huevo y leche. ¹Cultivados de forma sostenible."],"conservation":" Conservar en un lugar fresco y seco","ean":"8714100773505"},{"full_name":"KNORR Arroz Pot curry vaso 87 g","name":"Arroz Pot curry vaso 87 g","brand":"KNORR ","img":"https://sgfm.elcorteingles.es/SGFM/dctm/MEDIA03/201612/28/00118005500592____2__600x600.jpg","price":"1,65 €","price_unit":"(18,97 € / Kilo)","categories":["Supermercado","Alimentación General","Platos preparados","Platos preparados de arroz","KNORR Arroz Pot curry vaso 87 g"],"general_information":["Denominación del alimento: Preparado deshidratado de arroz con 29% de salsa al curry","País de origen: Alemania","Cantidad Neta: 87 g","Número de raciones por envase: 1"],"ingredients":[" Ingredientes: Arroz (71%), grasa de palma, jarabe de glucosa, hortalizas (3,9%) (cebolla¹, pimiento verde¹, pimiento rojo (17%), guisantes¹, puerro¹, zanahoria¹), almidón de patata, curry (2,9%) (cilantro, comino, cúrcuma, pimienta, anís, canela, semilla de hinojo, jengibre, raíz de levístico, pimienta de cayena, pimienta de Jamaica), extracto de levadura, sal, azúcar, aromas (contiene TRIGO, APIO y LECHE), proteínas de la LECHE, perejil¹. Puede contener huevo.     \n¹Cultivadas de forma sostenible."],"conservation":" Conservar en un lugar fresco y seco.","ean":"8714100677865"},{"full_name":"ROYAL CHEF paella mixta familiar envase 1 kg","name":"paella mixta familiar envase 1 kg","brand":"ROYAL CHEF ","img":"https://sgfm.elcorteingles.es/SGFM/dctm/MEDIA02/CONTENIDOS/201505/13/00118850501984____1__600x600.jpg","price":"5,99 €","price_unit":"(5,99 € / Kilo)","categories":["Supermercado","Alimentación General","Platos preparados","Platos preparados de arroz","ROYAL CHEF paella mixta familiar envase 1 kg"],"general_information":["Denominación del alimento: Paella Mixta Familiar","Nombre del operador: I.C. Royal Chef S.L.","Dirección del operador: Pol. Ind. El Raso, c/ Matilla 3 - 13196 Picon (Ciudad Real)","Cantidad Neta: 1000 g"],"ingredients":[" Arroz, agua, calamar (pota, estabilizantes E-339 y E-450, antioxidantes E-301 y E-331) pollo, langostino (antioxidante E-223), tomate, guisantes, aceite de oliva y girasol, pimiento rojo, cebolla, sal, ajo, pimenton dulce, azafrán y harina de maiz, dextrosa, aromas, extracto de levadura, acidulante (acido cítrico), especias y hierbas aromáticas. Contiene pescado, crustaceos, molusco y sulfitos. Puede contener trazas de leche y huevo"],"conservation":" Conservar refrigerado entre 0 y 4 grados centígrados","ean":"8436038052957"},{"full_name":"ROYAL CHEF paella mixta 1 ración envase 350 g","name":"paella mixta 1 ración envase 350 g","brand":"ROYAL CHEF ","img":"https://sgfm.elcorteingles.es/SGFM/dctm/MEDIA02/CONTENIDOS/201504/21/00118850501976____1__600x600.jpg","price":"2,95 €","price_unit":"(8,43 € / Kilo)","categories":["Supermercado","Alimentación General","Platos preparados","Platos preparados de arroz","ROYAL CHEF paella mixta 1 ración envase 350 g"],"general_information":["Denominación del alimento: Paella Mixta","Nombre del operador: I.C. Royal Chef S.L.","Dirección del operador: Pol. Ind. El Raso, c/ Matilla 3 - 13196 Picon (Ciudad Real)","Cantidad Neta: 350 g"],"ingredients":[" Arroz, agua, pota (estabilizantes E-339 y E-450, antioxidantes E-301y E-331), pollo, langostino ( antioxidante E-223, contiene sulfitos), tomate, guisantes, aceite de oliva y girasol, pimiento rojo, cebolla, sal, ajo, pimentón dulce, azafrán y harina de maíz,  dextrosa, aromas, extracto de levadura, acidulante (ácido cítrico), especias y hierbas aromáticas.Contiene pescado y crustáceos."],"conservation":" Conservar refrigerado entre 0 y 4 grados centígrados","ean":"8436038052322"},{"full_name":"ROYAL CHEF arroz negro 1 ración envase 350 g","name":"arroz negro 1 ración envase 350 g","brand":"ROYAL CHEF ","img":"https://sgfm.elcorteingles.es/SGFM/dctm/MEDIA02/CONTENIDOS/201407/21/00118850501273____1__600x600.jpg","price":"3,10 €","price_unit":"(8,86 € / Kilo)","categories":["Supermercado","Alimentación General","Platos preparados","Platos preparados de arroz","ROYAL CHEF arroz negro 1 ración envase 350 g"],"general_information":["Denominación del alimento: Arroz Negro","Nombre del operador: I.C. Royal Chef S.L.","Dirección del operador: Pol. Ind. El Raso, c/ Matilla 3 - 13196 Picon (Ciudad Real)","Cantidad Neta: 350 g"],"ingredients":[" Arroz, agua, pota ( estabilizantes E-339, E-450, antioxidantes E-301, E-331), gamba (estabilizantes E-451, E-452, antioxidante E-223, contiene sulfitos), mejillón, tomate, aceite de oliva y girasol, cebolla, sal, ajo, pimentón dulce, dextrosa, aromas, extracto de levadura, acidulante (ácido cítrico), especias y hierbas aromáticas, tinta de sepia (contiene moluscos y puede contener trazas de crustáceos, pescados, leche y apio), maltodextrina, almidón de tapioca. Contiene: pescado y crustáceos."],"conservation":" Conservar refrigerado entre 0 y 4 grados centígrados","ean":"8436038052872"},{"full_name":"ROYAL CHEF risotto de setas con aceite de oliva paquete 280 g","name":"risotto de setas con aceite de oliva paquete 280 g","brand":"ROYAL CHEF ","img":"https://sgfm.elcorteingles.es/SGFM/dctm/MEDIA03/201602/17/00118850502131____1__600x600.jpg","price":"3,10 €","price_unit":"(11,07 € / Kilo)","categories":["Supermercado","Alimentación General","Platos preparados","Platos preparados de arroz","ROYAL CHEF risotto de setas con aceite de oliva paquete 280 g"],"general_information":["Denominación del alimento: Risotto de Setas","Nombre del operador: I.C. Royal Chef S.L.","Dirección del operador: Pol. Ind. El Raso, c/ Matilla 3 - 13196 Picon (Ciudad Real)","Cantidad Neta: 280 g"],"ingredients":[" Arroz, agua, vino, setas (seta de cardo, boletus, gírgola, shiltake y nameco), queso curado (90% leche pasteurizada y 10% leche cruda), aceite de oliva, manteequilla, cebolla, sal, ajo, dextrosa, aromas, hortalizas y verduras deshidratadas, grasa vegetal, acidulante (acido citrico), especias y hierbas aromáticas. Contiene: leche, sulfitos y lisozima de huevo. Puede contener trazas de crustáceo, molusco, pescado"],"conservation":" Conservar refrigerado entre 0 y 4 grados centígrados","ean":"8436038053510"},{"full_name":"ROYAL CHEF arroz con pollo al curry envase 300 g","name":"arroz con pollo al curry envase 300 g","brand":"ROYAL CHEF ","img":"https://sgfm.elcorteingles.es/SGFM/dctm/MEDIA03/201706/13/00118850502321____1__600x600.jpg","price":"2,95 €","price_unit":"(9,83 € / Kilo)","categories":["Supermercado","Alimentación General","Platos preparados","Platos preparados de arroz","ROYAL CHEF arroz con pollo al curry envase 300 g"],"general_information":[],"ingredients":[],"ean":"8436038053862"},{"full_name":"BO DE DEBO paella envase 300 g","name":"paella envase 300 g","brand":"BO DE DEBO ","price":"4,11 €","price_unit":"(13,70 € / Kilo)","categories":["Supermercado","Alimentación General","Platos preparados","Platos preparados de arroz","BO DE DEBO paella envase 300 g"],"general_information":["Denominación del alimento: Paella.","Nombre del operador: Bo De Debo S.A.","Dirección del operador: c/ Mª Aurèlia Capmany s/n  (08295 Sant Vicenç de Castellet).","Cantidad Neta: 300,0 g","Otras menciones obligatorias en la etiqueta: Envasado en Atmósfera Modificada."],"ingredients":[" Arroz cocido (arroz y agua), caldo de pescado (agua, hortalizas (cebolla, ajo, tomate, puerro, patata y zanahoria), sal, aromas (contiene gluten, leche, apio y soja), potenciadores del sabor: E621, E635; pescado, almidón modificado de maíz, aceite de girasol, extracto de levadura, colorantes: E160c; estabilizante: E415; especies), aceite de orujo de oliva, anillas de pota de calamar, tomate frito (aceite de girasol, azúcar, fécula de maíz, sal, cebolla y ajo, planchas de sípia, gamba pelada (gamba pelada sin cabeza, estabilizantes E_451, E-452, conservante E-223(metabisulfito de sodio)), vianda de mejillón, cebolla, pimiento verde, pimiento rojo, ajo, especies, sal y conservador: sorbato de potasio. En nuestras instalaciones manipulamos productos que contienen: cacahuetes, huevos, frutos de cáscara, mostaza y sésamo."],"conservation":" Una vez abierto conservar entre 0-4°C, protegido con un  film y consumir en máximo 2 dias.","ean":"8436031601114"},{"full_name":"BO DE DEBO arroz de montaña envase 300 g","name":"arroz de montaña envase 300 g","brand":"BO DE DEBO ","img":"https://sgfm.elcorteingles.es/SGFM/dctm/MEDIA03/201703/13/00118850502149____1__600x600.jpg","price":"4,11 €","price_unit":"(13,70 € / Kilo)","categories":["Supermercado","Alimentación General","Platos preparados","Platos preparados de arroz","BO DE DEBO arroz de montaña envase 300 g"],"general_information":["Denominación del alimento: Arroz Montaña.","Nombre del operador: Bo De Debo S.A.","Dirección del operador: c/ Mª Aurèlia Capmany s/n  (08295 Sant Vicenç de Castellet).","Cantidad Neta: 300 g","Otras menciones obligatorias en la etiqueta: Envasado en Atmósfera Modificada."],"ingredients":[" Arroz cocido 56%, verduras asadas 17% (calabacín, pimiento rojo, berengena, alcachofa, cebolla, espárrago y aceite de girasol), carne de pollo 10%,  caldo de pollo (agua, sal, potenciadors del sabor (E-621, E-635), aromas (contienen huevo y apio), almidón modificado de maíz, grasa de cerdo, leche entera en polvo, aceite de girasol,  extracto de carne, carne de pollo, apio, puerro, cebolla, zanahoria,  patata, extracto de levadura, estabilizante: goma xantana, especies), aceite de orujo de oliva, ajo , especies, tomate  frito  (aceite de girasol, azúcar,  fécula de maíz, sal, cebolla y ajo). En nuestras instalaciones manipulamos productos que contienen: gluten, crustáceos, pescado, cacahuetes, soja, frutos de cáscara, mostaza, sésamo, sulfitos y moluscos."],"conservation":" Una vez abierto conservar entre 0-4°C, protegido con un  film y consumir en máximo 2 dias.","ean":"8436031601435"},{"full_name":"TA-TUNG arroz tres delicias envase 350 g","name":"arroz tres delicias envase 350 g","brand":"TA-TUNG ","img":"https://sgfm.elcorteingles.es/SGFM/dctm/MEDIA03/201602/04/00118850501604____3__600x600.jpg","price":"2,99 €","price_unit":"(8,54 € / Kilo)","categories":["Supermercado","Alimentación General","Platos preparados","Platos preparados de arroz","TA-TUNG arroz tres delicias envase 350 g"],"general_information":["Denominación del alimento: Arroz 3 delicias","País de origen: España","Nombre del operador: Ta-Tung platos precocinados, S.L.","Dirección del operador: C/Corominas, 37 - 08902 L'Hospitalet de Llobregat (Barcelona)","Cantidad Neta: 350 g","Número de raciones por envase: 2","Otras menciones obligatorias en la etiqueta: Producto apto para congelar. Envasado en atmósfera protectora. Apto para celíacos. Contiene menos de 5 mg/kg de gluten."],"ingredients":[" Arroz (62%), huevo líquido pasteurizado (8%), paleta york (8%) (paleta de cerdo, agua, fécula de patata, sal, conservadores (lactato potásico, diacetato sódico, nitrito sódico), proteína de cerdo, estabilizadores (trifosfato sódico, carragenano, goma xantana), antioxidante (eritorbato sódico), aroma, aroma de humo, y colorante natural (cochinilla)), zanahoria (6%), guisantes (4%), cebolla (3%), aceite de girasol, salsa de soja (agua, soja, harina de trigo, sal, conservador (sorbato potásico)), sal y acidulantes (lactato potásico y diacetato sódico).Contiene: soja y huevo."],"conservation":" Mantener entre 0-4°C","ean":"8437000752066"},{"full_name":"TA-TUNG menú arroz tres delicias y pollo con almendras envase 350 g","name":"menú arroz tres delicias y pollo con almendras envase 350 g","brand":"TA-TUNG ","img":"https://sgfm.elcorteingles.es/SGFM/dctm/MEDIA03/201602/04/00118850501653____2__600x600.jpg","price":"3,50 €","price_unit":"(10 € / Kilo)","categories":["Supermercado","Alimentación General","Platos preparados","Platos preparados de arroz","TA-TUNG menú arroz tres delicias y pollo con almendras envase 350 g"],"general_information":["Denominación del alimento: Arroz 3 delicias y Pollo con almendras","País de origen: España","Nombre del operador: Ta-Tung platos precocinados, S.L.","Dirección del operador: C/Corominas, 37 - 08902 L'Hospitalet de Llobregat (Barcelona)","Cantidad Neta: 350 g","Número de raciones por envase: 1","Otras menciones obligatorias en la etiqueta: Producto apto para congelar. Envasado en atmósfera protectora. Apto para celíacos. Contiene menos de 5mg/kg de gluten."],"ingredients":[" Arroz 3 delicias: Arroz (62%), huevo líquido pasteurizado (8%), paleta york (8%) (Paleta de cerdo, agua, fécula de patata, sal, conservantes (lactato potásico, diacetato sódico, nitrito sódico), proteína de cerdo, estabilizadores (trifosfato sódico, carragenano, goma xantana), antioxidante (eritorbato sódico), aroma, aroma de humo, y colorante natural (cochinilla)), zanahoria (6%), guisantes (4%), cebolla, aceite de girasol, salsa de soja (agua, soja, trigo, sal, conservante (sorbato potásico)), sal y acidulantes: lactato potásico y diacetato sódico. Pollo con almendras: Carne de pollo (21%), zanahoria (6%), calabacín (5%), repollo, champiñón (3%), aceite de girasol, almendras (2%), fécula de patata, salsa de soja (agua, soja, trigo, sal, conservante (sorbato potásico)), sal, azúcar, ajo, acidulantes: lactato potásico y diacetato sódico.Contiene: soja, huevo, frutos secos (almendras)."],"conservation":" Mantener entre 0-4°C","ean":"8437000752462"},{"full_name":"CASA MAS arroz a la marinera envase 200 g","name":"arroz a la marinera envase 200 g","brand":"CASA MAS ","img":"https://sgfm.elcorteingles.es/SGFM/dctm/MEDIA02/CONTENIDOS/201506/02/00118850501992____1__600x600.jpg","price":"2,96 €","price_unit":"(14,80 € / Kilo)","categories":["Supermercado","Alimentación General","Platos preparados","Platos preparados de arroz","CASA MAS arroz a la marinera envase 200 g"],"general_information":[],"ingredients":[],"ean":"8436564910127"},{"full_name":"ISABEL filete de atún en salsa abrir y listo sobre 160 g neto escurrido","name":"filete de atún en salsa abrir y listo sobre 160 g neto escurrido","brand":"ISABEL ","img":"https://sgfm.elcorteingles.es/SGFM/dctm/MEDIA03/201711/20/00118036800102____6__600x600.jpg","price":"3,89 €","price_unit":"(24,31 € / Kilo)","categories":["Supermercado","Alimentación General","Platos preparados","Platos preparados de pescado","ISABEL filete de atún en salsa abrir y listo sobre 160 g neto escurrido"],"general_information":["Denominación del alimento: FILETES DE ATÚN CON SALSA","País de origen: Tailandia","Nombre del operador: CONSERVAS SELECTAS DE GALICIA SL","Dirección del operador: Virxe das Mareas s/n 36980 O Grove","Cantidad Neta: 160 g","Peso neto escurrido: 102 g"],"ingredients":[" Atún (64%), salsa (36%): cebolla,zanahoria, aceite de girasol, azúcar, vinagre, sal, espesante (goma guar)."],"ean":"8410111004743"},{"full_name":"ISABEL filete de atún con tomate y pimientos abrir y listo sobre 150 g neto escurrido","name":"filete de atún con tomate y pimientos abrir y listo sobre 150 g neto escurrido","brand":"ISABEL ","img":"https://sgfm.elcorteingles.es/SGFM/dctm/MEDIA03/201711/20/00118036800128____6__600x600.jpg","price":"3,85 €","price_unit":"(25,67 € / Kilo)","categories":["Supermercado","Alimentación General","Platos preparados","Platos preparados de pescado","ISABEL filete de atún con tomate y pimientos abrir y listo sobre 150 g neto escurrido"],"general_information":["Denominación del alimento: FILETES DE ATÚN CON TOMATE Y PIMIENTOS","País de origen: Tailandia","Nombre del operador: CONSERVAS SELECTAS DE GALICIA SL - CABO DE CR","Dirección del operador: Pesqueira, 171 - Cabo de Cruz 15939 Boiro","Cantidad Neta: 150 g","Peso neto escurrido: 102 g"],"ingredients":[" Atún (68%), tomate (18%), aceite de girasol, pimiento rojo (5%), azúcar, vinagre, sal, espesante (goma guar). Contiene pescado."],"ean":"8410111004750"},{"full_name":"ISABEL filete de atún con verduritas en salsa sobre 180 g neto escurrido","name":"filete de atún con verduritas en salsa sobre 180 g neto escurrido","brand":"ISABEL ","img":"https://sgfm.elcorteingles.es/SGFM/dctm/MEDIA03/201711/20/00118036800367____1__600x600.jpg","price":"2,85 €","price_unit":"(15,83 € / Kilo)","categories":["Supermercado","Alimentación General","Platos preparados","Platos preparados de pescado","ISABEL filete de atún con verduritas en salsa sobre 180 g neto escurrido"],"general_information":["Denominación del alimento: FILETE DE ATÚN CON HORTALIZAS","País de origen: Tailandia","Nombre del operador: CONSERVAS SELECTAS DE GALICIA SL","Dirección del operador: Virxe das Mareas s/n 36980 O Grove","Cantidad Neta: 180 g","Peso neto escurrido: 0 g"],"ingredients":[" Atún 44%, salsa 33% (agua, aceitede girasol, azúcar, concentrado de tomate, almidónmodificado de tapioca, sal, potenciador de sabor:extracto de levadura, espesante: goma guar, colorante: oleorresina de pimentón), mezcla de hortalizas 23% (guisantes 10%, zanahoria 9% y cebolla). Contiene pescado."],"ean":"8410111006464"},{"full_name":"ISABEL burguer de atún 2 unidades abrir y listo envase 120 g","name":"burguer de atún 2 unidades abrir y listo envase 120 g","brand":"ISABEL ","img":"https://sgfm.elcorteingles.es/SGFM/dctm/MEDIA03/201711/20/00118036800144____1__600x600.jpg","price":"3,93 €","price_unit":"(32,75 € / Kilo)","categories":["Supermercado","Alimentación General","Platos preparados","Platos preparados de pescado","ISABEL burguer de atún 2 unidades abrir y listo envase 120 g"],"general_information":["Denominación del alimento: BURGUER DE ATÚN","País de origen: Tailandia","Nombre del operador: CONSERVAS SELECTAS DE GALICIA SL","Dirección del operador: Virxe das Mareas s/n 36980 O Grove","Cantidad Neta: 150 g","Peso neto escurrido: 150 g"],"ingredients":[" Atún (52%), aceite de girasol, pan rallado (contiene trigo), harina de trigo,cebolla, huevo, azúcar, ajo, sal, perejil y espesante: goma guar. (contiene pescado, huevo y glut\"en)."],"ean":"8410111005092"},{"full_name":"ISABEL filete de atún con tomate abrir y listo sobre 150 g neto escurrido","name":"filete de atún con tomate abrir y listo sobre 150 g neto escurrido","brand":"ISABEL ","img":"https://sgfm.elcorteingles.es/SGFM/dctm/MEDIA03/201610/04/00118036800110____1__600x600.jpg","price":"3,83 €","price_unit":"(25,53 € / Kilo)","categories":["Supermercado","Alimentación General","Platos preparados","Platos preparados de pescado","ISABEL filete de atún con tomate abrir y listo sobre 150 g neto escurrido"],"general_information":["Denominación del alimento: FILETES DE ATÚN CON TOMATE","País de origen: Tailandia","Nombre del operador: CONSERVAS SELECTAS DE GALICIA SL","Dirección del operador: Virxe das Mareas s/n 36980 O Grove","Cantidad Neta: 150 g","Peso neto escurrido: 102 g"],"ingredients":[" Atún (68%), tomate (21%), aceite de girasol, azúcar, vinagre, sal, espesante (goma g\"uar). Contiene pescado."],"ean":"8410111004767"},{"full_name":"ORTIZ marmitako sobre 325 g","name":"marmitako sobre 325 g","brand":"ORTIZ ","img":"https://sgfm.elcorteingles.es/SGFM/00/06/0/0118036800060/0118036800060000g01011.jpg","price":"3,74 €","price_unit":"(11,51 € / Kilo)","categories":["Supermercado","Alimentación General","Platos preparados","Platos preparados de pescado","ORTIZ marmitako sobre 325 g"],"general_information":["Denominación del alimento: MARMITAKO","Nombre del operador: CONSERVAS ORTIZ S.A.","Dirección del operador: BASUSTA BIDEA 15 - 20750 ZUMAIA - GUIPÚZCOA - ESPAÑA","Cantidad Neta: 300 g","Peso neto escurrido: 199 g"],"ingredients":[" *Bonito del Norte, patata, cebolla, tomate, caldo, aceite de oliva virgen, pimiento verde, sal"],"ean":"8411320892701"},{"full_name":"ORTIZ bonito del norte encebollado sobre 300 g","name":"bonito del norte encebollado sobre 300 g","brand":"ORTIZ ","img":"https://sgfm.elcorteingles.es/SGFM/00/39/1/0118036800391/0118036800391000g01011.jpg","price":"4,74 €","price_unit":"(15,80 € / Kilo)","categories":["Supermercado","Alimentación General","Platos preparados","Platos preparados de pescado","ORTIZ bonito del norte encebollado sobre 300 g"],"general_information":["Denominación del alimento: BONITO ENCEBOLLADO","Nombre del operador: CONSERVAS ORTIZ S.A.","Dirección del operador: BASUSTA BIDEA 15 - 20750 ZUMAIA - GUIPÚZCOA - ESPAÑA","Cantidad Neta: 300 g","Peso neto escurrido: 199 g"],"ingredients":[" *Bonito del Norte, cebolla, aceite de oliva virgen, pimiento verde, almidón de patata, *huevo, *harina de trigo y sal"],"ean":"8411320892770"},{"full_name":"ORTIZ bonito del norte con tomate sobre 300 g","name":"bonito del norte con tomate sobre 300 g","brand":"ORTIZ ","img":"https://sgfm.elcorteingles.es/SGFM/00/40/9/0118036800409/0118036800409000g01011.jpg","price":"5,60 €","price_unit":"(18,67 € / Kilo)","categories":["Supermercado","Alimentación General","Platos preparados","Platos preparados de pescado","ORTIZ bonito del norte con tomate sobre 300 g"],"general_information":["Denominación del alimento: BONITO DEL NORTE EN SALSA DE TOMATE Y PIMIENTOS","Nombre del operador: CONSERVAS ORTIZ S.A.","Dirección del operador: BASUSTA BIDEA 15 - 20750 ZUMAIA - GUIPÚZCOA - ESPAÑA","Cantidad Neta: 300 g","Peso neto escurrido: 199 g"],"ingredients":[" *Bonito del Norte, tomate, pimiento rojo, cebolla, patata, aceite de oliva virgen, azucar, pimiento del piquillo, pimiento verde, almidón de patata, *huevo, sal y *harina de trigo"],"ean":"8411320892749"},{"full_name":"CABO DE PEÑAS bacalao a la vizcaína elaborado en Galicia lata 70 g","name":"bacalao a la vizcaína elaborado en Galicia lata 70 g","brand":"CABO DE PEÑAS ","img":"https://sgfm.elcorteingles.es/SGFM/00/23/5/0118021200235/0118021200235000g01011.jpg","price":"1,59 €","price_unit":"(22,71 € / Kilo)","categories":["Supermercado","Alimentación General","Platos preparados","Platos preparados de pescado","CABO DE PEÑAS bacalao a la vizcaína elaborado en Galicia lata 70 g"],"general_information":["Denominación del alimento: Bacalao A La Vizcaina Con Aceite De Oliva","Nombre del operador: Conservas Del Noroeste, S.A.","Dirección del operador: Acuña, S/N - 36141 Vilaboa (Pontevedra)","Cantidad Neta: 111 g","Peso neto escurrido: 70 g"],"ingredients":[" Bacalao, tomate, aceite de oliva, cebolla, harina de arroz, pimiento rojo, sal y especias"],"conservation":" Conservar en lugar fresco y seco","ean":"8411555200012"},{"full_name":"BENFUMAT brandada de bacalao bandeja 160 g","name":"brandada de bacalao bandeja 160 g","brand":"BENFUMAT ","img":"https://sgfm.elcorteingles.es/SGFM/00/43/7/0118850300437/0118850300437000g01011.jpg","price":"6,36 €","price_unit":"(39,75 € / Kilo)","categories":["Supermercado","Alimentación General","Platos preparados","Platos preparados de pescado","BENFUMAT brandada de bacalao bandeja 160 g"],"general_information":["Denominación del alimento: Brandada de bacalao","Nombre del operador: Benfumat, S.A.","Dirección del operador: Pol. El Pla, C/ Pla, 122 -08980 Sant Feliu de Llobregat (Barcelona)","Cantidad Neta: 160 g"],"ingredients":[" Bacalao (Gadus morhua), aceite de girasol, leche, agua, pimienta negra, nuez moscada, antioxidante E-301, potenciador E-621, ajo, fécula de patata (patata, E-223, E-471, E-450i, E-304i) y espesante E-450. Contiene pescado y leche. Puede contener trazas de sulfitos."],"conservation":" Consérvese en el frigorífico entre 0°C y 5°C.","ean":"8411795030165"},{"full_name":"AYAYAY pastel de cabracho de fabricación artesanal lata 150 g","name":"pastel de cabracho de fabricación artesanal lata 150 g","brand":"AYAYAY ","img":"https://sgfm.elcorteingles.es/SGFM/dctm/MEDIA02/CONTENIDOS/201410/02/00118002700104____1__600x600.jpg","price":"4,15 €","price_unit":"(27,67 € / Kilo)","categories":["Supermercado","Alimentación General","Platos preparados","Platos preparados de pescado","AYAYAY pastel de cabracho de fabricación artesanal lata 150 g"],"general_information":[],"ingredients":[],"ean":"8437000252689"},{"full_name":"AYAYAY pastel de centollo de fabricación artesanal lata 150 g","name":"pastel de centollo de fabricación artesanal lata 150 g","brand":"AYAYAY ","img":"https://sgfm.elcorteingles.es/SGFM/00/27/8/0118002700278/0118002700278000g01011.jpg","price":"4,50 €","price_unit":"(30 € / Kilo)","categories":["Supermercado","Alimentación General","Platos preparados","Platos preparados de pescado","AYAYAY pastel de centollo de fabricación artesanal lata 150 g"],"general_information":[],"ingredients":[],"ean":"8437000252337"},{"full_name":"AIMAR sopa de pescado casera tarro 1 l","name":"sopa de pescado casera tarro 1 l","brand":"AIMAR ","img":"https://sgfm.elcorteingles.es/SGFM/dctm/MEDIA02/CONTENIDOS/201510/29/00118036800474____1__600x600.jpg","price":"5,51 €","price_unit":"(5,51 € / Litro)","categories":["Supermercado","Alimentación General","Platos preparados","Platos preparados de pescado","AIMAR sopa de pescado casera tarro 1 l"],"general_information":["Denominación del alimento: Sopa de Pescado","Nombre del operador: Impex Medrano S.L.","Dirección del operador: Calle Castilla y León 4 - Pol Industrial ?Las Labradas? - 31500 Tudela (Navarra-España)","Cantidad Neta: 950 g"],"ingredients":[" Agua, pescado, tomate, puerro, zanahoria, cebolla, aceite de girasol, vino blanco (contiene sulfitos), pan (contiene gluten), gambas, mejillones, sal y especias"],"conservation":" Almacenar el producto a Temperatura ambiente (15/30°C) en un lugar fresco y seco. Una vez abierto almacenar en refrigeración 2/5°C, aconsejándose su consumo en un plazo de 48 horas.","ean":"8422474000249"},{"full_name":"SANTA TERESA pastel de centollo envase 360 g","name":"pastel de centollo envase 360 g","brand":"SANTA TERESA ","img":"https://sgfm.elcorteingles.es/SGFM/dctm/MEDIA02/CONTENIDOS/201412/03/00118850301054____1__600x600.jpg","price":"11,99 €","price_unit":"(33,31 € / Kilo)","categories":["Supermercado","Alimentación General","Platos preparados","Platos preparados de pescado","SANTA TERESA pastel de centollo envase 360 g"],"general_information":["Denominación del alimento: Pastel de centollo","País de origen: España","Nombre del operador: Yemas de Sta. Teresa S.A.","Dirección del operador: Plaza José Tomé 4 05001 Ávila","Lugar de procedencia del alimento: España"],"ingredients":[],"ean":"8422237255138"},{"full_name":"SANTA TERESA pastel de cabracho envase 170 g","name":"pastel de cabracho envase 170 g","brand":"SANTA TERESA ","img":"https://sgfm.elcorteingles.es/SGFM/00/40/3/0118850300403/0118850300403000g01011.jpg","price":"5,89 €","price_unit":"(34,65 € / Kilo)","categories":["Supermercado","Alimentación General","Platos preparados","Platos preparados de pescado","SANTA TERESA pastel de cabracho envase 170 g"],"general_information":["Denominación del alimento: Pastel de cabracho","País de origen: España","Nombre del operador: Yemas de Sta. Teresa S.A.","Dirección del operador: Plaza José Tomé 4 05001 Ávila","Lugar de procedencia del alimento: España","Número de raciones por envase: 2","Otras menciones obligatorias en la etiqueta: SIN ADITIVOS. SIN CONSERVANTES."],"ingredients":[" Cabracho (20%), merluza, cebolla, nata (contiene leche), huevo, tomate, almidón de maíz, almidón de patata, caldo de pescado (contiene marisco)."],"conservation":" Mantener entre 0° y 5° C. Una vez abierto conservar en frigorífico y consumir antes de 3 días.","ean":"8422237255015"},{"full_name":"SANTA TERESA brandada de bacalao envase 170 g","name":"brandada de bacalao envase 170 g","brand":"SANTA TERESA ","img":"https://sgfm.elcorteingles.es/SGFM/dctm/MEDIA03/201611/21/00118850301187____1__600x600.jpg","price":"5,99 €","price_unit":"(35,24 € / Kilo)","categories":["Supermercado","Alimentación General","Platos preparados","Platos preparados de pescado","SANTA TERESA brandada de bacalao envase 170 g"],"general_information":["Denominación del alimento: Brandada de Bacalao","Nombre del operador: Yemas de Santa Teresa, S.A.","Dirección del operador: Pol. Ind. Las Hervencias, Parcelas 3-4 y 3-5. 05004 ÁVILA","Cantidad Neta: 170 g"],"ingredients":[" Bacalao desalao 45% (pescado), patata, aceite de oliva virgen extra (9.2%), nata (leche), ajo, sal y especias."],"conservation":" 4 meses en frío a una temperatura de refrigeración entre 0-5°C. Una vez abierto conservar en frío entre 0-5°C y consumir antes de 3 días.","ean":"8422237255206"},{"full_name":"UMOH bacalao con salsa vizcaína frasco 425 g","name":"bacalao con salsa vizcaína frasco 425 g","brand":"UMOH ","img":"https://sgfm.elcorteingles.es/SGFM/00/41/7/0118036800417/0118036800417000g01011.jpg","price":"9,38 €","price_unit":"(22,07 € / Kilo)","categories":["Supermercado","Alimentación General","Platos preparados","Platos preparados de pescado","UMOH bacalao con salsa vizcaína frasco 425 g"],"general_information":[],"ingredients":[],"ean":"8436046905764"},{"full_name":"LITORAL patatas con migas de bacalao lata 420 g","name":"patatas con migas de bacalao lata 420 g","brand":"LITORAL ","img":"https://sgfm.elcorteingles.es/SGFM/dctm/MEDIA03/201602/19/00118033000821____1__600x600.jpg","price":"2,02 €","price_unit":"(4,81 € / Kilo)","categories":["Supermercado","Alimentación General","Platos preparados","Platos preparados de pescado","LITORAL patatas con migas de bacalao lata 420 g"],"general_information":[],"ingredients":[],"ean":"7613035552012"},{"full_name":"CASA MAS vieiras rellenas de marisco envase 420 g","name":"vieiras rellenas de marisco envase 420 g","brand":"CASA MAS ","img":"https://sgfm.elcorteingles.es/SGFM/dctm/MEDIA03/201612/20/00118850501752____2__600x600.jpg","price":"6,50 €","price_unit":"(15,48 € / Kilo)","categories":["Supermercado","Alimentación General","Platos preparados","Platos preparados de pescado","CASA MAS vieiras rellenas de marisco envase 420 g"],"general_information":[],"ingredients":[],"ean":"8437007141160"},{"full_name":"CASA MAS pastel de atún envase 260 g","name":"pastel de atún envase 260 g","brand":"CASA MAS ","img":"https://sgfm.elcorteingles.es/SGFM/dctm/MEDIA02/CONTENIDOS/201411/05/00118850501778____1__600x600.jpg","price":"3,22 €","price_unit":"(12,38 € / Kilo)","categories":["Supermercado","Alimentación General","Platos preparados","Platos preparados de pescado","CASA MAS pastel de atún envase 260 g"],"general_information":["Denominación del alimento: Pastel frio de Atún","Nombre del operador: CASA MAS ALIMENTACIÓN","Dirección del operador: Pol. Industrial el Vapor. Nau B-1,B-2 ? 08183 Castellterçol (Barcelona)","Cantidad Neta: 260 g","Otras menciones obligatorias en la etiqueta: Puede contener trazas de crustáceos, soja, leche, frutos de cáscara, apio, mostaza, sésamo, sulfitos y moluscos. Envasado en atmosfera protectora."],"ingredients":[" mayonesa (aceite de girasol, agua, yema de huevo, vinagre, azúcar, sal, estabilizadores: goma guar y goma xantana; aromas, conservante: sorbato potásico; acidulante: ácido cítrico; antioxidante: EDTA disódico y cálcico; colorante: P-caroteno), pan de molde (harina de trigo, agua, levadura, azúcar, aceite refinado de girasol, sal, gluten de trigo, almidón de maíz, harina de habas, vinagre de vino, emulgentes: ésteres diacetiltartár icos de monoglicéridos y diglicéridos, GMS, estearoil-lactato de sodio; corrector de acidez: fosfato tricálcico; antioxidante: ácido ascórbico; y conservantes: propionato cálcico y ácido sórbico),  atún  en conserva  22%  (atún, aceite de girasol y sal), tomate frito (tomate, concentrado de tomate, aceite de girasol, almidón modificado de maíz, sal, cebolla, ajo, azúcar y acidulante: ácido cítrico) y huevo duro."],"conservation":" Conservación: Envasado en atmósfera protectora. Conservar entre (0C y 4°C. Una vez. abierto, consumir en su totalidad.Forma de uso: Sacar de la nevera 10 minutos antes de consumir.","ean":"8437007142426"},{"full_name":"ROYAL crema de bacalao para untar y cocinar envase 100 g","name":"crema de bacalao para untar y cocinar envase 100 g","brand":"ROYAL ","img":"https://sgfm.elcorteingles.es/SGFM/dctm/MEDIA03/201702/07/00201050300993____13__600x600.jpg","price":"2,19 €","price_unit":"(21,90 € / Kilo)","categories":["Supermercado","Alimentación General","Platos preparados","Platos preparados de pescado","ROYAL crema de bacalao para untar y cocinar envase 100 g"],"general_information":["Denominación del alimento: Crema  de bacalao","Nombre del operador: Copesco & Sefrisa, SA","Dirección del operador: C/ Edison 11-15, Pol. Ind. Ca n'Estella 08635 Sant Esteve Sesrovires Barcelona - España","Lugar de procedencia del alimento: Bacalao (Gadus morhua) capturado con anzuelo en el Altántico Noreste ( Zona FAO 27)","Cantidad Neta: 100 g","Otras menciones obligatorias en la etiqueta: Envasado al vacío"],"ingredients":[" Agua, aceite de girasol, bacalao (21%), mezcla en polvo (proteinas de soja, proteinas lácteas, leche desnatada en polvo y dextrosa), ajo y sal. Contiene pescado, leche, proteinas de soja y proteinas lácteas. Puede contener trazas de crustáceos."],"conservation":" Conservar entre 0°C y 5°C. Una vez abierto, conservar la tarrina tapada en la nevera y consumir preferentemente antes de 3 días.","ean":"8412480268191"},{"full_name":"CASA MAS salmón con parmentier y verduras envase 275 g","name":"salmón con parmentier y verduras envase 275 g","brand":"CASA MAS ","img":"https://sgfm.elcorteingles.es/SGFM/dctm/MEDIA03/201611/30/00118850301120____1__600x600.jpg","price":"4,72 €","price_unit":"(17,16 € / Kilo)","categories":["Supermercado","Alimentación General","Platos preparados","Platos preparados de pescado","CASA MAS salmón con parmentier y verduras envase 275 g"],"general_information":[],"ingredients":[],"ean":"8437004378415"},{"full_name":"CASA MAS merluza al horno con patatas envase 250 g","name":"merluza al horno con patatas envase 250 g","brand":"CASA MAS ","img":"https://sgfm.elcorteingles.es/SGFM/dctm/MEDIA03/201611/30/00118850301112____1__600x600.jpg","price":"4,72 €","price_unit":"(18,88 € / Kilo)","categories":["Supermercado","Alimentación General","Platos preparados","Platos preparados de pescado","CASA MAS merluza al horno con patatas envase 250 g"],"general_information":[],"ingredients":[],"ean":"8437004378385"},{"full_name":"CASA MAS salpicón de marisco envase 220 g","name":"salpicón de marisco envase 220 g","brand":"CASA MAS ","img":"https://sgfm.elcorteingles.es/SGFM/dctm/MEDIA03/201708/25/00118851401671____1__600x600.jpg","price":"2,81 €","price_unit":"(12,77 € / Kilo)","categories":["Supermercado","Alimentación General","Platos preparados","Platos preparados de pescado","CASA MAS salpicón de marisco envase 220 g"],"general_information":["Denominación del alimento: Salpicón de Marisco","Nombre del operador: Casa Mas Alimentación, S.L.","Dirección del operador: Pol. Industrial el Vapor. Nau B-1,B-2 ? 08183 Castellterçol (Barcelona)","Cantidad Neta: 220 g","Otras menciones obligatorias en la etiqueta: Envasado en atmósfera protectora."],"ingredients":[" Calamar (Dosidicus gigas), aceite de girasol, cebolla, pimiento rojo, pimiento verde, surimi 12% (surimi (carne de pescado, edulcorante: sorbitol, corrector de la acidez: polifosfatos), agua, fécula de trigo, aceite vegetal, proteína de soja, sal, azúcar, clara de huevo, aroma de cangrejo, extracto de cangrejo, potenciador del sabor: glutamato de sodio, colorante: carmín), vinagre de vino (sulfitos), gamba 10% (Solenocera spp) y sal."],"conservation":" Conservar entre 0-4°C. Una vez abierto, consumir en 48 horas.","ean":"8437007140545"},{"full_name":"CASA MAS pastel de marisco envase 400 g","name":"pastel de marisco envase 400 g","brand":"CASA MAS ","img":"https://sgfm.elcorteingles.es/SGFM/dctm/MEDIA03/201708/25/00118850501760____1__600x600.jpg","price":"4,20 €","price_unit":"(10,50 € / Kilo)","categories":["Supermercado","Alimentación General","Platos preparados","Platos preparados de pescado","CASA MAS pastel de marisco envase 400 g"],"general_information":["Denominación del alimento: Pastel Frío de Marisco","Nombre del operador: Casa Mas Alimentación, S.L.","Dirección del operador: Pol. Industrial el Vapor. Nau B-1,B-2 ? 08183 Castellterçol (Barcelona)","Cantidad Neta: 400 g","Otras menciones obligatorias en la etiqueta: Envasado en atmósfera protectora."],"ingredients":[" Salsa rosa ( mayonesa, ketchup, sal y conservador: sorbato potásico), pan de molde (harina de trigo, agua, levadura, azúcar, aceite refinado de girasol, sal, harina de habas, vinagre de vino, emulgentes: ésteres diacetiltartáricos de monoglicéridos y diglicéridos, GMS; corrector de acidez: fosfato tricálcico; antioxidante: ácido ascórbico; conservantes: propionato cálcico y ácido sórbico), surimi 21%(surimi (carne de pescado, edulcorante: sorbitol, corrector de la acidez: polifosfatos), agua, fécula de trigo, aceite vegetal, proteína de soja, sal, azúcar, clara de huevo, aroma de cangrejo, extracto de cangrejo, potenciador del sabor: glutamato de sodio; colorante: carmín), huevo duro (huevo, salmuera (sal, reguladores de la acidez: ácido cítrico y ácido acético), mayonesa, pepino en vinagre (pepino, sal y vinagre)."],"conservation":" Conservar entre 0-4°C. Una vez abierto, consumir en 48 horas. Vida útil mínima garantizada: 18 días.","ean":"8437004378996"},{"full_name":"CASA MAS pastel frío de salmón envase 255 g","name":"pastel frío de salmón envase 255 g","brand":"CASA MAS ","img":"https://sgfm.elcorteingles.es/SGFM/dctm/MEDIA03/201712/26/00118850502123____1__600x600.jpg","price":"6,59 €","price_unit":"(25,84 € / Kilo)","categories":["Supermercado","Alimentación General","Platos preparados","Platos preparados de pescado","CASA MAS pastel frío de salmón envase 255 g"],"general_information":[],"ingredients":[],"ean":"8437007140903"},{"full_name":"GIRALDO chipirones en su tinta envase 250 g","name":"chipirones en su tinta envase 250 g","brand":"GIRALDO ","img":"https://sgfm.elcorteingles.es/SGFM/dctm/MEDIA03/201611/15/00118850301161____1__600x600.jpg","price":"5,24 €","price_unit":"(20,96 € / Kilo)","categories":["Supermercado","Alimentación General","Platos preparados","Platos preparados de pescado","GIRALDO chipirones en su tinta envase 250 g"],"general_information":["Denominación del alimento: Chipirones en su tinta","Nombre del operador: Bacalao Giraldo, S.L.","Dirección del operador: San Blas, 7- Pol. Ind. De Goiain-01170 Legutiano (Álava)","Cantidad Neta: 0.25 g"],"ingredients":[" Chipirones 58%, agua, tomate triturado (tomate y sal), pimiento verde, cebolla, cebolla confitada (cebolla, aceite de oliva virgen y sal), arroz, azúcar, tinta de sepia 1%, sal, vino blanco, aceite de oliva virgen extra 0,3% y brandy."],"conservation":" Conservar entre 0° y 5°C.","ean":"8436038376268"},{"full_name":"GIRALDO bacalao al pil pil envase 300 g","name":"bacalao al pil pil envase 300 g","brand":"GIRALDO ","img":"https://sgfm.elcorteingles.es/SGFM/dctm/MEDIA03/201612/12/00118850301146____1__600x600.jpg","price":"5,24 €","price_unit":"(17,47 € / Kilo)","categories":["Supermercado","Alimentación General","Platos preparados","Platos preparados de pescado","GIRALDO bacalao al pil pil envase 300 g"],"general_information":["Denominación del alimento: Bacalao al pil pil","Nombre del operador: Bacalao Giraldo, S.L.","Dirección del operador: San Blas, 7- Pol. Ind. De Goiain-01170 Legutiano (Álava)","Cantidad Neta: 0.3 g"],"ingredients":[" Bacalao \"Gadus morhua\" 66.6%, aceite de oliva virgen extra 33.3%, ajo y guindilla."],"conservation":" Conservar entre 0° y 5°C.","ean":"8436038371317"},{"full_name":"BO DE DEBO buñuelos de bacalao envase 240 g","name":"buñuelos de bacalao envase 240 g","brand":"BO DE DEBO ","img":"https://sgfm.elcorteingles.es/SGFM/dctm/MEDIA03/201710/31/00118850502420____1__600x600.jpg","price":"4,29 €            ","categories":["Supermercado","Alimentación General","Platos preparados","Platos preparados de pescado","BO DE DEBO buñuelos de bacalao envase 240 g"],"general_information":[],"ingredients":[],"ean":"8436031603897"},{"full_name":"CANTDELIMAR pudin de cabracho envase 430 g","name":"pudin de cabracho envase 430 g","brand":"CANTDELIMAR ","img":"https://sgfm.elcorteingles.es/SGFM/dctm/MEDIA03/201607/13/00201050301033____1__600x600.jpg","price":"7,13 €","price_unit":"(16,58 € / Kilo)","categories":["Supermercado","Alimentación General","Platos preparados","Platos preparados de pescado","CANTDELIMAR pudin de cabracho envase 430 g"],"general_information":["Denominación del alimento: Pudin de cabracho","Nombre del operador: Cantdelimar, S.C.","Dirección del operador: Centro Empresarial Cros, Edificio IV, nave 6.   Maliaño. 39600.      Cantabria.","Cantidad Neta: 430 g","Otras menciones obligatorias en la etiqueta: Contiene alérgenos. Envasado al vacío. Producto Pasteurizado."],"ingredients":[" Cabracho (35%), caldo de pescado, huevos, tomate (aceite vegetal, azúcar, fécula de maiz, sal, cebolla y ajo), margarina vegetal (grasa vegetal, aceite vegetal, mono- y digliceridos de ácidos grasos, ácido cítrico, (E-202) colorante betacaroteno), harina de trigo, cebolla (aceite de oliva, sal, acidulante (E-330), antioxidante (E-321)), sal y conservante (E-202)."],"conservation":" Conservar entre 2°C y 8°C.","ean":"8436012670054"},{"full_name":"CARRETILLA De Tapas patatas bravas envase 180 g","name":"De Tapas patatas bravas envase 180 g","brand":"CARRETILLA ","img":"https://sgfm.elcorteingles.es/SGFM//00/73/0/0118033000730/0118033000730000g01011.jpg","price":"1,11 €","price_unit":"(6,17 € / Kilo)","categories":["Supermercado","Alimentación General","Platos preparados","Platos preparados diversos","CARRETILLA De Tapas patatas bravas envase 180 g"],"general_information":["Denominación del alimento: Patatas bravas","Nombre del operador: Ind. Alim. de Navarra, S.A.U.","Dirección del operador: Pol.Peñalfons, s/n. 31330 Villafranca. Navarra - España","Cantidad Neta: 180 g","Otras menciones obligatorias en la etiqueta: Envasado en atmósfera protectora."],"ingredients":[" Patatas, salsa fina (huevo) y salsa brava. Salsa fina: agua, aceite de girasol, vinagre de vino blanco, almidón modificado de maíz, yema de huevo, jarabe de glucosa, azúcar, sal, aromas, extracto de levadura y estabilizante: harina de semillas de guar. Salsa brava: agua, concentrado de tomate, azúcar, vinagre de vino blanco, sal, cayena, almidón modificado de maíz, cebolla y ajo. Contiene huevo. Puede contener trazas de crustáceos, pescado, soja, leche y derivados, apio, moluscos y mostaza."],"conservation":" No necesita frío para su conservación.","ean":"8410416007807"},{"full_name":"CARRETILLA De Tapas patatas ali oli envase 180 g","name":"De Tapas patatas ali oli envase 180 g","brand":"CARRETILLA ","img":"https://sgfm.elcorteingles.es/SGFM//00/74/8/0118033000748/0118033000748000g01011.jpg","price":"1,09 €","price_unit":"(6,06 € / Kilo)","categories":["Supermercado","Alimentación General","Platos preparados","Platos preparados diversos","CARRETILLA De Tapas patatas ali oli envase 180 g"],"general_information":["Denominación del alimento: Patatas con ali oli","Nombre del operador: Ind. Alim. de Navarra, S.A.U.","Dirección del operador: Pol.Peñalfons, s/n. 31330 Villafranca. Navarra - España","Cantidad Neta: 180 g","Otras menciones obligatorias en la etiqueta: Envasado en atmósfera protectora."],"ingredients":[" Patatas, salsa fina (huevo) ajo (2,2%) y perejil. Ingredientes Salsa fina: agua, aceite de girasol, azúcar, vinagre de vino blanco, sal, yema de huevo, jarabe de glucosa, almidón modificado de maíz, aromas, extracto de levadura y estabilizante: harina de semillas de guar. Contiene huevo. Puede contener trazas de crustáceos, pescado, soja, leche y derivados, apio, moluscos y mostaza."],"conservation":" No necesita frío para su conservación.","ean":"8410416007906"},{"full_name":"FLORISTAN migas cocinadas bandeja 550 g","name":"migas cocinadas bandeja 550 g","brand":"FLORISTAN ","img":"https://sgfm.elcorteingles.es/SGFM/00/04/1/0118850200041/0118850200041000g01011.jpg","price":"2,65 €","price_unit":"(4,82 € / Kilo)","categories":["Supermercado","Alimentación General","Platos preparados","Platos preparados diversos","FLORISTAN migas cocinadas bandeja 550 g"],"general_information":["Denominación del alimento: Plato preparado refrigerado","Nombre del operador: Grupo Empresarial Palacios Alimentación, S.A","Dirección del operador: Ctra de Logroño s/n 26120 Albelda de Iregua (La Rioja)","Cantidad Neta: 550 g","Otras menciones obligatorias en la etiqueta: Envasado en atmósfera protectora"],"ingredients":[" Pan (harina de trigo, agua, aceite de girasol, levadura y sal), carne de cerdo, cebolla, ajo, agua, sal, pimentón, extracto natural de pimentón, cayena, aceite de girasol, chorizo (1,5%) (carne de cerdo, pimentón, sal y ajo), aceite de oliva y corrector de acidez (E-330). Contiene gluten. Puede contener huevo, leche, soja, sulfitos, pescado y crustáceos.|"],"conservation":" Conservar en refrigeración entre 0 y 4°C. Una vez abierto mantener en refrigeración y consumir en menos de 24 horas.","ean":"8420333000218"},{"full_name":"HORTICOALBA quinoa cocida con aceite de oliva pack 2 envase 60 g","name":"quinoa cocida con aceite de oliva pack 2 envase 60 g","brand":"HORTICOALBA ","img":"https://sgfm.elcorteingles.es/SGFM/dctm/MEDIA03/201701/20/00118025601057____1__600x600.jpg","price":"2,09 €","categories":["Supermercado","Alimentación General","Platos preparados","Platos preparados diversos","HORTICOALBA quinoa cocida con aceite de oliva pack 2 envase 60 g"],"general_information":["Denominación del alimento: Quinoa cocida con aceite de oliva","Nombre del operador: Horticola Albacete S.A","Dirección del operador: Calle Autovia, 42, 02006 Albacete - España","Cantidad Neta: 180 g"],"ingredients":[" Quinoa, agua, aceite de oliva, sal"],"conservation":" Mantener los botes a temperatura ambiente. Una vez abierto conservar en refrigeración un máximo de dos días.","ean":"8430597001838"},{"full_name":"YATEKOMO World Tour oous cous vaso 106 g","name":"World Tour oous cous vaso 106 g","brand":"YATEKOMO ","img":"https://sgfm.elcorteingles.es/SGFM/dctm/MEDIA03/201709/11/00118036001370____2__600x600.jpg","price":"1,59 €","price_unit":"(15 € / Kilo)","categories":["Supermercado","Alimentación General","Platos preparados","Platos preparados diversos","YATEKOMO World Tour oous cous vaso 106 g"],"general_information":["Denominación del alimento: Cuscús con verduras","Nombre del operador: Gallina Blanca, S.A.","Dirección del operador: Plaza Europa 42, 08902 - Hospitalet de Llobregat (Barcelona)","Cantidad Neta: 96 g"],"ingredients":[" Cuscús 76% (sémola de trigo duro), verduras 11% (cebolla, zanahoria, puerro, tomate, pimiento), aceite de oliva, sal, lactosa, almidón de maíz, extracto de levadura, extracto de proteínas vegetales, aromas (con huevo y apio), aceite de girasol, ajo, perejil, especias.   Puede contener trazas de  soja, leche, pescado y crustáceos."],"conservation":" Conservar en un lugar fresco y seco","ean":"8410300354321"},{"full_name":"LA CROQUETA croquetas gourmet con jamón ibérico envase 225 g","name":"croquetas gourmet con jamón ibérico envase 225 g","brand":"LA CROQUETA ","img":"https://sgfm.elcorteingles.es/SGFM/dctm/MEDIA03/201704/21/00118850502156____1__600x600.jpg","price":"6,50 €","price_unit":"(28,89 € / Kilo)","categories":["Supermercado","Alimentación General","Platos preparados","Platos preparados diversos","LA CROQUETA croquetas gourmet con jamón ibérico envase 225 g"],"general_information":[],"ingredients":[],"ean":"8437015583075"},{"full_name":"LA CROQUETA croquetas gourmet de bacalao envase 225 g","name":"croquetas gourmet de bacalao envase 225 g","brand":"LA CROQUETA ","img":"https://sgfm.elcorteingles.es/SGFM/dctm/MEDIA03/201704/21/00118850502271____1__600x600.jpg","price":"6,50 €","price_unit":"(28,89 € / Kilo)","categories":["Supermercado","Alimentación General","Platos preparados","Platos preparados diversos","LA CROQUETA croquetas gourmet de bacalao envase 225 g"],"general_information":[],"ingredients":[],"ean":"8436560292760"},{"full_name":"LA CROQUETA croquetas gourmet de pollo asado envase 225 g","name":"croquetas gourmet de pollo asado envase 225 g","brand":"LA CROQUETA ","img":"https://sgfm.elcorteingles.es/SGFM/dctm/MEDIA03/201704/21/00118850502263____1__600x600.jpg","price":"6,50 €","price_unit":"(28,89 € / Kilo)","categories":["Supermercado","Alimentación General","Platos preparados","Platos preparados diversos","LA CROQUETA croquetas gourmet de pollo asado envase 225 g"],"general_information":[],"ingredients":[],"ean":"8436560292449"},{"full_name":"LA CROQUETA croquetas gourmet con boletus edulis envase 225 g","name":"croquetas gourmet con boletus edulis envase 225 g","brand":"LA CROQUETA ","img":"https://sgfm.elcorteingles.es/SGFM/dctm/MEDIA03/201704/21/00118850502164____1__600x600.jpg","price":"6,50 €","price_unit":"(28,89 € / Kilo)","categories":["Supermercado","Alimentación General","Platos preparados","Platos preparados diversos","LA CROQUETA croquetas gourmet con boletus edulis envase 225 g"],"general_information":[],"ingredients":[],"ean":"8437015583235"},{"full_name":"LA CROQUETA croquetas gourmet txistorra envase 225 g","name":"croquetas gourmet txistorra envase 225 g","brand":"LA CROQUETA ","img":"https://sgfm.elcorteingles.es/SGFM/dctm/MEDIA03/201704/21/00118850502172____1__600x600.jpg","price":"6,50 €","price_unit":"(28,89 € / Kilo)","categories":["Supermercado","Alimentación General","Platos preparados","Platos preparados diversos","LA CROQUETA croquetas gourmet txistorra envase 225 g"],"general_information":[],"ingredients":[],"ean":"8437015583396"},{"full_name":"LA CROQUETA croquetas gourmet con puerros confitados envase 225 g","name":"croquetas gourmet con puerros confitados envase 225 g","brand":"LA CROQUETA ","img":"https://sgfm.elcorteingles.es/SGFM/dctm/MEDIA03/201704/21/00118850502180____1__600x600.jpg","price":"6,50 €","price_unit":"(28,89 € / Kilo)","categories":["Supermercado","Alimentación General","Platos preparados","Platos preparados diversos","LA CROQUETA croquetas gourmet con puerros confitados envase 225 g"],"general_information":[],"ingredients":[],"ean":"8437015583556"},{"full_name":"LA CROQUETA croquetas gourmet con pollo al curry envase 225 g","name":"croquetas gourmet con pollo al curry envase 225 g","brand":"LA CROQUETA ","img":"https://sgfm.elcorteingles.es/SGFM/dctm/MEDIA03/201704/21/00118850502198____1__600x600.jpg","price":"6,50 €","price_unit":"(28,89 € / Kilo)","categories":["Supermercado","Alimentación General","Platos preparados","Platos preparados diversos","LA CROQUETA croquetas gourmet con pollo al curry envase 225 g"],"general_information":[],"ingredients":[],"ean":"8437015583716"},{"full_name":"LA CROQUETA croquetas gourmet con queso azul envase 225 g","name":"croquetas gourmet con queso azul envase 225 g","brand":"LA CROQUETA ","img":"https://sgfm.elcorteingles.es/SGFM/dctm/MEDIA03/201704/21/00118850502206____1__600x600.jpg","price":"6,50 €","price_unit":"(28,89 € / Kilo)","categories":["Supermercado","Alimentación General","Platos preparados","Platos preparados diversos","LA CROQUETA croquetas gourmet con queso azul envase 225 g"],"general_information":[],"ingredients":[],"ean":"8437015583877"},{"full_name":"LA CROQUETA croquetas gourmet con marisco envase 225 g","name":"croquetas gourmet con marisco envase 225 g","brand":"LA CROQUETA ","img":"https://sgfm.elcorteingles.es/SGFM/dctm/MEDIA03/201704/21/00118850502214____1__600x600.jpg","price":"6,50 €","price_unit":"(28,89 € / Kilo)","categories":["Supermercado","Alimentación General","Platos preparados","Platos preparados diversos","LA CROQUETA croquetas gourmet con marisco envase 225 g"],"general_information":[],"ingredients":[],"ean":"8436560290049"},{"full_name":"LA CROQUETA croquetas gourmet con trufa negra envase 225 g","name":"croquetas gourmet con trufa negra envase 225 g","brand":"LA CROQUETA ","img":"https://sgfm.elcorteingles.es/SGFM/dctm/MEDIA03/201704/21/00118850502222____1__600x600.jpg","price":"6,50 €","price_unit":"(28,89 € / Kilo)","categories":["Supermercado","Alimentación General","Platos preparados","Platos preparados diversos","LA CROQUETA croquetas gourmet con trufa negra envase 225 g"],"general_information":[],"ingredients":[],"ean":"8436560290193"},{"full_name":"LA CROQUETA croquetas gourmet con bacon y queso envase 225 g","name":"croquetas gourmet con bacon y queso envase 225 g","brand":"LA CROQUETA ","img":"https://sgfm.elcorteingles.es/SGFM/dctm/MEDIA03/201704/21/00118850502248____1__600x600.jpg","price":"6,50 €","price_unit":"(28,89 € / Kilo)","categories":["Supermercado","Alimentación General","Platos preparados","Platos preparados diversos","LA CROQUETA croquetas gourmet con bacon y queso envase 225 g"],"general_information":[],"ingredients":[],"ean":"8436560291800"},{"full_name":"SOJASUN Indiana burgers de soja 2 unidades envase 259 g","name":"Indiana burgers de soja 2 unidades envase 259 g","brand":"SOJASUN ","img":"https://sgfm.elcorteingles.es/SGFM//00/66/2/0118850100662/0118850100662000g01011.jpg","price":"0,15 €","price_unit":"(0,58 € / Kilo)","categories":["Supermercado","Alimentación General","Platos preparados","Platos preparados diversos","SOJASUN Indiana burgers de soja 2 unidades envase 259 g"],"general_information":["Denominación del alimento: 2 Hamburguesas de soja Indiana","Nombre del operador: Triballat Noyal","Dirección del operador: BP 93106 - 35531 Noyal-sur-Vilaine Cedex - France","Cantidad Neta: 200 g"],"ingredients":[" Agua, bebida de soja 23% (agua, habas de soja 10%), proteínas de soja 20%, concentrado de tomates, aceite de girasol, cebollas, azúcar, curry, sal, fibras de trigo (garantizadas sin gluten), gelificante: metilcelulosa. Trazas de mostaza."],"conservation":" Consérvese en frío/ Conservar en frío entre +2°C/ +6°C.","ean":"3273228086058"},{"full_name":"SOJASUN Tomate Albahaca burgers de soja 2 unidades envase 259 g","name":"Tomate Albahaca burgers de soja 2 unidades envase 259 g","brand":"SOJASUN ","img":"https://sgfm.elcorteingles.es/SGFM//00/67/0/0118850100670/0118850100670000g01011.jpg","price":"3,56 €","price_unit":"(13,75 € / Kilo)","categories":["Supermercado","Alimentación General","Platos preparados","Platos preparados diversos","SOJASUN Tomate Albahaca burgers de soja 2 unidades envase 259 g"],"general_information":["Denominación del alimento: Burgers de soja","Nombre del operador: Triballat Noyal","Dirección del operador: BP 93106 - 35531 Noyal-sur-Vilaine Cedex - France","Cantidad Neta: 200 g","Otras menciones obligatorias en la etiqueta: Producto envasado bajo atmósfera protectora. Soja no modificada genéticamente."],"ingredients":[" Agua, tomates 26%, proteínas de soja 21%, bebida de soja 13% (agua, habas de soja 10%), aceite de girasol, cebollas, albahaca 5%, sal, fibras de trigo (garantizadas sin gluten), azúcar, gelificante: metilcelulosa."],"conservation":" Consérvese a una temperatura de entre 2°C y 6 °C","ean":"3273228086072"},{"full_name":"GARDEN GOURMET nuggets vegetales envase 200 g","name":"nuggets vegetales envase 200 g","brand":"GARDEN GOURMET ","img":"https://sgfm.elcorteingles.es/SGFM/dctm/MEDIA03/201707/05/00118850100852____11__600x600.jpg","price":"3,71 €","price_unit":"(18,55 € / Kilo)","categories":["Supermercado","Alimentación General","Platos preparados","Platos preparados diversos","GARDEN GOURMET nuggets vegetales envase 200 g"],"general_information":["Denominación del alimento: Porciones vegetarianas empanadas, a base de proteínas de soja y trigo. Comida preparada refrigerada. Descongelado. No volver a congelar.","Nombre del operador: Nestlé España, S.A.","Dirección del operador: NESTLÉ ESPAÑA, S.A.- Av. Països Catalans, 25 ? 51 ? 08950 ? Esplugues de Llobregat (Barcelona).","Cantidad Neta: 200 g","Otras menciones obligatorias en la etiqueta: Envasado en atmósfera protectora."],"ingredients":[" Agua, proteína de soja (12%), pan rallado (harina de trigo, agua, sal, levadura, aceite de nabina, extracto de especia), proteína de trigo (5,3%), aceites vegetales (nabina, girasol), sésamo, harina de trigo, puré de manzana, clara de huevo en polvo, mayonesa (1,8%) (aceite de girasol, vinagre, yema de huevo, mostaza, sal yodada, azúcar), especias (cebolla en polvo, ajo en polvo, pimienta negra), extracto de levadura, cebolla deshidratada, vinagre, almidón de maíz, sal, fibra de cítricos. Puede contener apio."],"conservation":" Conservar en frío a +4°C. No congelar. No consumir en crudo. Consumir una vez abierto.","ean":"7290109357805"},{"full_name":"GARDEN GOURMET albóndigas vegetarianas envase 200 g","name":"albóndigas vegetarianas envase 200 g","brand":"GARDEN GOURMET ","img":"https://sgfm.elcorteingles.es/SGFM/dctm/MEDIA03/201707/05/00118850100860____6__600x600.jpg","price":"3,71 €","price_unit":"(18,55 € / Kilo)","categories":["Supermercado","Alimentación General","Platos preparados","Platos preparados diversos","GARDEN GOURMET albóndigas vegetarianas envase 200 g"],"general_information":["Denominación del alimento: Albóndigas vegetales a base de proteínas de soja y trigo. Comida preparada refrigerada. Descongelado. No volver a congelar.","Nombre del operador: Nestlé España, S.A.","Dirección del operador: NESTLÉ ESPAÑA, S.A.- Av. Països Catalans, 25 ? 51 ? 08950 ? Esplugues de Llobregat (Barcelona).","Cantidad Neta: 200 g","Otras menciones obligatorias en la etiqueta: Envasado en atmósfera protectora."],"ingredients":[" Agua, proteína de soja (17%), proteína de trigo (7,3%), mayonesa (6,7%) (aceite de girasol, vinagre, yema de huevo, mostaza, sal yodada, azúcar), aceites vegetales (nabina, girasol), clara de huevo en polvo, extracto de levadura, cebolla en polvo, almidón de maíz, vinagre, harina de trigo, sal, fibras de cítricos, ajo en polvo, especias (pimentón, pimienta blanca, romero), extracto de malta de cebada, remolacha en polvo, levadura, extractos de especias. Puede contener sésamo y apio."],"conservation":" Conservar en frío a +4°C. No congelar. No consumir en crudo. Consumir una vez abierto.","ean":"7290109357782"},{"full_name":"GARDEN GOURMET bocaditos braseados vegetarianos envase 175 g","name":"bocaditos braseados vegetarianos envase 175 g","brand":"GARDEN GOURMET ","img":"https://sgfm.elcorteingles.es/SGFM/dctm/MEDIA03/201707/05/00118850100878____6__600x600.jpg","price":"3,71 €","price_unit":"(21,20 € / Kilo)","categories":["Supermercado","Alimentación General","Platos preparados","Platos preparados diversos","GARDEN GOURMET bocaditos braseados vegetarianos envase 175 g"],"general_information":["Denominación del alimento: Porciones vegetarianas a base de proteínas de soja y trigo. Comida preparada refrigerada. Descongelado. No volver a congelar.","Nombre del operador: Nestlé España, S.A.","Dirección del operador: NESTLÉ ESPAÑA, S.A.- Av. Països Catalans, 25 ? 51 ? 08950 ? Esplugues de Llobregat (Barcelona).","Cantidad Neta: 175 g","Otras menciones obligatorias en la etiqueta: Envasado en atmósfera protectora."],"ingredients":[" Agua, proteína de soja (16,6%), proteína de trigo (9%), aceites vegetales (nabina, girasol), puré de manzana, mayonesa (4,2%) (aceite de girasol, vinagre, yema de huevo, mostaza, sal yodada, azúcar), extracto de levadura, clara de huevo en polvo, especias (cebolla en polvo, ajo en polvo, pimienta negra), vinagre, fibra de cítricos, almidón de maíz, sal. Puede contener sésamo y apio."],"conservation":" Conservar en frío a +4°C. No congelar. No consumir en crudo. Consumir una vez abierto.","ean":"7290109357829"},{"full_name":"TA-TUNG rollitos de primavera envase 280 g","name":"rollitos de primavera envase 280 g","brand":"TA-TUNG ","img":"https://sgfm.elcorteingles.es/SGFM/dctm/MEDIA02/CONTENIDOS/201409/03/00118850501596____1__600x600.jpg","price":"2,99 €","price_unit":"(10,68 € / Kilo)","categories":["Supermercado","Alimentación General","Platos preparados","Platos preparados diversos","TA-TUNG rollitos de primavera envase 280 g"],"general_information":["Denominación del alimento: Rollitos de primavera","País de origen: España","Nombre del operador: Ta-Tung platos precocinados, S.L.","Dirección del operador: C/Corominas, 37 - 08902 L'Hospitalet de Llobregat (Barcelona)","Cantidad Neta: 280 g","Número de raciones por envase: 4","Otras menciones obligatorias en la etiqueta: Producto apto para congelar. Envasado en atmósfera protectora."],"ingredients":[" Verduras en proporción variable 51% (repollo, zanahoria, cebolla), harina de trigo, sal, azúcar, aceite de girasol, y acidulantes: lactato potásico y diacetato sódico.Salsa agridulce (20ml): agua, azúcar, vinagre de vino blanco, tomate frito (tomate, aceite de girasol, almidón modificado, sal, cebolla, azúcar y acidulante: ácido cítrico), almidón modificado, sal, extracto de remolacha y acidulantes (lactato potásico y diacetato sódico).Contiene: gluten y sulfitos (salsa agridulce)"],"conservation":" Mantener entre 0-4°C","ean":"8437000752011"},{"full_name":"TA-TUNG hakao de gambas 6 piezas envase 160 g","name":"hakao de gambas 6 piezas envase 160 g","brand":"TA-TUNG ","img":"https://sgfm.elcorteingles.es/SGFM/dctm/MEDIA02/CONTENIDOS/201409/22/00118850501679____1__600x600.jpg","price":"3,79 €","price_unit":"(23,69 € / Kilo)","categories":["Supermercado","Alimentación General","Platos preparados","Platos preparados diversos","TA-TUNG hakao de gambas 6 piezas envase 160 g"],"general_information":["Denominación del alimento: Hakao de gambas al vapor","País de origen: España","Nombre del operador: Ta-Tung platos precocinados, S.L.","Dirección del operador: C/Corominas, 37 - 08902 L'Hospitalet de Llobregat (Barcelona)","Cantidad Neta: 190 g","Número de raciones por envase: 1","Otras menciones obligatorias en la etiqueta: Producto apto para congelar. Envasado en atmósfera protectora."],"ingredients":[" Gambas (25%), rábano blanco, brote de bambú, aceite de soja, extracto de trigo, agua, tapioca, azúcar, potenciador del sabor (glutamato monopotásico), sal, aceite de sésamo y pimienta. Salsa de soja: agua, soja, harina de trigo, sal y conservador (sorbato potásico).Contiene: crustáceos, pescado, gluten, sésamo, soja (salsa)."],"conservation":" Mantener entre 0-4°C","ean":"8437011785572"},{"full_name":"TA-TUNG Dim Sum siao long de gambas envase 250 g","name":"Dim Sum siao long de gambas envase 250 g","brand":"TA-TUNG ","img":"https://sgfm.elcorteingles.es/SGFM/dctm/MEDIA02/CONTENIDOS/201512/14/00118850502107____1__600x600.jpg","price":"3,99 €","price_unit":"(15,96 € / Kilo)","categories":["Supermercado","Alimentación General","Platos preparados","Platos preparados diversos","TA-TUNG Dim Sum siao long de gambas envase 250 g"],"general_information":["Denominación del alimento: Siao Pao de gambas","País de origen: España","Nombre del operador: Ta-Tung platos precocinados, S.L.","Dirección del operador: C/Corominas, 37 - 08902 L'Hospitalet de Llobregat (Barcelona)","Cantidad Neta: 250 g","Número de raciones por envase: 1","Otras menciones obligatorias en la etiqueta: Producto apto para congelar. Envasado en atmósfera protectora. Apto para celíacos. Contiene menos de 5mg/kg de gluten."],"ingredients":[" Gambas (25%), carne de cerdo, nueces, brote de bambú, espinacas, harina de trigo, fécula de patata, aceite de sésamo, aceite de girasol, agua, azúcar, pimienta, sal y potenciador del sabor (glutamato monopotásico). Salsa de soja: agua, soja, harina de trigo, sal y conservador (sorbato potásico).Contiene: crustáceos, frutos secos, soja, sésamo"],"conservation":" Mantener entre 0-4°C","ean":"8437011785626"},{"full_name":"TA-TUNG rollito Nem de verduras envase 160 g","name":"rollito Nem de verduras envase 160 g","brand":"TA-TUNG ","img":"https://sgfm.elcorteingles.es/SGFM/dctm/MEDIA02/CONTENIDOS/201512/14/00118850502081____1__600x600.jpg","price":"3,10 €","price_unit":"(19,38 € / Kilo)","categories":["Supermercado","Alimentación General","Platos preparados","Platos preparados diversos","TA-TUNG rollito Nem de verduras envase 160 g"],"general_information":["Denominación del alimento: Rollito Nem de verduras","País de origen: España","Nombre del operador: Ta-Tung platos precocinados, S.L.","Dirección del operador: C/Corominas, 37 - 08902 L'Hospitalet de Llobregat (Barcelona)","Cantidad Neta: 150 g","Número de raciones por envase: 1","Otras menciones obligatorias en la etiqueta: Producto apto para congelar. Envasado en atmósfera protectora."],"ingredients":[" Harina de arroz, agua, verduras en proporción variable (40%) (soja, zanahoria, rábano blanco, cebolla), fideos de soja, brote de soja, hongos negros, ajo, pimienta, sal y potenciador del sabor (glutamato monopotásico). Salsa Nuoc Nam: agua, azúcar, salsa marina (anchoa, sal, agua, azúcar y potenciador del sabor (glutamato monosódico), vinagre de vino blanco, sal, guindilla, acidulantes: lactato potásico y diacetato sódico.Contiene: soja, sulfitos (salsa), pescado (salsa)."],"conservation":" Mantener entre 0-4°C","ean":"8437011785725"},{"full_name":"TA-TUNG rollitos primavera con pollo envase 280 g","name":"rollitos primavera con pollo envase 280 g","brand":"TA-TUNG ","img":"https://sgfm.elcorteingles.es/SGFM/dctm/MEDIA02/CONTENIDOS/201512/14/00118850502065____1__600x600.jpg","price":"2,52 €","price_unit":"(9 € / Kilo)","categories":["Supermercado","Alimentación General","Platos preparados","Platos preparados diversos","TA-TUNG rollitos primavera con pollo envase 280 g"],"general_information":["Denominación del alimento: Rollitos primavera con pollo","País de origen: España","Nombre del operador: Ta-Tung platos precocinados, S.L.","Dirección del operador: C/Corominas, 37 - 08902 L'Hospitalet de Llobregat (Barcelona)","Cantidad Neta: 280 g","Número de raciones por envase: 4","Otras menciones obligatorias en la etiqueta: Producto apto para congelar. Envasado en atmósfera protectora."],"ingredients":[" Verduras en proporción variable 41% (repollo, zanahoria, cebolla), harina de trigo, carne de pollo 26%, sal, aceite de girasol, y acidulantes: lactato potásico y diacetato sódico.Salsa agridulce (20ml): agua, azúcar, vinagre de vino blanco, tomate frito (tomate, aceite de girasol, almidón modificado, sal, cebolla, azúcar y acidulante: ácido cítrico), almidón  modificado, sal, extracto de remolacha, y acidulantes: lactato potásico y diacetato sódico.Contiene: gluten y sulfitos (salsa agridulce)"],"conservation":" Mantener entre 0-4°C","ean":"8437000752882"},{"full_name":"LA BROCHE Fun roll flautas de carne barbacoa con bacon 2 unidades envase 275 g","name":"Fun roll flautas de carne barbacoa con bacon 2 unidades envase 275 g","brand":"LA BROCHE ","img":"https://sgfm.elcorteingles.es/SGFM/dctm/MEDIA03/201708/31/00118850203920____2__600x600.jpg","price":"1,69 €","price_unit":"(6,15 € / Kilo)","categories":["Supermercado","Alimentación General","Platos preparados","Platos preparados diversos","LA BROCHE Fun roll flautas de carne barbacoa con bacon 2 unidades envase 275 g"],"general_information":["Denominación del alimento: FUNROLL DE CARNE BARBACOA CON BACON 260 GR LA BROCHE (C/ 8 UDS)","Nombre del operador: La Pila Food S.A.","Dirección del operador: C/Roa 14. Pol. Ind. Prado Concejil- 28890 Loeches. Madrid.","Cantidad Neta: 260 g"],"ingredients":[" Tortilla  de trigo (61.5%) [harina de trigo (56%), agua, aceite vegetal (girasol),  estabilizantes (E-422, E-412, E-466), sal, corrector de acidez (E-296),  emulgente (E-471), gasificante (E-500), dextrosa, sémola de arroz,  conservadores (E-281, E-202), agente de tratamiento de la harina (E-920) y  almidón modificado (E-1442).], carne cocida barbacoa (12%) [carne de vacuno,  carne de cerdo, azúcar, sal, extracto de levadura, vegetales deshidratados  (cebolla y tomate), maltodextrina, especias, conservadores (E-262, E-270),  aroma de humo, aroma natural y antioxidante (E-330). Sabor ahumado.], bacón  cocido (10,5%) [panceta de cerdo (79.3%), agua, sal, proteínas de cerdo,  azúcar, estabilizantes (E-451, E-450, E-407), aroma de humo, conservadores  (E-262, E-270, E-250) y antioxidante (E-316). Sabor ahumado.], queso Edam  fundido (8,5%) [queso Edam (50%), mantequilla, proteína de la leche, sal, sales  de fundido (E-331), estabilizantes (E-1404, E-1420, E-415) y conservador  (E-202).] y salsa barbacoa (7,5%) [agua, azúcar, gelatina, especias, almidón,  almidón de maíz modificado, sal, colorante (E-150c), antioxidante (E-330),  conservadores (E-262, E-270) y aroma.] Alimento con alérgenos: gluten y leche y  sus derivados apto para todas las edades (a partir de un año). Puede contener  trazas de los siguientes alérgenos: soja y productos a base de soja."],"conservation":" Conservar entre 0 °C y 4 °C","ean":"8414696014203"},{"full_name":"LA BROCHE Fun Roll flautas de pollo y 2 quesos 2 unidades envase 275 g","name":"Fun Roll flautas de pollo y 2 quesos 2 unidades envase 275 g","brand":"LA BROCHE ","img":"https://sgfm.elcorteingles.es/SGFM/dctm/MEDIA03/201708/31/00118850203425____6__600x600.jpg","price":"1,69 €","price_unit":"(6,15 € / Kilo)","categories":["Supermercado","Alimentación General","Platos preparados","Platos preparados diversos","LA BROCHE Fun Roll flautas de pollo y 2 quesos 2 unidades envase 275 g"],"general_information":["Denominación del alimento: Flautas de pollo y queso.","Nombre del operador: LA PILA FOOD S.A","Dirección del operador: C/Roa 14. Pol. Ind. Prado Concejil- 28890 Loeches. Madrid.","Cantidad Neta: 275 g"],"ingredients":[" Tortilla  de trigo (58%) [harina de trigo (56%), agua, aceite vegetal (girasol),  estabilizantes (E-422, E-412, E-466), sal, corrector de acidez (E-296),  emulgente (E-471), gasificante (E-500), dextrosa, sémola de arroz,  conservadores (E-281, E-202), agente de tratamiento de la harina (E-920).y  almidón modificado (E-1442).], fiambre de pollo (21%) [carne de pollo separada  mecánicamente y carne de pollo (64%), agua, almidón, estabilizantes (E-407,  E-466, E-410, E-451, E-450), fibra de guisante, sal, conservadores (E-262,  E-270, E-250), aromas, antioxidante (E-316), maltodrextrina y azúcar.], y  quesos Edam y Cheddar fundidos (21%) [queso 50% (Edam (25%), Cheddar (18,75%, y  quesos 6,25%), mantequilla, proteína de la leche, sal, sales de fundido  (E-331), estabilizantes (E-1404, E-1420, E-415); conservador (E-202) y  colorante (E-160a).]. Alimento con alérgenos: gluten y leche y sus derivados  apto para todas las edades (a partir de un año). Puede contener trazas de los  siguientes alérgenos: soja y productos a base de soja."],"conservation":" Conservar entre 0 °C y 4 °C","ean":"8414696013503"},{"full_name":"LA BROCHE Fun Roll flautas con extra de relleno de pollo kebab y salsa de yogur envase 250 g","name":"Fun Roll flautas con extra de relleno de pollo kebab y salsa de yogur envase 250 g","brand":"LA BROCHE ","img":"https://sgfm.elcorteingles.es/SGFM/dctm/MEDIA03/201712/20/00118850204555____1__600x600.jpg","price":"2,45 €","price_unit":"(9,80 € / Kilo)","categories":["Supermercado","Alimentación General","Platos preparados","Platos preparados diversos","LA BROCHE Fun Roll flautas con extra de relleno de pollo kebab y salsa de yogur envase 250 g"],"general_information":["Denominación del alimento: FUNROLL DÜRÜM KEBAB DE POLLO LA BROCHE 250 GR (C/6 EXP)","Nombre del operador: LA PILA FOOD S.A","Dirección del operador: C/Roa 14. Pol. Ind. Prado Concejil- 28890 Loeches. Madrid","Cantidad Neta: 250 g","Número de raciones por envase: 2"],"ingredients":[" Tortilla de trigo (52%) [harina de trigo (56%), agua, aceite vegetal  (girasol), estabilizantes (E-422, E-412, E-466), sal, corrector de acidez  (E-296), emulgente (E-471), gasificante (E-500), dextrosa, sémola de arroz,  conservadores (E-281, E-202), agente de tratamiento de la harina (E-920) y  almidón modificado (E-1442).],  kebab de pollo asado (33%) [carne de pollo con piel, sal, especias,  proteína de soja, dextrosa,  potenciador del sabor (E-621), conservadores (E-262, E-270), estabilizante  (E-451), aromas y aceite de girasol] y salsa kebab (15%) [leche  desnatada fermentada en polvo, gelatina de cerdo, aceite vegetal (girasol),  azúcar, almidón, almidones modificados (E-1442, E-1450), sal, leche desnatada en polvo, acidulantes  (E-262, E-330), jarabe de glucosa, aromas y especias]. Alimento con alérgenos: gluten, leche y sus  derivados y soja y productos a base de soja apto para todas las edades (a  partir de un año)."],"conservation":" CONSERVAR ENTRE 0ºC Y +4ºC","ean":"8414696014470"},{"full_name":"LA BROCHE flautas de bacon y 2 quesos 2 unidades envase 275 g","name":"flautas de bacon y 2 quesos 2 unidades envase 275 g","brand":"LA BROCHE ","img":"https://sgfm.elcorteingles.es/SGFM/dctm/MEDIA03/201709/01/00118850203052____2__600x600.jpg","price":"1,69 €","price_unit":"(6,15 € / Kilo)","categories":["Supermercado","Alimentación General","Platos preparados","Platos preparados diversos","LA BROCHE flautas de bacon y 2 quesos 2 unidades envase 275 g"],"general_information":["Denominación del alimento: FUNROLL DE BACON Y 2 QUESOS C/ 8 UD","Nombre del operador: LA PILA FOOD .S.A","Dirección del operador: C/Roa 14. Pol. Ind. Prado Concejil- 28890 Loeches. Madrid.","Cantidad Neta: 275 g","Número de raciones por envase: 2"],"ingredients":[" Tortilla  de trigo (58%) [harina de trigo (56%), agua, aceite vegetal (girasol),  estabilizantes (E-422, E-412, E-466), sal, corrector de acidez (E-296),  emulgente (E-471), gasificante (E-500), dextrosa, sémola de arroz,  conservadores (E-281, E-202), agente de tratamiento de la harina (E-920).y  almidón modificado (E-1442).], bacón cocido (23%) [panceta de cerdo (79.3%),  agua, sal, proteínas de cerdo, azúcar, estabilizantes (E-451, E-450, E-407),  aroma de humo, conservadores (E-262, E-270, E-250) y antioxidante (E-316).  Sabor ahumado] y quesos Edam y Cheddar fundidos (19%) [queso 50% (Edam (25%),  Cheddar (18,75%, y quesos 6,25%), mantequilla, proteína de la leche, sal, sales  de fundido (E-331), estabilizantes (E-1404, E-1420, E-415); conservador (E-202)  y colorante (E-160a).]. Alimento con alérgenos: gluten y leche y sus derivados  apto para todas las edades (a partir de un año). Puede contener trazas de los  siguientes alérgenos: soja y productos a base de soja."],"conservation":" Conservar entre 0 °C y 4 °C","ean":"8414696013527"},{"full_name":"LA BROCHE FUNCHEESE quesadillas rellenas de cheddar con bacon envase 210 g","name":"quesadillas rellenas de cheddar con bacon envase 210 g","brand":"LA BROCHE FUNCHEESE ","img":"https://sgfm.elcorteingles.es/SGFM/dctm/MEDIA03/201607/13/00201050204187____1__600x600.jpg","price":"2,61 €","price_unit":"(12,43 € / Kilo)","categories":["Supermercado","Alimentación General","Platos preparados","Platos preparados diversos","LA BROCHE FUNCHEESE quesadillas rellenas de cheddar con bacon envase 210 g"],"general_information":["Denominación del alimento: FUNCHEESE CHEDDAR Y BACON 210 GR (C/EXP 6 UDS) 440081","Nombre del operador: LA PILA FOOD .S.A","Dirección del operador: C/ROA, 14 PI PRADO CONCEJIL LOECHES MADRID","Cantidad Neta: 210 g","Número de raciones por envase: 2"],"ingredients":[" Tortilla de trigo (40%) [harina de trigo (contiene gluten)  (56%), agua, aceite vegetal    (girasol), estabilizantes (E-422, E-412, E-466), sal,  corrector de acidez (E-296),    emulgente (E-471), gasificante (E-500), dextrosa, sémola de  arroz, conservadores (E-    281, E-202) y agente de tratamiento de la harina (E-920)],  queso cheddar (28%) [leche    pasteurizada de vaca, sal, fermentos lácticos (leche), cuajo  y colorante (E-160b)] y    bacón a la plancha (17,7%) [panceta de cerdo, sal, proteínas  de cerdo, estabilizantes    (E-451, E-450, E-407a, E-410,E-415), aroma de humo,  conservadores (E-262, E-270,    E-250), azúcar, maltodextrina y antioxidante (E-316).]"],"conservation":" DE 0ºC A 4ºC","ean":"8414696014388"},{"full_name":"LA BROCHE FUNCHEESE quesadillas emmental con pollo cajún envase 220 g","name":"quesadillas emmental con pollo cajún envase 220 g","brand":"LA BROCHE FUNCHEESE ","img":"https://sgfm.elcorteingles.es/SGFM/dctm/MEDIA03/201608/26/00118850204118____1__600x600.jpg","price":"2,49 €","price_unit":"(11,32 € / Kilo)","categories":["Supermercado","Alimentación General","Platos preparados","Platos preparados diversos","LA BROCHE FUNCHEESE quesadillas emmental con pollo cajún envase 220 g"],"general_information":["Denominación del alimento: FUNCHEESE EMMENTAL Y POLLO CAJÚN 220 GR (C/EXP 6 UDS)","Nombre del operador: LA PILA FOOD .S.A","Dirección del operador: C/ROA, 14 PI PRADO CONCEJIL LOECHES MADRID","Cantidad Neta: 220 g","Número de raciones por envase: 2"],"ingredients":[" Tortilla de trigo (38,2%)  [harina de trigo (contiene gluten) (56%), agua, aceite vegetal    (girasol), estabilizantes (E-422,  E-412, E-466), sal, corrector de acidez (E-296),    emulgente (E-471), gasificante  (E-500), dextrosa, sémola de arroz, conservadores (E-    281, E-202) y agente de  tratamiento de la harina (E-920)], filetes de pollo asados cajún    (32,7%) [Tiras de pollo asadas  (91%) [Carne separada mecánicamente de pollo (80%),    agua, fibra de guisante, sal,  estabilizantes (E-451, E-450, E-407), aroma de pavo,    dextrosa, conservadores (E-262,  E-270), aroma y aceite de girasol.] y marinada cajún    (9%) [agua, especias, aroma y  sal]. y queso emmental (15,5%) [leche pasteurizada de    vaca, sal, fermentos lácticos (leche),  cuajo y colorante (betacaroteno)]."],"conservation":" DE 0ºC A 4ºC","ean":"8414696014371"},{"full_name":"BO DE DEBO dúo de macarrones y libritos de jamón y queso bandeja 350 g","name":"dúo de macarrones y libritos de jamón y queso bandeja 350 g","brand":"BO DE DEBO ","img":"https://sgfm.elcorteingles.es/SGFM/03/30/0/0118850203300/0118850203300000g01011.jpg","price":"4,39 €","price_unit":"(12,54 € / Kilo)","categories":["Supermercado","Alimentación General","Platos preparados","Platos preparados diversos","BO DE DEBO dúo de macarrones y libritos de jamón y queso bandeja 350 g"],"general_information":["Denominación del alimento: Duo Macarrones a la Boloñesa y Libritos de Lomo con Jamón y Queso Fritos.","Nombre del operador: Bo De Debo S.A.","Dirección del operador: c/ Mª Aurèlia Capmany s/n  (08295 Sant Vicenç de Castellet).","Cantidad Neta: 350,0 g","Otras menciones obligatorias en la etiqueta: Envasado en Atmósfera Modificada."],"ingredients":[" Macarrones cocidos 62% (agua, sémola de trigo duro y aceite de orujo de oliva) boloñesa 37,9% ( tomate frito (tomate, aceite de girasol, azúcar, fécula de maíz, sal y cebolla), carne de cerdo 25%, aceite de orujo de oliva, agua, bresa de verduras en proporción variable (zanahoria, puerro, apio y ceba), sal, vino negro (sulfitos) , conservante: sorbato potásico y especies. Ingredientes: lomo de cerdo 54%, jamón cocido 10% (jamón de cerdo, agua, sal, dextrosa, proteina vegetal de soja, estabilizantes (trifosfatos y  carragenanos), antioxidantes (citrato de sodio, eritorbato de sodio, ) conservantes (acetato sódico, nitrito de sodio),  especies y aromas naturales, colorante ácido carmínico)), agua, queso 8,5% (leche pasteurizada, sal, fermentos lácticos, cloruro cálcico, cuajo , conservante (nitrato de sodio ), colorante (carotenoides)), aceite de girasol, pan rallado (harina de trigo, sal, levadura, grasas vegetales (de palma y de girasol), dextrosa de maíz, colorante: E-150a;  y  pimentón rojo dulce), agua, harina de trigo, estabilizantes (metilcelulosa y  goma xantana),  colorantes (tartrazina i E-110 ) especias y sal. En nuestras instalaciones manipulamos productos que contienen crustáceos, pescado, huevos, cacahuetes, frutos de cáscara, mostaza, sésamo y molusco."],"conservation":" Una vez abierto conservar entre 0-4°C, protegido con un  film y consumir en máximo 2 dias.","ean":"8436031602180"},{"full_name":"BO DE DEBO libritos fritos de jamón y queso bandeja 230 g","name":"libritos fritos de jamón y queso bandeja 230 g","brand":"BO DE DEBO ","img":"https://sgfm.elcorteingles.es/SGFM/dctm/MEDIA02/CONTENIDOS/201505/26/00201050204021____1__600x600.jpg","price":"4,39 €","price_unit":"(19,09 € / Kilo)","categories":["Supermercado","Alimentación General","Platos preparados","Platos preparados diversos","BO DE DEBO libritos fritos de jamón y queso bandeja 230 g"],"general_information":[],"ingredients":[],"ean":"8436031602135"},{"full_name":"BO DE DEBO croquetas de jamón ibérico 10 unidades envase 295 g","name":"croquetas de jamón ibérico 10 unidades envase 295 g","brand":"BO DE DEBO ","img":"https://sgfm.elcorteingles.es/SGFM/dctm/MEDIA03/201709/21/00118850501406____1__600x600.jpg","price":"3,37 €","price_unit":"(11,42 € / Kilo)","categories":["Supermercado","Alimentación General","Platos preparados","Platos preparados diversos","BO DE DEBO croquetas de jamón ibérico 10 unidades envase 295 g"],"general_information":["Denominación del alimento: Croquetas de Jamón Ibérico Fritas.","Nombre del operador: Bo De Debo S.A.","Dirección del operador: c/ Mª Aurèlia Capmany s/n  (08295 Sant Vicenç de Castellet).","Cantidad Neta: 295,0 g","Número de raciones por envase: 10","Otras menciones obligatorias en la etiqueta: Envasado en Atmósfera Modificada."],"ingredients":[" Leche entera, harina de trigo, pan rallado (gluten), aceite de girasol, jamón ibérico 5% (jamón  de cerdo ibérico, sal y conservador: nitrato potasico),  huevo líquido pasteurizado, mantequilla, cebolla frita deshidratada (cebolla, grasa de palma, harina de trigo, sal) y conservador: sorbato potásico. En nuestras instalaciones manipulamos productos que contienen: crustáceos, pescado, apio, cacahuetes, soja, frutos de cáscara, mostaza, sésamo, sulfitos y moluscos."],"conservation":" Una vez abierto conservar entre 0-4°C, protegido con un  film y consumir en máximo 2 dias.","ean":"8480004114408"},{"full_name":"BO DE DEBO croquetas de pollo 10 unidades envase 295 g","name":"croquetas de pollo 10 unidades envase 295 g","brand":"BO DE DEBO ","img":"https://sgfm.elcorteingles.es/SGFM/dctm/MEDIA03/201709/20/00118850501414____1__600x600.jpg","price":"3,37 €","price_unit":"(11,42 € / Kilo)","categories":["Supermercado","Alimentación General","Platos preparados","Platos preparados diversos","BO DE DEBO croquetas de pollo 10 unidades envase 295 g"],"general_information":["Denominación del alimento: Croquetas de Pollo Fritas.","Nombre del operador: Bo De Debo S.A.","Dirección del operador: c/ Mª Aurèlia Capmany s/n  (08295 Sant Vicenç de Castellet).","Cantidad Neta: 295,0 g","Número de raciones por envase: 10","Otras menciones obligatorias en la etiqueta: Envasado en Atmósfera Modificada."],"ingredients":[" Leche entera pasteurizada, carne de pollo 33%, harina de trigo, mantequilla, aceite de girasol, pan rallado (gluten), cebolla, caldo de pollo (Sal, grasa de pollo, aroma (con trigo y huevo), extracto de levadura con cebada, grasa de ternera, aroma natural (con trigo), azúcar, maltodextrina, extracto de limón, espécias (con apio), acidulante: ácido cítrico), huevo líquido pasteurizado, aceite de orujo de oliva, sal y conservante: sorbato potásico. En nuestras instalaciones manipulamos productos que contienen: crustáceos, pescado, cacahuetes, frutos de cáscara, mostaza, sésamo, súlfitos, soja y moluscos."],"conservation":" Una vez abierto conservar entre 0-4°C, protegido con un  film y consumir en máximo 2 dias.","ean":"8480004114415"},{"full_name":"CASA MAS croquetas caseras 2 raciones envase 280 g","name":"croquetas caseras 2 raciones envase 280 g","brand":"CASA MAS ","img":"https://sgfm.elcorteingles.es/SGFM/dctm/MEDIA02/CONTENIDOS/201411/05/00201050501582____1__600x600.jpg","price":"3,49 €","price_unit":"(12,46 € / Kilo)","categories":["Supermercado","Alimentación General","Platos preparados","Platos preparados diversos","CASA MAS croquetas caseras 2 raciones envase 280 g"],"general_information":["Denominación del alimento: Croquetas Caseras","Nombre del operador: Casa Mas Alimentación, S.L.","Dirección del operador: Pol. Industrial el Vapor. Nau B-1,B-2 ? 08183 Castellterçol (Barcelona)","Cantidad Neta: 280 g","Otras menciones obligatorias en la etiqueta: Envasado en atmósfera protectora."],"ingredients":[" Masa de croquetas (leche, asado de carne (carne de cerdo, carne de pollo, cebolla, zanahoria, aguardiente de vino, sal, ajo, piemienta blanca), harina de trigo, aceite de girasol, margarina, cebolla, sal, espesantes: metilcelulosa, goma xantana, goma de garrofín, goma guar; caldo de pollo, conservador: sorbato potásico; nuez moscada), rebozado (pan rallado(harina de trigo, harina integral de trigo, levadura y sal), agua, encolante (harina de trigo, sal, estabilizantes: hidroxipropilmetilcelulosa, goma xantana, goma guar; conservador: sorbato potásico), aceite de girasol y sorbato potásico)."],"conservation":" Conservar entre 0-4°C. Una vez abierto, consumir en 48 horas. Vida útil mínima garantizada: 18 días.","ean":"8437007140811"},{"full_name":"CASA MAS croquetas de jamón 2 raciones envase 280 g","name":"croquetas de jamón 2 raciones envase 280 g","brand":"CASA MAS ","img":"https://sgfm.elcorteingles.es/SGFM/dctm/MEDIA02/CONTENIDOS/201411/05/00201050501590____1__600x600.jpg","price":"3,49 €","price_unit":"(12,46 € / Kilo)","categories":["Supermercado","Alimentación General","Platos preparados","Platos preparados diversos","CASA MAS croquetas de jamón 2 raciones envase 280 g"],"general_information":["Denominación del alimento: Croquetas de Jamón Ibérico","Nombre del operador: Casa Mas Alimentación, S.L.","Dirección del operador: Pol. Industrial el Vapor. Nau B-1,B-2 ? 08183 Castellterçol (Barcelona)","Cantidad Neta: 280 g","Otras menciones obligatorias en la etiqueta: Envasado en atmósfera protectora."],"ingredients":[" Masa de croquetas (leche, harina de trigo, jamón curado (jamón de cardo, sal, azúcar, dextrosa, conservadores: nitrito sódico y nitrato potásico), jamón cocido(carne de cerdo, agua, fécula, sal, dextrosa, proteína de soja, estabilizantes: trifosfatos y carragenano, aroma, antioxidantes: eritorbato sódico y lactato sódico; conservador : nitrito sódico; colorante: carmín; leche), margarina, cabolla, aceite de girasol, jamón ibérico 1%, espesantes: metilcelulosa, goma xantana, goma de garrofín, goma guar; caldo de pollo, conservador: sorbato potásico; nuez moscada), y rebozado (pan rallado(harina de trigo, harina integral de trigo, levadura y sal), agua, encolante (harina de trigo, sal, estabilizantes: hidroxipropilmetilcelulosa, goma xantana y goma guar; conservador: sorbato potásico), aceite de girasol y sorbato potásico)."],"conservation":" Conservar entre 0-4°C. Una vez abierto, consumir en 48 horas. Vida útil mínima garantizada: 18 días.","ean":"8437007140859"},{"full_name":"CASA MAS croquetas de bacalao envase 280 g","name":"croquetas de bacalao envase 280 g","brand":"CASA MAS ","img":"https://sgfm.elcorteingles.es/SGFM/dctm/MEDIA03/201708/25/00118850501836____2__600x600.jpg","price":"3,49 €","price_unit":"(12,46 € / Kilo)","categories":["Supermercado","Alimentación General","Platos preparados","Platos preparados diversos","CASA MAS croquetas de bacalao envase 280 g"],"general_information":["Denominación del alimento: Crquetas Bacalao","Nombre del operador: Casa Mas Alimentación, S.L.","Dirección del operador: Pol. Industrial el Vapor. Nau B-1,B-2 ? 08183 Castellterçol (Barcelona)","Cantidad Neta: 280 g","Otras menciones obligatorias en la etiqueta: Envasado en atmósfera protectora."],"ingredients":[" Masa de croquetas (leche, bacalao 26% (Gadus morhua, sal y agua), harina de trigo, margarina, cebolla, aceite de girasol, caldo de pescado (agua, sofrito (cangrejo, tomate, hortalizas: zanahoria, cebolla, apio, puerro), aceite de oliva, vino blanco (sulfitos),sal, pimentón dulce, ajo, pescado de roca, cabeza de rape (Lophius spp), pan), sal, ajo, espesantes: metilcelulosa, goma xantana, goma de garrofín, goma guar; conservador: sorbato potásico; nuez moscada), rebozado (pan rallado(harina de trigo, harina integral de trigo, levadura y sal), agua, encolante (harina de trigo, sal, estabilizantes: hidroxipropilmetilcelulosa, goma xantana, goma guar; conservador: sorbato potásico), aceite de girasol y sorbato potásico)."],"conservation":" Conservar entre 0-4°C. Una vez abierto, consumir en 48 horas. Vida útil mínima garantizada: 18 días.","ean":"8437007140835"},{"full_name":"CASA MAS fideúa envase 400 g","name":"fideúa envase 400 g","brand":"CASA MAS ","img":"https://sgfm.elcorteingles.es/SGFM/dctm/MEDIA03/201604/05/00118850501968____1__600x600.jpg","price":"4,58 €","price_unit":"(11,45 € / Kilo)","categories":["Supermercado","Alimentación General","Platos preparados","Platos preparados diversos","CASA MAS fideúa envase 400 g"],"general_information":["Denominación del alimento: Fideuá Mediterránea","Nombre del operador: Casa Mas Alimentación, S.L.","Dirección del operador: Pol. Industrial el Vapor. Nau B-1,B-2 ? 08183 Castellterçol (Barcelona)","Cantidad Neta: 400 g","Otras menciones obligatorias en la etiqueta: Envasado en atmósfera protectora."],"ingredients":[" Sofrito (pota japonesa 21%(Todarodes pacificus), cebolla, tomate frito (tomate, concentrado de tomate, aceite de girasol, almidón modificado de maíz, sal, verduras, azúcar y acidulante: ácido cítrico), aceite de oliva, vino blanco (sulfitos), pimiento verde, sopa de pescado (agua, sofrito (cangrejo, tomate, hortalizas en proporción variable (zanahoria, cebolla, apio, puerro), aceite, vino blanco (sulfitos), sal, pimentón dulce, ajo, pescado de roca, cabeza de rape (Lophius spp) y pan), ajo, laurel), caldo de marisco (agua, centollo (Maja squinado), cebolla, vino blanco (sulfitos), salsa de tomate (tomate y acidulante: ácido cítrico), aceite de girasol, sal baja en sodio, ajo, pimentón dulce, laurel), fideos 21%, alioli (aceite de oliva, ajo, aceite de girasol, sal), sal, conservadores: sorbato potásico y ácido sórbico)."],"conservation":" Conservar entre 0-4°C. Una vez abierto, consumir en 48 horas. Vida útil mínima garantizada: 18 días.","ean":"8437004378125"},{"full_name":"CASA MAS pastel frío de atún envase 400 g","name":"pastel frío de atún envase 400 g","brand":"CASA MAS ","img":"https://sgfm.elcorteingles.es/SGFM/dctm/MEDIA03/201708/25/00118850501570____1__600x600.jpg","price":"4,20 €            ","price_unit":"(8,75 € / Kilo)","categories":["Supermercado","Alimentación General","Platos preparados","Platos preparados diversos","CASA MAS pastel frío de atún envase 400 g"],"general_information":["Denominación del alimento: Pastel Frío de Atún","Nombre del operador: Casa Mas Alimentación, S.L.","Dirección del operador: Pol. Industrial el Vapor. Nau B-1,B-2 ? 08183 Castellterçol (Barcelona)","Cantidad Neta: 400 g","Otras menciones obligatorias en la etiqueta: Envasado en atmósfera protectora."],"ingredients":[" Mayonesa, pan de molde (harina de trigo, agua, levadura, azúcar, aceite refinado de girasol, sal, harina de habas, vinagre de vino, emulgentes: ésteres diacetiltartáricos de monoglicéridos y diglicéridos, GMS; corrector de acidez: fosfato tricálcico; antioxidante: ácido ascórbico; conservantes: propionato cálcico y ácido sórbico), atún en conserva 22% (atún, aceite vegetal y sal), tomate frito (tomate, concentrado de tomate, aceite de girasol, almidón modificado de maíz, sal, verduras, azúcar y acidulante: ácido cítrico), huevo duro (huevo, salmuera (sal, reguladores de la acidez: ácido cítrico y ácido acético)."],"conservation":" Conservar entre 0-4°C. Una vez abierto, consumir en 48 horas. Vida útil mínima garantizada: 18 días.","ean":"8437004378033"},{"full_name":"MONTE CORONA caracoles cocidos frasco 1,8 kg neto escurrid","name":"caracoles cocidos frasco 1,8 kg neto escurrid","brand":"MONTE CORONA ","img":"https://sgfm.elcorteingles.es/SGFM/dctm/CONTENIDOS/201512/15/00200134901206____1__600x600.jpg","price":"20,95 €","categories":["Supermercado","Alimentación General","Platos preparados","Platos preparados diversos","MONTE CORONA caracoles cocidos frasco 1,8 kg neto escurrid"],"general_information":[],"ingredients":[],"ean":"8437002563127"},{"full_name":"ARGAL patatas bravas con salsa brava y salsa fina envase 240 g","name":"patatas bravas con salsa brava y salsa fina envase 240 g","brand":"ARGAL ","img":"https://sgfm.elcorteingles.es/SGFM/dctm/MEDIA03/201711/22/00118850502289____6__600x600.jpg","price":"1,89 €","price_unit":"(7,88 € / Kilo)","categories":["Supermercado","Alimentación General","Platos preparados","Platos preparados diversos","ARGAL patatas bravas con salsa brava y salsa fina envase 240 g"],"general_information":["Denominación del alimento: Comida preparada","Nombre del operador: GRUPO ALIMENTARIO ARGAL, S.A.","Dirección del operador: Ctra. Mollerussa, s/n. 25242 (Miralcamp) Lleida. España","Cantidad Neta: 0.24 Kilogramos"],"ingredients":[" Patatas (63%) (patatas, aceite de girasol y sal), Salsa fina (aceite refinado de soja, yema de huevo pasteurizada, vinagre de alcohol, azúcar, sal, almidón modificado, fibra de cítricos y remolacha, estabilizantes (E-412, E-415, E-417), conservador (E-202), aromas, antioxidante (E-385), edulcorante (aspartamo) y colorante (E-160a)). Contiene una fuente de fenilalanina., Salsa brava (tomate, jarabe de glucosa y fructosa, vinagre de alcohol, azúcar, almidón modificado, sal, estabilizantes (E-412, E-415), aromas y conservadores (E-202 y E-211)), Contiene trazas de (apio, crustáceos, mostaza, leche, sésamo, pescado y moluscos)."],"conservation":" Conservar entre 0°C y 5°C.","ean":"8410764003841"},{"full_name":"LITORAL patatas riojana lata 425 g","name":"patatas riojana lata 425 g","brand":"LITORAL ","img":"https://sgfm.elcorteingles.es/SGFM/dctm/MEDIA03/201602/19/00118033000813____1__600x600.jpg","price":"2,03 €","price_unit":"(4,78 € / Kilo)","categories":["Supermercado","Alimentación General","Platos preparados","Platos preparados diversos","LITORAL patatas riojana lata 425 g"],"general_information":[],"ingredients":[],"ean":"7613035552043"},{"full_name":"TORO puré de guisantes verdes rápida sobre 164 g","name":"puré de guisantes verdes rápida sobre 164 g","brand":"TORO ","img":"https://sgfm.elcorteingles.es/SGFM/dctm/MEDIA02/CONTENIDOS/201502/05/00200101501427____1__600x600.jpg","price":"5,49 €","price_unit":"(33,48 € / Kilo)","categories":["Supermercado","Alimentación General","Platos preparados","Platos preparados diversos","TORO puré de guisantes verdes rápida sobre 164 g"],"general_information":[],"ingredients":[],"ean":"7037610040136"},{"full_name":"TORO sopa de guisantes amarillos sobre 146 g","name":"sopa de guisantes amarillos sobre 146 g","brand":"TORO ","img":"https://sgfm.elcorteingles.es/SGFM/dctm/MEDIA02/CONTENIDOS/201502/05/00200101501443____1__600x600.jpg","price":"4,85 €","price_unit":"(33,22 € / Kilo)","categories":["Supermercado","Alimentación General","Platos preparados","Platos preparados diversos","TORO sopa de guisantes amarillos sobre 146 g"],"general_information":[],"ingredients":[],"ean":"7037610022033"},{"full_name":"TORO sopa stroganoff gryte sobre 100 g","name":"sopa stroganoff gryte sobre 100 g","brand":"TORO ","img":"https://sgfm.elcorteingles.es/SGFM/dctm/MEDIA02/CONTENIDOS/201502/05/00200101501450____1__600x600.jpg","price":"6,05 €","price_unit":"(60,50 € / Kilo)","categories":["Supermercado","Alimentación General","Platos preparados","Platos preparados diversos","TORO sopa stroganoff gryte sobre 100 g"],"general_information":[],"ingredients":[],"ean":"7037610045735"},{"full_name":"BRILLANTE Benefit cous cous, quinoa y verduras envase 200 g","name":"Benefit cous cous, quinoa y verduras envase 200 g","brand":"BRILLANTE ","img":"https://sgfm.elcorteingles.es/SGFM/dctm/MEDIA03/201705/08/00118005500600____1__600x600.jpg","price":"1,35 €","categories":["Supermercado","Alimentación General","Platos preparados","Platos preparados diversos","BRILLANTE Benefit cous cous, quinoa y verduras envase 200 g"],"general_information":["Denominación del alimento: Benefit cous cous quinoa y verduras","Nombre del operador: Herba Ricemills. S.L.U.","Dirección del operador: C/ Real. 43 - 41920 San Juan de Aznalfarache (Sevilla)","Cantidad Neta: 225 g"],"ingredients":[" Cous cous (70%) (sémola de trigo duro), quinoa roja (10%), vegetales (8%) (zanahoria, cebolla, puerro, apio, chirivia), papaya, aceite de oliva virgen, sal, aroma, estabilizador: carragenano, zumo de limón."],"conservation":" Conservar a temperatura ambiente en lugar fresco y seco.","ean":"8410184032056"},{"full_name":"CHANDON croquetas de jamón envase 490 g","name":"croquetas de jamón envase 490 g","brand":"CHANDON ","img":"https://sgfm.elcorteingles.es/SGFM/dctm/MEDIA03/201707/17/00118850502362____1__600x600.jpg","price":"6,21 €","price_unit":"(12,67 € / Kilo)","categories":["Supermercado","Alimentación General","Platos preparados","Platos preparados diversos","CHANDON croquetas de jamón envase 490 g"],"general_information":[],"ingredients":[],"ean":"8437016054017"},{"full_name":"CHANDON bola de pimiento envase 360 g","name":"bola de pimiento envase 360 g","brand":"CHANDON ","img":"https://sgfm.elcorteingles.es/SGFM/dctm/MEDIA03/201707/17/00118850502370____1__600x600.jpg","price":"4,67 €","price_unit":"(12,97 € / Kilo)","categories":["Supermercado","Alimentación General","Platos preparados","Platos preparados diversos","CHANDON bola de pimiento envase 360 g"],"general_information":[],"ingredients":[],"ean":"8437016054079"},{"full_name":"CHANDON bola de queso y espinaca envase 360 g","name":"bola de queso y espinaca envase 360 g","brand":"CHANDON ","img":"https://sgfm.elcorteingles.es/SGFM/dctm/MEDIA03/201707/17/00118850502388____1__600x600.jpg","price":"4,67 €","price_unit":"(12,97 € / Kilo)","categories":["Supermercado","Alimentación General","Platos preparados","Platos preparados diversos","CHANDON bola de queso y espinaca envase 360 g"],"general_information":[],"ingredients":[],"ean":"8437016054086"},{"full_name":"POC A POC patatas al aroma de ajo y romero envase 160 g","name":"patatas al aroma de ajo y romero envase 160 g","brand":"POC A POC ","img":"https://sgfm.elcorteingles.es/SGFM/dctm/MEDIA03/201707/24/00118850100993____1__600x600.jpg","price":"2,69 €","price_unit":"(16,81 € / Kilo)","categories":["Supermercado","Alimentación General","Platos preparados","Platos preparados diversos","POC A POC patatas al aroma de ajo y romero envase 160 g"],"general_information":[],"ingredients":[],"ean":"8437014022025"},{"full_name":"EL CORTE INGLES fabada asturiana lata 425 g","name":"fabada asturiana lata 425 g","brand":"EL CORTE INGLES ","img":"https://sgfm.elcorteingles.es/SGFM/dctm/MEDIA03/201609/22/00118030200127____2__600x600.jpg","price":"1,05 €","price_unit":"(2,47 € / Kilo)","categories":["Supermercado","Alimentación General","Platos preparados","Fabada","EL CORTE INGLES fabada asturiana lata 425 g"],"general_information":["Denominación del alimento: Fabada Asturiana","Nombre del operador: Elaborado para \nEl Corte Inglés por \nBAJAMAR, S.A \nCtra. Sangüesa, s/n \n31310 - Carcastillo (Navarra) \nEspaña","Cantidad Neta: 425 g","Número de raciones por envase: 2"],"ingredients":[" Ingredientes: Alubia (58%), agua de cocción, chorizo (4%): (magro y tocino de cerdo, pimentón, sal, ajo, dextrina, dextrosa, emulgente: E 451i, antioxidantes: E 331 y E 301, conservador: E 250 y colorante natural: E 120), morcilla (4%): (tocino, cebolla, sangre, fécula de patata, pimentón, sal y antioxidantes: E 301 y E 331), panceta de cerdo (3%): (panceta, sal y conservadores: E 250 y E 252), sal y antioxidante: E 385"],"conservation":" Conservar en lugar fresco y seco. Una vez abierto mantener en refrigeración un máximo de 48h","ean":"8433329070997"},{"full_name":"LITORAL fabada Asturiana pack 2 lata 435 g","name":"fabada Asturiana pack 2 lata 435 g","brand":"LITORAL ","img":"https://sgfm.elcorteingles.es/SGFM/dctm/MEDIA02/CONTENIDOS/201412/10/00118030200341____1__600x600.jpg","price":"3,25 €","price_unit":"(3,74 € / Kilo)","categories":["Supermercado","Alimentación General","Platos preparados","Fabada","LITORAL fabada Asturiana pack 2 lata 435 g"],"general_information":["Denominación del alimento: Fabada Asturiana. Plato cocinado.","Nombre del operador: Nestlé España, S.A.","Dirección del operador: Avinguda Països Catalans, 51 - 08950 Esplugues de Llobregat (Barcelona)","Cantidad Neta: 870 g"],"ingredients":[" Alubias cocidas (47,7%) (agua, alubias 19,8%), agua, chorizo extra (5,9%) (magro, papada y panceta ahumada de cerdo, sal, pimentón, ajo), morcilla curada (5,5%) (tocino, papada, panceta ahumada, sangre y magro de cerdo, cebolla, pimentón, sal, orégano), panceta ahumada (5,0%) (panceta de cerdo, sal, humo natural), manteca de cerdo ibérico, sal."],"conservation":"Modo de empleo: Al baño maría: Abrir la lata y ponerla al baño maría durante 15 minutos. / Cazuela: Verter el contenido de la lata en un cazo y calentarlo a fuego suave durante 10 minutos. / Microondas: Verter el contenido de la lata en un recipiente no metálico y calentarlo, tapado, en un microondas de 3 a 5 minutos, en función de la potencia.","ean":"7613032645663"},{"full_name":"LITORAL fabada asturiana lata 865 g","name":"fabada asturiana lata 865 g","brand":"LITORAL ","img":"https://sgfm.elcorteingles.es/SGFM/dctm/MEDIA02/CONTENIDOS/201502/11/00118030200069____3__600x600.jpg","price":"3,49 €","price_unit":"(4,03 € / Kilo)","categories":["Supermercado","Alimentación General","Platos preparados","Fabada","LITORAL fabada asturiana lata 865 g"],"general_information":["Denominación del alimento: Fabada Asturiana. Plato cocinado","Nombre del operador: Nestlé España, S.A.","Dirección del operador: Av. Països Catalans 25-51, 08950 Esplugues de Llobregat (Barcelona)","Cantidad Neta: 865 g"],"ingredients":[" Alubias cocidas (47.7%) (agua, alubias 19.8%), agua, chorizo extra (5.9%) (magro, papada y panceta ahumada de cerdo, sal, pimentón, ajo), morcilla curada (5.5%) (tocino, papada, panceta ahumada, sangre y magro de cerdo, cebolla, pimentón, sal, orégano), panceta ahumada (5.0%) (panceta de cerdo, sal, humo natural), manteca de cerdo ibérico, sal."],"conservation":"Modo de empleo: 3 modos de empleo: 1- Abrir la tapa y ponerla al baño maría durante 15 minutos. 2- Verter el contenido de la lata en un cazo y calentarlo a fuego suave durante 10 minutos. 3- Verter el contenido de la lata en un recipiente no metálico y calentarlo, tapado, en un microondas de 3 a 5 minutos, en función de la potencia.","ean":"8410100064932"},{"full_name":"LITORAL fabada asturiana lata 435 g","name":"fabada asturiana lata 435 g","brand":"LITORAL ","img":"https://sgfm.elcorteingles.es/SGFM/dctm/MEDIA02/CONTENIDOS/201408/20/00118030200051____1__600x600.jpg","price":"1,70 €","price_unit":"(3,91 € / Kilo)","categories":["Supermercado","Alimentación General","Platos preparados","Fabada","LITORAL fabada asturiana lata 435 g"],"general_information":["Denominación del alimento: Fabada asturiana plato cocinado","Nombre del operador: Nestlé España, S.A.","Dirección del operador: Avinguda Països Catalans, 51 - 08950 Esplugues de Llobregat (Barcelona)","Cantidad Neta: 435 g"],"ingredients":[" Alubias cocidas, (47.7%) (agua, alubias 19.8%) agua, chorizo extra (5.9%) (magro, papada y panceta ahumada de cerdo, sal, pimentón, ajo) morcilla curada (5.5%)(tocino, papada y panceta ahumada, sangre y magro de cerdo, cebolla, pimentón, sal, orégano), panceta ahumada (5.0%)(panceta de cerdo, sal, humo natural) manteca de cerdo ibérica, sal."],"conservation":"Modo de empleo: 3 Modos de preparación: Abrir la lata y ponerla al baño maría durante 15 minutos. Verter el contenido de la lata en un cazo y calentarlo a fuego suave durante 10 minutos. Verter el contenido de la lata en un recipiente no metálico y calentarlo, tapado, en un microondas de 3 a 5 minutos, en función de la potencia.","ean":"8413000065504"},{"full_name":"ALBO fabada asturiana lata 425 g","name":"fabada asturiana lata 425 g","brand":"ALBO ","img":"https://sgfm.elcorteingles.es/SGFM/dctm/MEDIA03/201602/22/00118030200168____1__600x600.jpg","price":"1,60 €","price_unit":"(3,76 € / Kilo)","categories":["Supermercado","Alimentación General","Platos preparados","Fabada","ALBO fabada asturiana lata 425 g"],"general_information":["Denominación del alimento: Fabada asturiana","Nombre del operador: HIJOS DE CARLOS ALBO S.L.","Dirección del operador: Rúa Jacinto Benavente, 41, 36208 Vigo, Pontevedra ESPAÑA","Cantidad Neta: 425 g","Peso neto escurrido: 0.425 Kilogramos"],"ingredients":[" Alubias, agua de cocción, panceta, morcilla, chorizo, almidón de patata, aceite de girasol, sal, especias y colorante: extracto de pimentón."],"ean":"8410032006444"},{"full_name":"CAMPANAL fabada asturiana especial con fabes de la granja lata 880 g","name":"fabada asturiana especial con fabes de la granja lata 880 g","brand":"CAMPANAL ","img":"https://sgfm.elcorteingles.es/SGFM/00/13/5/0118030200135/0118030200135000g01011.jpg","price":"8,09 €","price_unit":"(9,19 € / Kilo)","categories":["Supermercado","Alimentación General","Platos preparados","Fabada","CAMPANAL fabada asturiana especial con fabes de la granja lata 880 g"],"general_information":["Denominación del alimento: Fabada asturiana Especial","País de origen: España","Nombre del operador: PRODUCTOS CAMPANAL S.A","Dirección del operador: C/Eguilior, 1- 39740 Santoña","Cantidad Neta: 880 g","Número de raciones por envase: 2"],"ingredients":[" Fabes de la granja 45%, agua de cocción, chorizo 6% (magro de cerdo, papada, tocino, pimentón, ajo, sal, dextrina, azúcar, proteína vegetal de soja, estabilizante E-450, humo natural), morcilla 5% (tocino, cebolla, sangre, pimentón, sal, orégano, humo natural), panceta de cerdo ibérico curada 5% (panceta de cerdo ibérico, sal, conservadores E-252 y E-250), lacón 3% (paleta fresca, sal, sacarosa, conservador E-250 y E-252, antioxidante E-301), aceite de oliva, sal, pimentón dulce, azafrán 0,001%"],"conservation":"Modo de empleo: 1.Verter el contenido de la lata en una cazuela, preferentemente de barro y calentar entre 3-5 minutos. 2.Abrir el envase y calentar suavemente el baño María durante 10-15 minutos. 3.Verter el contenido de la lata en un recipiente apto para microondas y calentar durante 2-3 minutos a máxima potencia.","ean":"8410125001004"},{"full_name":"CAMPANAL fabada asturiana lata 425 g","name":"fabada asturiana lata 425 g","brand":"CAMPANAL ","img":"https://sgfm.elcorteingles.es/SGFM/00/15/0/0118030200150/0118030200150000g01011.jpg","price":"1,96 €","price_unit":"(4,61 € / Kilo)","categories":["Supermercado","Alimentación General","Platos preparados","Fabada","CAMPANAL fabada asturiana lata 425 g"],"general_information":["Denominación del alimento: Fabada asturiana","País de origen: España","Nombre del operador: PRODUCTOS CAMPANAL S.A","Dirección del operador: C/Eguilior, 1- 39740 Santoña","Cantidad Neta: 425 g","Número de raciones por envase: 1"],"ingredients":[" Fabes 55%, agua de cocción, chorizo 5% (magro de cerdo, papada, tocino, pimentón, ajo, sal, dextrina, azúcar, proteína vegetal de soja, estabilizante E-450, humo natural) morcilla 5% ( tocino, cebolla, sangre, pimentón, sal, orégano, humo natural), panceta de cerdo ibérico 5% (panceta de cerdo ibérico, sal, conservadores E-252 y E-250), aceite de oliva, sal, pimentón dulce 0,1%, azafrán 0,001 %"],"conservation":"Modo de empleo: 1.Verter el contenido de la lata en una cazuela, preferentemente de barro y calentar entre 3-5 minutos. 2.Abrir el envase y calentar suavemente el baño María durante 10-15 minutos. 3.Verter el contenido de la lata en un recipiente apto para microondas y calentar durante 2-3 minutos a máxima potencia.","ean":"8410125009925"},{"full_name":"CARRETILLA fabada asturiana envase 350 g","name":"fabada asturiana envase 350 g","brand":"CARRETILLA ","img":"https://sgfm.elcorteingles.es/SGFM/dctm/MEDIA02/CONTENIDOS/201505/05/00118030200515____1__600x600.jpg","price":"2,24 €","price_unit":"(6,40 € / Kilo)","categories":["Supermercado","Alimentación General","Platos preparados","Fabada","CARRETILLA fabada asturiana envase 350 g"],"general_information":["Denominación del alimento: Fabada","Nombre del operador: Ind. Alim. de Navarra, S.A.U.","Dirección del operador: Pol.Peñalfons, s/n. 31330 Villafranca. Navarra - España","Cantidad Neta: 350 g"],"ingredients":[" Alubia blanca cocida (50%), agua, morcilla ahumada (4%) [tocino, cebolla, sangre de cerdo, almidón de patata, pimentón, sal y antioxidantes: E-301 y E-331iii], chorizo curado (4%) (magro y tocino de cerdo, pimentón, sal, ajo, dextrina, dextrosa, emulgente (E-451i), antioxidantes (E-331iii y E-301) y colorante natural (E-120)], panceta curada (4%)[panceta y sal], aceite de oliva, almidón modificado de maíz, ajo, sal, extracto de levadura y lecitina de soja. Contiene soja. Puede contener trazas de: crustáceos, huevo, pescado, leche y derivados, apio, mostaza y moluscos."],"conservation":" Mantener en lugar fresco y seco.","ean":"8410416008378"},{"full_name":"EL GAITERO fabada asturiana lata 280 g neto escurrido","name":"fabada asturiana lata 280 g neto escurrido","brand":"EL GAITERO ","img":"https://sgfm.elcorteingles.es/SGFM/00/11/0/0118030600110/0118030600110000g01011.jpg","price":"2,27 €","price_unit":"(8,11 € / Kilo)","categories":["Supermercado","Alimentación General","Platos preparados","Fabada","EL GAITERO fabada asturiana lata 280 g neto escurrido"],"general_information":[],"ingredients":[],"ean":"8412159111100"},{"full_name":"LA ERMITA fabada asturiana tarro 550 g","name":"fabada asturiana tarro 550 g","brand":"LA ERMITA ","img":"https://sgfm.elcorteingles.es/SGFM/dctm/MEDIA03/201607/13/00200130200769____1__600x600.jpg","price":"5,84 €","categories":["Supermercado","Alimentación General","Platos preparados","Fabada","LA ERMITA fabada asturiana tarro 550 g"],"general_information":["Denominación del alimento: Fabada asturiana","País de origen: España","Nombre del operador: Delicatessen La Ermita, S.L.","Dirección del operador: CARRETERA NACIONAL 634, S/N- 39591 CASAR DE PERIEDO","Cantidad Neta: 550 g"],"ingredients":[" Fabes (56%), chorizo asturiano (magro y tocino de cerdo, pimentón, sal, ajo y tripa natural ), panceta curada ( panceta de cerdo y sal), morcilla asturiana (tocino de cerdo, cebolla, sangre, pimentón, sal y tripa natural), aceite de oliva, sal, pimentón, y agua."],"conservation":" Conservar en lugar seco y fresco","ean":"8436019980583"},{"full_name":"ALTA SIERRA DE TINEO fabada lata 700 g","name":"fabada lata 700 g","brand":"ALTA SIERRA DE TINEO ","img":"https://sgfm.elcorteingles.es/SGFM/dctm/MEDIA03/201707/17/00200130700834____1__600x600.jpg","price":"6,25 €","categories":["Supermercado","Alimentación General","Platos preparados","Fabada","ALTA SIERRA DE TINEO fabada lata 700 g"],"general_information":[],"ingredients":[],"ean":"8437005185043"},{"full_name":"EL CORTE INGLES lentejas con chorizo lata 400 g","name":"lentejas con chorizo lata 400 g","brand":"EL CORTE INGLES ","img":"https://sgfm.elcorteingles.es/SGFM/dctm/MEDIA03/201702/13/00200130200421____2__600x600.jpg","price":"0,99 €","price_unit":"(2,48 € / Kilo)","categories":["Supermercado","Alimentación General","Platos preparados","Lentejas guisadas","EL CORTE INGLES lentejas con chorizo lata 400 g"],"general_information":["Denominación del alimento: Lentejas con chorizo","Nombre del operador: Elaborado para \nEl Corte Inglés por \nBAJAMAR, S.A \nCtra. Sangüesa, s/n \n31310 - Carcastillo (Navarra) \nEspaña","Cantidad Neta: 400 g","Número de raciones por envase: 2"],"ingredients":[" Ingredientes: Lentejas (55%), agua, tocino, chorizo (3%) (magro de cerdo, panceta, sal, pimentón y ajo), sal, tomate, patata, potenciador del sabor: E-621, cebolla, azúcar, ajo, laurel y pimienta blanca."],"conservation":" Conservar en lugar fresco y seco. Una vez abierto mantener en refrigeración un máximo de 48h","ean":"8433329070980"},{"full_name":"LITORAL lentejas a la riojana bote 430 g","name":"lentejas a la riojana bote 430 g","brand":"LITORAL ","img":"https://sgfm.elcorteingles.es/SGFM/dctm/MEDIA02/CONTENIDOS/201408/25/00118030200382____2__600x600.jpg","price":"1,54 €","price_unit":"(3,58 € / Kilo)","categories":["Supermercado","Alimentación General","Platos preparados","Lentejas guisadas","LITORAL lentejas a la riojana bote 430 g"],"general_information":["Denominación del alimento: Lentejas riojana plato cocinado","Nombre del operador: Nestlé España, S.A.","Dirección del operador: Avinguda Països Catalans, 51 - 08950 Esplugues de Llobregat (Barcelona)","Cantidad Neta: 430 g"],"ingredients":[" Lentejas cocidas (41,9%) (agua, lentejas 15,2%), agua, sofrito (16,1%) [tomate, cebolla, panceta ahumada (panceta de cerdo, sal, humo natural), manteca de cerdo ibérico, sal, vino blanco, ajo, pimentón, laurel], patatas, chorizo extra (6,0%) (magro, papada y panceta ahumada de cerdo, sal, pimentón, ajo), zanahoria."],"conservation":"Modo de empleo: 3 Modos de preparación: Abrir la lata y ponerla al baño maría durante 15 minutos. Verter el contenido de la lata en un cazo y calentarlo a fuego suave durante 10 minutos. Verter el contenido de la lata en un recipiente no metálico y calentarlo, tapado, en un microondas de 3 a 5 minutos, en función de la potencia.","ean":"8413000065764"},{"full_name":"LITORAL Hoy Legumbres las lentejas con su sofrito lata 435 g","name":"Hoy Legumbres las lentejas con su sofrito lata 435 g","brand":"LITORAL ","img":"https://sgfm.elcorteingles.es/SGFM/dctm/MEDIA03/201611/21/00118030200630____1__600x600.jpg","price":"1,29 €","price_unit":"(2,97 € / Kilo)","categories":["Supermercado","Alimentación General","Platos preparados","Lentejas guisadas","LITORAL Hoy Legumbres las lentejas con su sofrito lata 435 g"],"general_information":["Denominación del alimento: Lentejas estofadas. Plato cocinado.","Nombre del operador: Nestlé España, S.A.","Dirección del operador: Nestlé España, S.A., Edificio Nestlé, 08950 Esplugues de Llobregat (Barcelona)","Cantidad Neta: 435 g"],"ingredients":[" Lentejas cocidas (58,0%) (agua, lentejas 21,1%), salsa sofrito (agua, tomate 11,0%, cebolla 2,6%, panceta, manteca de cerdo ibérico, sal, vino blanco, ajo, pimentón dulce, laurel)."],"conservation":"Modo de empleo: 3 MODOS DE PREPARACIÓN : - Abrir la lata y ponerla al baño maría durante 15 minutos. / - Verter el contenido de la lata en un cazo y calentarlo a fuego suave durante 3-5 minutos. / - Verter el contenido de la lata en un recipiente no metálico y calentarlo, tapado, en un microondas de 1 a 2 minutos, en función de la potencia.","ean":"7613032645311"},{"full_name":"LITORAL Vegetal lentejas con verduras lata 430 g","name":"Vegetal lentejas con verduras lata 430 g","brand":"LITORAL ","img":"https://sgfm.elcorteingles.es/SGFM/dctm/MEDIA03/201705/12/00118030200465____1__600x600.jpg","price":"1,53 €","price_unit":"(3,56 € / Kilo)","categories":["Supermercado","Alimentación General","Platos preparados","Lentejas guisadas","LITORAL Vegetal lentejas con verduras lata 430 g"],"general_information":["Denominación del alimento: LENTEJAS ESTOFADAS. PLATO COCINADO","Nombre del operador: Nestlé España, S.A.","Dirección del operador: NESTLÉ ESPAÑA S.A. Edificio Nestlé 08950 Esplugues de Llobregat (Barcelona)","Cantidad Neta: 430 g"],"ingredients":[" Ingredientes: salsa (agua, tomate, cebolla, aceite de oliva, puerro, sal, ajo, pimentón), lentejas cocidas (27,7%) (agua, lentejas 9,4%), hortalizas (24,6%) (calabacín asado, zanahoria, pimientos verde y rojo fritos en aceite de girasol, judía verde, berenjena frita en aceite de girasol, guisantes)."],"conservation":"Modo de empleo: 3 MODOS DE PREPARACIÓN 1. Abrir la lata y ponerla al baño maría durante 15 minutos. 2. Verter el contenido de la lata en un cazo y calentarlo a fuego suave durante 3-5 minutos. 3. Verter el contenido de la lata en un recipiente no metálico y calentarlo, tapado, en un microondas de 1 a 2 minutos, en función de la potencia.","ean":"7613034665676"},{"full_name":"MAMIA lentejas con vegetales sin colesterol lata 400 g","name":"lentejas con vegetales sin colesterol lata 400 g","brand":"MAMIA ","img":"https://sgfm.elcorteingles.es/SGFM/00/29/2/0118032500292/0118032500292000g01011.jpg","price":"1,58 €","price_unit":"(3,95 € / Kilo)","categories":["Supermercado","Alimentación General","Platos preparados","Lentejas guisadas","MAMIA lentejas con vegetales sin colesterol lata 400 g"],"general_information":["Denominación del alimento: Lentejas con vegetales","Nombre del operador: Bajamar S.A.","Dirección del operador: Ctra. Sangüesa, s/n. 31310 Carcastillo (Navarra)","Lugar de procedencia del alimento: España.","Cantidad Neta: 400 g"],"ingredients":[" Lentejas (40%), agua de cocción, vegetales (18%): judía verde, zanahoria, guisantes, patatas y brotes de ajo, aceite de oliva (3%), vino blanco, tomate, sal, cebolla, puerro, caldo de verduras  y especias. Contiene apio."],"conservation":" Una vez abierto el envase, mantener el producto refrigerado un máximo de 48 horas. A temperatura ambiente, en lugar fresco y seco / No requiere refrigeración.","ean":"8410465008572"},{"full_name":"ALBO lentejas con chorizo lata 425 g","name":"lentejas con chorizo lata 425 g","brand":"ALBO ","img":"https://sgfm.elcorteingles.es/SGFM/dctm/MEDIA03/201602/22/00118030200531____2__600x600.jpg","price":"1,80 €","price_unit":"(4,24 € / Kilo)","categories":["Supermercado","Alimentación General","Platos preparados","Lentejas guisadas","ALBO lentejas con chorizo lata 425 g"],"general_information":[],"ingredients":[],"ean":"8410032006567"},{"full_name":"CAMPANAL lentejas a la riojana lata 425 g","name":"lentejas a la riojana lata 425 g","brand":"CAMPANAL ","img":"https://sgfm.elcorteingles.es/SGFM/00/41/6/0118030200416/0118030200416000g01011.jpg","price":"1,35 €","price_unit":"(3,18 € / Kilo)","categories":["Supermercado","Alimentación General","Platos preparados","Lentejas guisadas","CAMPANAL lentejas a la riojana lata 425 g"],"general_information":["Denominación del alimento: Lentejas con chorizo","País de origen: España","Nombre del operador: PRODUCTOS CAMPANAL S.A","Dirección del operador: C/Eguilior, 1- 39740 Santoña","Cantidad Neta: 425 g","Número de raciones por envase: 1"],"ingredients":[" Lentejas 60%, agua de cocción, zanahoria 3,5%, chorizo 3,5% (magro y tocino de cerdo, pimentón dulce, pimentón picante, ajo, sal, dextrosa, dextrina, estabilizante ( E-450 ? E-452), antioxidante (E- 301) potenciador del sabor ( E-621) y proteína vegetal de soja) panceta de cerdo ibérico 3,5% (panceta de cerdo ibérico, sal y conservadores E-252 y E-250), tomate frito 2,1% (tomate, aceite de girasol, azúcar, almidón de maíz, sal, ajo, cebolla, y antioxidante E-330) pimiento verde 1,2%, aceite de oliva, almidón de maíz, cebolla, sal, pimentón dulce y ajo."],"conservation":"Modo de empleo: 1.Verter el contenido de la lata en una cazuela, preferentemente de barro y calentar entre 3-5 minutos. 2.Abrir el envase y calentar suavemente el baño María durante 10-15 minutos. 3.Verter el contenido de la lata en un recipiente apto para microondas y calentar durante 2-3 minutos a máxima potencia.","ean":"8410125009369"},{"full_name":"CACHOPO lentejas estofadas ecológicas frasco 700 g","name":"lentejas estofadas ecológicas frasco 700 g","brand":"CACHOPO ","img":"https://sgfm.elcorteingles.es/SGFM/00/01/7/0118079900017/0118079900017000g01011.jpg","price":"5,56 €","price_unit":"(7,94 € / Kilo)","categories":["Supermercado","Alimentación General","Platos preparados","Lentejas guisadas","CACHOPO lentejas estofadas ecológicas frasco 700 g"],"general_information":["Denominación del alimento: Lentejas estofadas","País de origen: España","Nombre del operador: Conservas Cachopo, S.L.","Dirección del operador: Poza del Moral, 13 28380 Colmenar de Oreja - Madrid.","Cantidad Neta: 710 g","Otras menciones obligatorias en la etiqueta: Biologico, Clasificacion M"],"ingredients":[" Lenteja castellana, tomate, zanahoria, patata, cebolla, aceite de oliva virgen extra, pimentón dulce, ajo, (todo de cultivo ecológico) agua y sal."],"conservation":" Conservar a temperatura ambiente, en lugar fresco y seco","ean":"8437000271581"},{"full_name":"PAÑO Nature lentejas con verduras ecológico tarro 330 g","name":"Nature lentejas con verduras ecológico tarro 330 g","brand":"PAÑO ","img":"https://sgfm.elcorteingles.es/SGFM/00/02/5/0118079900025/0118079900025000g01011.jpg","price":"3,14 €","price_unit":"(9,52 € / Kilo)","categories":["Supermercado","Alimentación General","Platos preparados","Lentejas guisadas","PAÑO Nature lentejas con verduras ecológico tarro 330 g"],"general_information":["Denominación del alimento: Lentejas con verduras","Nombre del operador: Paño Fruits S.L.","Dirección del operador: Av. Montblanc 28, 43460 Alcover (Tarragona)","Cantidad Neta: 330 g","Otras menciones obligatorias en la etiqueta: Procedentes de agricultura ecológica."],"ingredients":[" Lentejas, judías, guisantes, zanahoria, espinaca, patata, puré de tomate, aceite de oliva, vino, almidón, cebolla, puerro, base de caldo en polvo, ajo en polvo, agua y sal marina."],"conservation":" Mantener en lugar seco, fresco y protegido de la luz.","ean":"8430175870528"},{"full_name":"ORLANDO lentejas con chorizo recetas de toda la vida sabor tradicional lata 425 g","name":"lentejas con chorizo recetas de toda la vida sabor tradicional lata 425 g","brand":"ORLANDO ","img":"https://sgfm.elcorteingles.es/SGFM/dctm/MEDIA02/CONTENIDOS/201507/03/00118030200564____1__600x600.jpg","price":"1,43 €","price_unit":"(3,36 € / Kilo)","categories":["Supermercado","Alimentación General","Platos preparados","Lentejas guisadas","ORLANDO lentejas con chorizo recetas de toda la vida sabor tradicional lata 425 g"],"general_information":["Denominación del alimento: Lentejas con chorizo","Nombre del operador: H.J. Heinz Foods Spain S.L.","Dirección del operador: Ctra. Rincón de Soto-Corella km 2,8. 26540 Alfaro (La Rioja)","Cantidad Neta: 425 g"],"ingredients":[" Lentejas (49%), agua, chorizo (5%, carne de cerdo, grasa de cerdo,pimentón, sal, ajo), tocino (5%), aceite de girasol (sofrito con cebollas y ajos frescos), sal, antioxidantes (ácido ascórbico y EDTA de calcio y disodio), extracto de levadura. Puede contener trigo y centeno"],"conservation":" Una vez abierto conservar en frigorífico y consumir antes de 3 días","ean":"8410066124787"},{"full_name":"ORLANDO lentejas con chorizo 425 g","name":"lentejas con chorizo  425 g","brand":"ORLANDO ","img":"https://sgfm.elcorteingles.es/SGFM/dctm/MEDIA03/201704/06/00118030200671____1__600x600.jpg","price":"1,71 €","price_unit":"(4,02 € / Kilo)","categories":["Supermercado","Alimentación General","Platos preparados","Lentejas guisadas","ORLANDO lentejas con chorizo 425 g"],"general_information":["Denominación del alimento: Lentejas con chorizo","Nombre del operador: H.J. Heinz Foods Spain S.L.","Dirección del operador: Ctra. Rincón de Soto-Corella km 2,8. 26540 Alfaro (La Rioja)","Cantidad Neta: 425 g"],"ingredients":[" Lentejas (49%), agua, chorizo (5%, carne de cerdo, grasa de cerdo,pimentón, sal, ajo), tocino (5%), aceite de girasol (sofrito con cebollas y ajos frescos), sal, antioxidantes (ácido ascórbico y EDTA de calcio y disodio), extracto de levadura. Puede contener trigo y centeno"],"conservation":" Una vez abierto conservar en frigorífico y consumir antes de 3 días","ean":"8410066128112"},{"full_name":"CIDACOS lentejas con chorizo lata 425 g","name":"lentejas con chorizo lata 425 g","brand":"CIDACOS ","img":"https://sgfm.elcorteingles.es/SGFM/00/15/1/0118032500151/0118032500151000g01011.jpg","price":"1,59 €","price_unit":"(3,74 € / Kilo)","categories":["Supermercado","Alimentación General","Platos preparados","Lentejas guisadas","CIDACOS lentejas con chorizo lata 425 g"],"general_information":["Denominación del alimento: Lentejas a la Riojana","Nombre del operador: Conservas el Cidacos S.A.","Dirección del operador: Crta. De Calahorra km. 1 26560 Autol (La Rioja)","Lugar de procedencia del alimento: DO España","Cantidad Neta: 420,0 g"],"ingredients":[" Lentejas, agua de cocción, chorizo (magro de cerdo, tocino de cerdo, pimentón, sal, ajo), tocino, panceta (panceta de cerdo, sal, ajo) patata, zanahoria, tomate, sal, cebolla y antioxidante: E-385."],"conservation":" Mantener en lugar fresco y seco.","ean":"8410313411837"},{"full_name":"CIDACOS lentejas con verduras lata 425 g","name":"lentejas con verduras lata 425 g","brand":"CIDACOS ","img":"https://sgfm.elcorteingles.es/SGFM/00/16/9/0118032500169/0118032500169000g01011.jpg","price":"1,39 €","price_unit":"(3,27 € / Kilo)","categories":["Supermercado","Alimentación General","Platos preparados","Lentejas guisadas","CIDACOS lentejas con verduras lata 425 g"],"general_information":["Denominación del alimento: Lentejas a la Jardinera","Nombre del operador: Conservas el Cidacos S.A.","Dirección del operador: Crta. De Calahorra km. 1 26560 Autol (La Rioja)","Lugar de procedencia del alimento: DO España","Cantidad Neta: 420,0 g"],"ingredients":[" Lentejas, agua de cocción, verduras (zanahoria,pimiento verde, cebolla y tomate), aceite girasol, sal potenciador del sabor (E-621) y antioxidante: (E-385)."],"conservation":" Mantener en lugar fresco y seco.","ean":"8410313431835"},{"full_name":"HEINZ lentejas al curry lata 390 g","name":"lentejas al curry lata 390 g","brand":"HEINZ ","img":"https://sgfm.elcorteingles.es/SGFM/dctm/MEDIA03/201705/31/00118030200754____1__600x600.jpg","price":"1,95 €","price_unit":"(5 € / Kilo)","categories":["Supermercado","Alimentación General","Platos preparados","Lentejas guisadas","HEINZ lentejas al curry lata 390 g"],"general_information":[],"ingredients":[],"ean":"5000157078162"},{"full_name":"GVTARRA Tus Primeros lentejas con puerros y zanahorias frasco 360 g","name":"Tus Primeros lentejas con puerros y zanahorias frasco 360 g","brand":"GVTARRA ","img":"https://sgfm.elcorteingles.es/SGFM/dctm/MEDIA03/201708/28/00200107400343____1__600x600.jpg","price":"1,82 €","price_unit":"(5,06 € / Kilo)","categories":["Supermercado","Alimentación General","Platos preparados","Lentejas guisadas","GVTARRA Tus Primeros lentejas con puerros y zanahorias frasco 360 g"],"general_information":[],"ingredients":[],"ean":"8435307402578"},{"full_name":"EL CORTE INGLES cocido madrileño lata 425 g","name":"cocido madrileño lata 425 g","brand":"EL CORTE INGLES ","img":"https://sgfm.elcorteingles.es/SGFM/dctm/MEDIA02/CONTENIDOS/201511/05/00200130200637____1__600x600.jpg","price":"1,33 €","price_unit":"(3,13 € / Kilo)","categories":["Supermercado","Alimentación General","Platos preparados","Garbanzos guisados","EL CORTE INGLES cocido madrileño lata 425 g"],"general_information":["Denominación del alimento: COCIDO MADRILEÑO","Nombre del operador: Elaborado para \nEl Corte Inglés por \nBAJAMAR, S.A \nCtra. Sangüesa, s/n \n31310 - Carcastillo (Navarra) \nEspaña","Cantidad Neta: 425 g","Número de raciones por envase: 2"],"ingredients":[" Ingredientes: Garbanzos (40%), agua de cocción, carne de ternera (6%), chorizo (4%) (magro y tocino de cerdo, pimentón, sal y ajo), panceta (3%) (panceta de cerdo, y sal), patata, zanahoria, sal y antioxidante: E 385"],"conservation":" Consevar en lugar fresco y seco. Una vez abierto, mantener el producto refrigerado un máximo de 48 horas.","ean":"8433329067140"},{"full_name":"LITORAL cocido madrileño lata 440 g","name":"cocido madrileño lata 440 g","brand":"LITORAL ","img":"https://sgfm.elcorteingles.es/SGFM/dctm/MEDIA02/CONTENIDOS/201408/25/00118030200283____2__600x600.jpg","price":"1,96 €","price_unit":"(4,45 € / Kilo)","categories":["Supermercado","Alimentación General","Platos preparados","Garbanzos guisados","LITORAL cocido madrileño lata 440 g"],"general_information":["Denominación del alimento: COCIDO MADRILEÑO. PLATO COCINADO","Nombre del operador: Nestlé España, S.A.","Dirección del operador: Edificio Nestlé 08950 Esplugues de Llobregat (Barcelona)","Cantidad Neta: 440 g"],"ingredients":[" Ingredientes: Garbanzos cocidos (48,6%) [Agua, garbanzos (21,1%)], agua, carne de vacuno (6.8%), chorizo extra (4.7%) (magro, papada y panceta ahumada de cerdo, sal, pimentón, ajo), tocino de cerdo ibérico, sofrito (tomate, carne de pollo, cebolla, puré de garbanzos, puerro, aceite de girasol, ajo, pimentón), panceta ahumada (3,0%) (panceta de cerdo, sal, humo natural), zanahoria, sal, laurel."],"conservation":"Modo de empleo: 3 MODOS DE PREPARACIÓN: 1- Abrir la lata y ponerla al baño maría durante 15 minutos. 2- Verter el contenido de la lata en un cazo y calentarlo a fuego suave durante 10 minutos. 3- Verter el contenido de la lata en un recipiente no metálico y calentarlo, tapado, en un microondas de 3 a 5 minutos, en función de la potencia","ean":"8413000065641"},{"full_name":"LITORAL cocido andaluz lata 425 g","name":"cocido andaluz lata 425 g","brand":"LITORAL ","img":"https://sgfm.elcorteingles.es/SGFM/00/29/1/0118030200291/0118030200291000g01011.jpg","price":"2,73 €","price_unit":"(6,42 € / Kilo)","categories":["Supermercado","Alimentación General","Platos preparados","Garbanzos guisados","LITORAL cocido andaluz lata 425 g"],"general_information":["Denominación del alimento: COCIDO ANDALUZ. PLATO COCINADO.","Nombre del operador: Nestlé España, S.A.","Dirección del operador: Edificio Nestlé 08950 Esplugues de Llobregat (Barcelona)","Cantidad Neta: 425 g"],"ingredients":[" Ingredientes: Hortalizas (tomate, acelgas, judía verde, patata), garbanzos cocidos (24,8%) [agua, garbanzos (10,8%)], agua, carne de cerdo (7,0%), chorizo extra (6,1%) (magro, papada y panceta ahumada de cerdo, sal, pimentón, ajo), manteca de cerdo ibérico, sal."],"conservation":"Modo de empleo: 3 MODOS DE PREPARACIÓN: 1- Abrir la lata y ponerla al baño maría durante 15 minutos. 2- Verter el contenido de la lata en un cazo y calentarlo a fuego suave durante 10 minutos. 3- Verter el contenido de la lata en un recipiente no metálico y calentarlo, tapado, en un microondas de 3 a 5 minutos, en función de la potencia","ean":"8410100067452"},{"full_name":"LITORAL Hoy Legumbres los garbanzos con su sofrito lata 440 g","name":"Hoy Legumbres los garbanzos con su sofrito lata 440 g","brand":"LITORAL ","img":"https://sgfm.elcorteingles.es/SGFM/dctm/MEDIA03/201611/04/00118030200648____1__600x600.jpg","price":"1,22 €","price_unit":"(2,77 € / Kilo)","categories":["Supermercado","Alimentación General","Platos preparados","Garbanzos guisados","LITORAL Hoy Legumbres los garbanzos con su sofrito lata 440 g"],"general_information":["Denominación del alimento: Garbanzos estofados. Plato cocinado.","Nombre del operador: Nestlé España, S.A.","Dirección del operador: Nestlé España, S.A., Edificio Nestlé, 08950 Esplugues de Llobregat (Barcelona)","Cantidad Neta: 440 g"],"ingredients":[" Garbanzos cocidos 58%, salsa sofrito (agua, tomate 10,2%, cebolla 3,1%, aceite de girasol, patata, puerro, pimiento verde, zanahoria, ajo), sal, perejil, laurel."],"conservation":"Modo de empleo: 3 MODOS DE PREPARACIÓN : - Abrir la lata y ponerla al baño maría durante 15 minutos. / - Verter el contenido de la lata en un cazo y calentarlo a fuego suave durante 3-5 minutos. / - Verter el contenido de la lata en un recipiente no metálico y calentarlo, tapado, en un microondas de 1 a 2 minutos, en función de la potencia.","ean":"7613032645649"},{"full_name":"LITORAL Vegetal garbanzos con espinacas lata 425 g","name":"Vegetal garbanzos con espinacas lata 425 g","brand":"LITORAL ","img":"https://sgfm.elcorteingles.es/SGFM/dctm/MEDIA03/201705/12/00118030200473____1__600x600.jpg","price":"1,55 €","price_unit":"(3,65 € / Kilo)","categories":["Supermercado","Alimentación General","Platos preparados","Garbanzos guisados","LITORAL Vegetal garbanzos con espinacas lata 425 g"],"general_information":["Denominación del alimento: Garbanzos estofados. Plato cocinado.","Nombre del operador: Nestlé España, S.A.","Dirección del operador: Nestlé España, S.A. Av. Països Catalans, 25-51 08950 Esplugues de Llobregat (Barcelona).","Cantidad Neta: 425 g"],"ingredients":[" Ingredientes: salsa (agua, tomate, cebolla, aceite de oliva (2.7%), sal, ajo, pimentón), garbanzos cocidos (36.8%) (agua, garbanzos 16%), espinacas (15.2%)."],"conservation":"Modo de empleo: 3 MODOS DE PREPARACIÓN 1. Abrir la lata y ponerla al baño maría durante 15 minutos. 2. Verter el contenido de la lata en un cazo y calentarlo a fuego suave durante 3-5 minutos. 3. Verter el contenido de la lata en un recipiente no metálico y calentarlo, tapado, en un microondas de 1-2 minutos, en función de la potencia.","ean":"7613034665706"},{"full_name":"MAMIA garbanzos con vegetales sin colesterol lata 400 g","name":"garbanzos con vegetales sin colesterol lata 400 g","brand":"MAMIA ","img":"https://sgfm.elcorteingles.es/SGFM/00/24/3/0118032500243/0118032500243000g01011.jpg","price":"2,15 €","price_unit":"(5,38 € / Kilo)","categories":["Supermercado","Alimentación General","Platos preparados","Garbanzos guisados","MAMIA garbanzos con vegetales sin colesterol lata 400 g"],"general_information":["Denominación del alimento: Garbanzos con vegetales","Nombre del operador: Bajamar S.A.","Dirección del operador: Ctra. Sangüesa, s/n. 31310 Carcastillo (Navarra)","Lugar de procedencia del alimento: España.","Cantidad Neta: 400 g"],"ingredients":[" Garbanzos (40%), agua de cocción, vegetales (20%): judia verde, guisantes, cebolla, zanahoria, pimiento verde, patatas y brotes de ajo, aceite de oliva (3%), vino blanco, tomate, sal, caldo de verduras(contiene apio), puerro y especias. Contiene apio."],"conservation":" Una vez abierto el envase, mantener el producto refrigerado un máximo de 48 horas. A temperatura ambiente, en lugar fresco y seco / No requiere refrigeración.","ean":"8410465008565"},{"full_name":"CARRETILLA garbanzos receta tradicional bol 300 g","name":"garbanzos receta tradicional bol 300 g","brand":"CARRETILLA ","img":"https://sgfm.elcorteingles.es/SGFM/dctm/MEDIA03/201705/17/00118032500268____3__600x600.jpg","price":"1,89 €","price_unit":"(6,30 € / Kilo)","categories":["Supermercado","Alimentación General","Platos preparados","Garbanzos guisados","CARRETILLA garbanzos receta tradicional bol 300 g"],"general_information":["Denominación del alimento: Garbanzos con chorizo.","Nombre del operador: Ind. Alim. de Navarra, S.A.U.","Dirección del operador: Pol.Peñalfons, s/n. 31330 Villafranca. Navarra - España","Cantidad Neta: 300 g","Otras menciones obligatorias en la etiqueta: Envasado en atmósfera protectora."],"ingredients":[" Garbanzos cocidos, agua, patata, zanahoria, cebolla, puré de tomate chorizo (2%), aceite de girasol, ajo, almidón modificado de maíz, azúcar, sal, pimentón dulce, extracto de levadura, perejil, antioxidante: ácido ascórbico y lecitina de soja. Ingredientes del chorizo: Carne de cerdo, pimentón, sal y ajo. Contiene soja. Puede contener trazas de: crustáceos, huevo, pescado, leche y derivados, apio, mostaza y moluscos."],"conservation":" A temperatura ambiente en lugar fresco y seco. Tras ser abierto, guardar en el frigorífico.","ean":"8410416002413"},{"full_name":"CACHOPO cocido madrileño listo para comer de agricultura ecológica tarro 430 g","name":"cocido madrileño listo para comer de agricultura ecológica tarro 430 g","brand":"CACHOPO ","img":"https://sgfm.elcorteingles.es/SGFM/00/03/2/0118037500032/0118037500032000g01011.jpg","price":"4,35 €","price_unit":"(10,12 € / Kilo)","categories":["Supermercado","Alimentación General","Platos preparados","Garbanzos guisados","CACHOPO cocido madrileño listo para comer de agricultura ecológica tarro 430 g"],"general_information":["Denominación del alimento: Cocido madrileño","País de origen: España","Nombre del operador: Conservas Cachopo, S.L.","Dirección del operador: Poza del Moral, 13 28380 Colmenar de Oreja - Madrid.","Cantidad Neta: 450 g","Otras menciones obligatorias en la etiqueta: Biologico, Clasificacion M"],"ingredients":[" Garbanzo*, patata*, carne de ternera*, jamón*, chorizo*, tocino*, caldo (carne de ternera*, codillo de jamón*, chorizo*, tocino*, jamón*, verduras*, hueso de caña*, espinazo salado* y agua) y sal. (* DE CULTIVO ECOLOGICO)"],"conservation":" Conservar a temperatura ambiente, en lugar fresco y seco","ean":"8437000271772"},{"full_name":"CAMPANAL cocido madrileño lata 425 g","name":"cocido madrileño lata 425 g","brand":"CAMPANAL ","img":"https://sgfm.elcorteingles.es/SGFM/00/42/4/0118030200424/0118030200424000g01011.jpg","price":"1,70 €","price_unit":"(4 € / Kilo)","categories":["Supermercado","Alimentación General","Platos preparados","Garbanzos guisados","CAMPANAL cocido madrileño lata 425 g"],"general_information":["Denominación del alimento: Cocido Madrileño","País de origen: España","Nombre del operador: PRODUCTOS CAMPANAL S.A","Dirección del operador: C/Eguilior, 1- 39740 Santoña","Cantidad Neta: 425 g","Número de raciones por envase: 1"],"ingredients":[" Garbanzos 50%, agua de cocción, zanahoria 5,6%, carne 4,7%, chorizo 3,5% (magro y tocino de cerdo, pimentón dulce, pimentón picante, ajo, sal, dextrosa, dextrina, estabilizante (E-450 ? E-452), antioxidante (E-301 potenciador del sabor (E-621) y proteína vegetal de soja) panceta de cerdo ibérico 3,5% (panceta de cerdo ibérico, sal y conservadores E-252 y E-250), tomate frito 1,7% (tomate, aceite de girasol, azúcar, almidón de maíz, sal, ajo, cebolla, y antioxidante E-330), almidón de maíz y sal"],"conservation":"Modo de empleo: 1.Verter el contenido de la lata en una cazuela, preferentemente de barro y calentar entre 3-5 minutos. 2.Abrir el envase y calentar suavemente el baño María durante 10-15 minutos. 3.Verter el contenido de la lata en un recipiente apto para microondas y calentar durante 2-3 minutos a máxima potencia.","ean":"8410125708910"},{"full_name":"ALBO cocido tradicional lata 425 g","name":"cocido tradicional lata 425 g","brand":"ALBO ","img":"https://sgfm.elcorteingles.es/SGFM/dctm/MEDIA02/CONTENIDOS/201506/30/00118030200549____1__600x600.jpg","price":"2,40 €","price_unit":"(5,65 € / Kilo)","categories":["Supermercado","Alimentación General","Platos preparados","Garbanzos guisados","ALBO cocido tradicional lata 425 g"],"general_information":[],"ingredients":[],"ean":"8410032006581"},{"full_name":"ORLANDO garbanzos con chorizo recetas de toda la vida sabor tradicional lata 425 g","name":"garbanzos con chorizo recetas de toda la vida sabor tradicional lata 425 g","brand":"ORLANDO ","img":"https://sgfm.elcorteingles.es/SGFM/dctm/MEDIA02/CONTENIDOS/201507/03/00118030200572____1__600x600.jpg","price":"1,43 €","price_unit":"(3,36 € / Kilo)","categories":["Supermercado","Alimentación General","Platos preparados","Garbanzos guisados","ORLANDO garbanzos con chorizo recetas de toda la vida sabor tradicional lata 425 g"],"general_information":["Denominación del alimento: Garbanzos con chorizo","Nombre del operador: H.J. Heinz Foods Spain S.L.","Dirección del operador: Ctra. Rincón de Soto-Corella km 2,8. 26540 Alfaro (La Rioja)","Cantidad Neta: 425 g"],"ingredients":[" Garbanzos (59%, contiene sulfitos), agua, chorizo (5%, carne de cerdo, grasa de cerdo,pimentón, sal, ajo), tocino (5%), aceite de girasol (sofrito con cebollas y ajos frescos), sal, tomate, extracto de levadura. Contiene sulfitos"],"conservation":" Una vez abierto conservar en frigorífico y consumir antes de 3 días","ean":"8410066124763"},{"full_name":"ORLANDO garbanzos con chorizo receta tradicional lata 425 g","name":"garbanzos con chorizo receta tradicional lata 425 g","brand":"ORLANDO ","img":"https://sgfm.elcorteingles.es/SGFM/dctm/MEDIA03/201704/06/00118030200663____1__600x600.jpg","price":"1,67 €","price_unit":"(3,93 € / Kilo)","categories":["Supermercado","Alimentación General","Platos preparados","Garbanzos guisados","ORLANDO garbanzos con chorizo receta tradicional lata 425 g"],"general_information":[],"ingredients":[],"ean":"8410066128105"},{"full_name":"JA'E Come sano garbanzos con salsa de verduras frasco 290 g","name":"Come sano garbanzos con salsa de verduras frasco 290 g","brand":"JA'E ","img":"https://sgfm.elcorteingles.es/SGFM/00/25/0/0118032500250/0118032500250000g01011.jpg","price":"2,33 €","price_unit":"(8,03 € / Kilo)","categories":["Supermercado","Alimentación General","Platos preparados","Garbanzos guisados","JA'E Come sano garbanzos con salsa de verduras frasco 290 g"],"general_information":["Denominación del alimento: Garbanzos con salsa de verduras","País de origen: España","Nombre del operador: RIBEREBRO INTEGRAL, SAU","Dirección del operador: Poligono Industrial La Llanada - 26540 Alfaro La Rioja","Cantidad Neta: 290 g","Número de raciones por envase: 1"],"ingredients":[" Garbanzos, salsa 32% (agua, cebolla, espinacas, zanahoria, patata, aceite de girasol, almendra, almidón modificado de maíz, sal, pimentón, caldo de cocción), agua, sal, antioxidante: EDTA y ácido ascórbico. Contiene almendra, soja, apio y sulfitos."],"conservation":" Una vez abierto el tarro conservar en el frigorífico","ean":"8412151757641"},{"full_name":"CARRETILLA cocido madrileño envase 350 g","name":"cocido madrileño envase 350 g","brand":"CARRETILLA ","img":"https://sgfm.elcorteingles.es/SGFM/dctm/MEDIA03/201604/18/00200130200678____1__600x600.jpg","price":"2,82 €","categories":["Supermercado","Alimentación General","Platos preparados","Garbanzos guisados","CARRETILLA cocido madrileño envase 350 g"],"general_information":["Denominación del alimento: Cocido Madrileño","Nombre del operador: Ind. Alim. de Navarra, S.A.U.","Dirección del operador: Pol.Peñalfons, s/n. 31330 Villafranca. Navarra - España","Cantidad Neta: 350 g","Otras menciones obligatorias en la etiqueta: Envasado en atmósfera protectora."],"ingredients":[" Garbanzos cocidos (44%)(sulfitos), agua, carne de ternera (4%), chorizo curado (4%) [magro y tocino de cerdo, pimentón, sal, ajo, dextrina, dextrosa emulgente (trifosfato pentasódico), antioxidante (citrato y ascorbato sódico) y colorante (cochinilla)], panceta curada de cerdo (4%), cebolla, jamón curado (2%)[jamón y paleta de cerdo, sal, azúcar y antioxidante (E-301)], zanahoria (1%), almidón modificado de maíz, aroma natural (gluten y soja), sal, ajo y pimentón dulce. Contiene gluten y soja y sulfitos. Puede contener trazas de crustáceos, huevo, pescado, leche y derivados, apio, mostaza y moluscos."],"conservation":" No necesita frío para su conservación. Conservar en ambiente fresco y seco.","ean":"8410416008811"},{"full_name":"LA SUEGRA cocido Lebaniego tarro 680 g","name":"cocido Lebaniego tarro 680 g","brand":"LA SUEGRA ","img":"https://sgfm.elcorteingles.es/SGFM/dctm/MEDIA03/201707/08/00118030200804____1__600x600.jpg","price":"4,95 €","price_unit":"(7,28 € / Kilo)","categories":["Supermercado","Alimentación General","Platos preparados","Garbanzos guisados","LA SUEGRA cocido Lebaniego tarro 680 g"],"general_information":[],"ingredients":[],"ean":"8429320111180"},{"full_name":"LA ERMITA cocido montañés tarro 1,85 kg","name":"cocido montañés tarro 1,85 kg","brand":"LA ERMITA ","img":"https://sgfm.elcorteingles.es/SGFM/dctm/MEDIA03/201607/13/00200130200710____1__600x600.jpg","price":"12,20 €","categories":["Supermercado","Alimentación General","Platos preparados","Garbanzos guisados","LA ERMITA cocido montañés tarro 1,85 kg"],"general_information":["Denominación del alimento: Cocido montañés","País de origen: España","Nombre del operador: Delicatessen La Ermita, S.L.","Dirección del operador: CARRETERA NACIONAL 634, S/N- 39591 CASAR DE PERIEDO","Cantidad Neta: 1850 g"],"ingredients":[" Alubia blanca de riñón (44%), compango (20%): (panceta, morcilla de arroz (arroz, sangre, cebolla, manteca de cerdo, sal, especias naturales y tripa natural de vaca), chorizo (magro de cerdo, tocino de cerdo, pimentón, sal, ajo, especias naturales y tripa natural de cerdo)), berza de asa (13%), patatas, zanahoria, cebolla, ajo, aceite de oliva virgen extra, pimentón, sal y agua."],"conservation":" Conservar en lugar seco y fresco","ean":"8436019980033"},{"full_name":"LA ERMITA cocido montañés tarro 950 g","name":"cocido montañés tarro 950 g","brand":"LA ERMITA ","img":"https://sgfm.elcorteingles.es/SGFM/dctm/MEDIA03/201607/13/00200130200694____1__600x600.jpg","price":"7,65 €","categories":["Supermercado","Alimentación General","Platos preparados","Garbanzos guisados","LA ERMITA cocido montañés tarro 950 g"],"general_information":["Denominación del alimento: Cocido montañés","País de origen: España","Nombre del operador: Delicatessen La Ermita, S.L.","Dirección del operador: CARRETERA NACIONAL 634, S/N- 39591 CASAR DE PERIEDO","Cantidad Neta: 950 g"],"ingredients":[" Alubia blanca de riñón (43%), compango (20%): (panceta, morcilla de arroz (arroz, sangre, cebolla, manteca de cerdo, sal, especias naturales y tripa natural de vaca), chorizo (magro de cerdo, tocino de cerdo, pimentón, sal, ajo, especias naturales y tripa natural de cerdo)), berza de asa (14%), patatas, zanahoria, cebolla, ajo, aceite de oliva virgen extra, pimentón, sal y agua."],"conservation":" Conservar en lugar seco y fresco","ean":"8436019980149"},{"full_name":"LA ERMITA cocido montañés tarro 550 g","name":"cocido montañés tarro 550 g","brand":"LA ERMITA ","img":"https://sgfm.elcorteingles.es/SGFM/dctm/MEDIA03/201607/13/00200130200702____1__600x600.jpg","price":"5,06 €","categories":["Supermercado","Alimentación General","Platos preparados","Garbanzos guisados","LA ERMITA cocido montañés tarro 550 g"],"general_information":["Denominación del alimento: Cocido montañés","País de origen: España","Nombre del operador: Delicatessen La Ermita, S.L.","Dirección del operador: CARRETERA NACIONAL 634, S/N- 39591 CASAR DE PERIEDO","Cantidad Neta: 550 g","Otras menciones obligatorias en la etiqueta: Sin conservantes"],"ingredients":[" Alubia blanca de riñón (44%), compango (18%): [panceta, morcilla de arroz (arroz, sangre, cebolla, manteca de cerdo, sal, especias naturales y tripa natural de vaca), chorizo (magro de cerdo, tocino de cerdo, pimentón, sal, ajo, especias naturales y tripa natural de cerdo), tocino], berza de asa (15%), patatas, zanahoria, cebolla, ajo, aceite de oliva virgen , pimentón, sal y agua."],"conservation":" Conservar en lugar seco y fresco","ean":"8436019980248"},{"full_name":"LA ERMITA cocido montañés light tarro 360 g","name":"cocido montañés light tarro 360 g","brand":"LA ERMITA ","img":"https://sgfm.elcorteingles.es/SGFM/dctm/MEDIA03/201609/02/00200130200751____1__600x600.jpg","price":"3,69 €","categories":["Supermercado","Alimentación General","Platos preparados","Garbanzos guisados","LA ERMITA cocido montañés light tarro 360 g"],"general_information":["Denominación del alimento: Cocido montañés light","País de origen: España","Nombre del operador: Delicatessen La Ermita, S.L.","Dirección del operador: CARRETERA NACIONAL 634, S/N- 39591 CASAR DE PERIEDO","Cantidad Neta: 360 g"],"ingredients":[" Alubia blanca de riñón (40%), compango (20%): (panceta, morcilla de arroz (arroz, sangre, cebolla, manteca de cerdo, sal, especias naturales y tripa natural de vaca), chorizo (magro de cerdo, tocino de cerdo, pimentón, sal, ajo,especias naturales y tripa natural de cerdo)) berza de asa (14%), patatas, zanahoria, cebolla, ajo, aceite de oliva virgen extra, pimentón, sal y agua."],"conservation":" Conservar en lugar seco y fresco","ean":"8436019980705"},{"full_name":"LA ERMITA garbanzos con espinacas y bacalao tarro 550 g","name":"garbanzos con espinacas y bacalao tarro 550 g","brand":"LA ERMITA ","img":"https://sgfm.elcorteingles.es/SGFM/dctm/MEDIA03/201607/13/00200130200728____1__600x600.jpg","price":"4,91 €","categories":["Supermercado","Alimentación General","Platos preparados","Garbanzos guisados","LA ERMITA garbanzos con espinacas y bacalao tarro 550 g"],"general_information":["Denominación del alimento: Garbanzos con espinacas y bacalao","País de origen: España","Nombre del operador: Delicatessen La Ermita, S.L.","Dirección del operador: CARRETERA NACIONAL 634, S/N- 39591 CASAR DE PERIEDO","Cantidad Neta: 550 g"],"ingredients":[" Garbanzos (42%), filete de bacalao (Gadus Morhua) (20%), salsa de tomate (tomate triturado, cebolla, ajo y aceite de oliva), espinacas (4%),  aceite de oliva, ajo, sal, pimentón y agua. Contiene pescado"],"conservation":" Conservar en lugar seco y fresco","ean":"8436019980064"},{"full_name":"BRILLANTE Benefit legumbres quinoa con verduras envase 200 g","name":"Benefit legumbres quinoa con verduras envase 200 g","brand":"BRILLANTE ","img":"https://sgfm.elcorteingles.es/SGFM/dctm/MEDIA03/201705/08/00118005500642____1__600x600.jpg","price":"1,35 €","categories":["Supermercado","Alimentación General","Platos preparados","Garbanzos guisados","BRILLANTE Benefit legumbres quinoa con verduras envase 200 g"],"general_information":["Denominación del alimento: Benefit legumbres quinoa verduras","Nombre del operador: Herba Ricemills. S.L.U.","Dirección del operador: C/ Real. 43 - 41920 San Juan de Aznalfarache (Sevilla)","Cantidad Neta: 250 g"],"ingredients":[" Legumbres (44%), (garbanzos, unid dal), vegetales (24%), (tomate, zanahoria, cebolla), quinoa roja (23%), aceite de girasol, sal, azucar, zumo de limón, estabilizador: carragenano, aroma, especias, emulgente: lecitina de girasol."],"conservation":" Conservar a temperatura ambiente en lugar fresco y seco.","ean":"8410184032049"},{"full_name":"HEINZ garbanzos tagine lata 390 g","name":"garbanzos tagine lata 390 g","brand":"HEINZ ","img":"https://sgfm.elcorteingles.es/SGFM/dctm/MEDIA03/201705/31/00118030200739____1__600x600.jpg","price":"1,95 €","price_unit":"(5 € / Kilo)","categories":["Supermercado","Alimentación General","Platos preparados","Garbanzos guisados","HEINZ garbanzos tagine lata 390 g"],"general_information":[],"ingredients":[],"ean":"5000157078186"},{"full_name":"GVTARRA Tus Primeros garbanzos con acelgas y zanahorias frasco 360 g","name":"Tus Primeros garbanzos con acelgas y zanahorias frasco 360 g","brand":"GVTARRA ","img":"https://sgfm.elcorteingles.es/SGFM/dctm/MEDIA03/201708/28/00118007000922____1__600x600.jpg","price":"1,69 €","price_unit":"(4,69 € / Kilo)","categories":["Supermercado","Alimentación General","Platos preparados","Garbanzos guisados","GVTARRA Tus Primeros garbanzos con acelgas y zanahorias frasco 360 g"],"general_information":["Denominación del alimento: Garbanzos, acelgas, zanahorias","País de origen: España","Nombre del operador: RIBEREBRO INTEGRAL, SAU","Dirección del operador: Poligono Industrial La Llanada - 26540 Alfaro La Rioja","Cantidad Neta: 560 g","Peso neto escurrido: 360 g","Número de raciones por envase: 2"],"ingredients":[" Garbanzos, acelga, zanahoria, agua, sal y antioxidantes: EDTA (E-385) y metabisulfito sódico (E-223). Contiene sulfitos."],"conservation":" Una vez abierto el tarro conservar en el frigorífico","ean":"8435307402554"},{"full_name":"LITORAL alubias rojas guisadas a la vasca lata 430 g","name":"alubias rojas guisadas a la vasca lata 430 g","brand":"LITORAL ","img":"https://sgfm.elcorteingles.es/SGFM/00/07/7/0118030200077/0118030200077000g01011.jpg","price":"2,02 €","price_unit":"(4,70 € / Kilo)","categories":["Supermercado","Alimentación General","Platos preparados","Alubias guisadas","LITORAL alubias rojas guisadas a la vasca lata 430 g"],"general_information":["Denominación del alimento: ALUBIAS A LA VASCA. PLATO COCINADO.","Nombre del operador: Nestlé España, S.A.","Dirección del operador: Edificio Nestlé 08950 Esplugues de Llobregat (Barcelona)","Cantidad Neta: 430 g"],"ingredients":[" Ingredientes: alubias rojas cocidas (47,4%) (agua, alubias rojas 19,7%), agua, morcilla curada (10,2%) (tocino, papada, panceta ahumada, sangre y magro de cerdo, cebolla, pimentón, sal, orégano), panceta ahumada (4,6%) (panceta de cerdo, sal, humo natural), cebolla, pimiento verde, puerro, aceite de girasol, sal, almidón modificado de maíz, ajo, orégano."],"conservation":"Modo de empleo: 3 MODOS DE PREPARACIÓN: 1- Abrir la lata y ponerla al baño maría durante 15 minutos. 2- Verter el contenido de la lata en un cazo y calentarlo a fuego suave durante 10 minutos. 3- Verter el contenido de la lata en un recipiente no metálico y calentarlo, tapado, en un microondas de 3 a 5 minutos, en función de la potencia","ean":"8410100065694"},{"full_name":"LITORAL fabes con almejas de las rías gallegas lata 440 g","name":"fabes con almejas de las rías gallegas lata 440 g","brand":"LITORAL ","img":"https://sgfm.elcorteingles.es/SGFM/00/09/3/0118030200093/0118030200093000g01011.jpg","price":"3,12 €","price_unit":"(7,09 € / Kilo)","categories":["Supermercado","Alimentación General","Platos preparados","Alubias guisadas","LITORAL fabes con almejas de las rías gallegas lata 440 g"],"general_information":["Denominación del alimento: FABES CON ALMEJAS. PLATO COCINADO.","Nombre del operador: Nestlé España, S.A.","Dirección del operador: Edificio Nestlé 08950 Esplugues de Llobregat (Barcelona)","Cantidad Neta: 440 g"],"ingredients":[" Ingredientes: Alubias cocidas (46.2%) (agua, alubias 19.2%), agua, almejas (4 unidades), aceite de oliva (3.5%), cebolla, vino blanco, sal, ajo, almidón modificado de maíz, perejil, pimienta blanca, laurel, azafrán. Puede contener crustáceos. Puede contener trocitos de concha de almeja."],"ean":"8410100060767"},{"full_name":"HEINZ Baked Beans alubias guisadas con salsa de tomate lata 415 g neto escurrido","name":"Baked Beans alubias guisadas con salsa de tomate lata 415 g neto escurrido","brand":"HEINZ ","img":"https://sgfm.elcorteingles.es/SGFM/00/20/1/0118032500201/0118032500201000g01011.jpg","price":"0,96 €","price_unit":"(2,31 € / Kilo)","categories":["Supermercado","Alimentación General","Platos preparados","Alubias guisadas","HEINZ Baked Beans alubias guisadas con salsa de tomate lata 415 g neto escurrido"],"general_information":["Denominación del alimento: Alubias cocidas en salsa de tomate","Nombre del operador: H.J. Heinz Foods Spain S.L.","Dirección del operador: Ctra. Rincón de Soto-Corella km 2,8. 26540 Alfaro (La Rioja)","Cantidad Neta: 415 g"],"ingredients":[" Alubias (51%), tomate (34%), agua, azúcar, vinagre de alcohol, almidón modificado de maiz, sal, extractos de especias y extracto de plantas aromáticas. Sin gluten. Contiene legumbres, maíz y cebolla . Contiene legumbres"],"conservation":" Vaciar contenido a un envase cubierto y conservar en el frigorífico. Utilizarse en un plazo de 2 días.","ean":"5000157024671"},{"full_name":"MAMIA Salteado de alubias guisadas lata 400 g","name":"Salteado de alubias guisadas lata 400 g","brand":"MAMIA ","img":"https://sgfm.elcorteingles.es/SGFM/00/17/7/0118032500177/0118032500177000g01011.jpg","price":"1,51 €","price_unit":"(3,78 € / Kilo)","categories":["Supermercado","Alimentación General","Platos preparados","Alubias guisadas","MAMIA Salteado de alubias guisadas lata 400 g"],"general_information":["Denominación del alimento: Salteado de alubias","Nombre del operador: Bajamar S.A.","Dirección del operador: Ctra. Sangüesa, s/n. 31310 Carcastillo (Navarra)","Lugar de procedencia del alimento: España.","Cantidad Neta: 400 g"],"ingredients":[" Alubias blanca y pinta (40%), agua de cocción, vegetales (18%): judia verde, zanahoria, guisantes, pimiento verde, patatas y brotes de ajo, aceite de oliva (3%), vino blanco, tomate, sal, cebolla, caldo de verduras (contiene apio ), puerro y especias. Contiene apio."],"conservation":" Una vez abierto el envase, mantener el producto refrigerado un máximo de 48 horas. A temperatura ambiente, en lugar fresco y seco / No requiere refrigeración.","ean":"8410465008558"},{"full_name":"MAMIA fabes con almejas lata 400 g","name":"fabes con almejas lata 400 g","brand":"MAMIA ","img":"https://sgfm.elcorteingles.es/SGFM/00/01/0/0118030200010/0118030200010000g01011.jpg","price":"2,50 €","price_unit":"(6,25 € / Kilo)","categories":["Supermercado","Alimentación General","Platos preparados","Alubias guisadas","MAMIA fabes con almejas lata 400 g"],"general_information":["Denominación del alimento: Fabes con almejas","Nombre del operador: Bajamar S.A.","Dirección del operador: Ctra. Sangüesa, s/n. 31310 Carcastillo (Navarra)","Lugar de procedencia del alimento: España.","Cantidad Neta: 420 g"],"ingredients":[" Alubia blanca (43%), agua de cocción, almejas (10%), zanahoria, pimiento verde, aceite de oliva (1%), patata en copos, sal, caldo de pescado natural,  cebolla,  ajo, perejil, apio, antioxidante: E-385, y especias. Contiene: moluscos y apio."],"conservation":" Una vez abierto el envase, mantener el producto refrigerado un máximo de 48 horas. A temperatura ambiente, en lugar fresco y seco / No requiere refrigeración.","ean":"8410465008428"},{"full_name":"MAMIA SABORES QUERIDOS pochas a la Navarra lata 420 g neto escurrido","name":"pochas a la Navarra lata 420 g neto escurrido","brand":"MAMIA SABORES QUERIDOS ","img":"https://sgfm.elcorteingles.es/SGFM/00/20/0/0118030200200/0118030200200000g01011.jpg","price":"1,94 €","price_unit":"(4,62 € / Kilo)","categories":["Supermercado","Alimentación General","Platos preparados","Alubias guisadas","MAMIA SABORES QUERIDOS pochas a la Navarra lata 420 g neto escurrido"],"general_information":["Denominación del alimento: Pochas a la navarra","Nombre del operador: Bajamar S.A.","Dirección del operador: Ctra. Sangüesa, s/n. 31310 Carcastillo (Navarra)","Lugar de procedencia del alimento: España.","Cantidad Neta: 400 g"],"ingredients":[" Pochas (45%), agua de cocción, cebolla, tomate, pimiento verde, aceite de oliva (2%), sal, patata en copos y ajo."],"conservation":" Una vez abierto el envase, mantener el producto refrigerado un máximo de 48 horas. A temperatura ambiente, en lugar fresco y seco / No requiere refrigeración.","ean":"8410465008589"},{"full_name":"CARRETILLA alubias receta tradicional bol 300 g","name":"alubias receta tradicional bol 300 g","brand":"CARRETILLA ","img":"https://sgfm.elcorteingles.es/SGFM/dctm/MEDIA03/201705/17/00118032500110____3__600x600.jpg","price":"1,89 €","price_unit":"(6,30 € / Kilo)","categories":["Supermercado","Alimentación General","Platos preparados","Alubias guisadas","CARRETILLA alubias receta tradicional bol 300 g"],"general_information":["Denominación del alimento: Alubias con chorizo.","Nombre del operador: Ind. Alim. de Navarra, S.A.U.","Dirección del operador: Pol.Peñalfons, s/n. 31330 Villafranca. Navarra - España","Cantidad Neta: 300 g"],"ingredients":[" Alubias blancas cocidas, agua, cebolla, pimiento rojo, puré de tomate, chorizo (2%), aceite de girasol, ajo, almidón modificado de maíz, azúcar, sal, pimentón dulce, extracto de levadura y lecitina de soja. Ingredientes del chorizo: Carne de cerdo, pimentón, sal y ajo. Contiene soja. Puede contener trazas de: crustáceos, huevo, pescado, leche y derivados, apio, mostaza y moluscos."],"conservation":" Mantener en lugar fresco y seco. No necesita frío para su conservación.","ean":"8410416002406"},{"full_name":"MAMIA pochas con muslitos de codorniz lata 420 g","name":"pochas con muslitos de codorniz lata 420 g","brand":"MAMIA ","img":"https://sgfm.elcorteingles.es/SGFM/dctm/MEDIA03/201707/08/00200130200835____6__600x600.jpg","price":"3,45 €","price_unit":"(8,21 € / Kilo)","categories":["Supermercado","Alimentación General","Platos preparados","Alubias guisadas","MAMIA pochas con muslitos de codorniz lata 420 g"],"general_information":[],"ingredients":[],"ean":"8410465008596"},{"full_name":"JA'E Come sano alubias pochas con salsa de verduras frasco 290 g neto escurrido","name":"Come sano alubias pochas con salsa de verduras frasco 290 g neto escurrido","brand":"JA'E ","img":"https://sgfm.elcorteingles.es/SGFM/00/18/5/0118032500185/0118032500185000g01011.jpg","price":"2,01 €","price_unit":"(6,93 € / Kilo)","categories":["Supermercado","Alimentación General","Platos preparados","Alubias guisadas","JA'E Come sano alubias pochas con salsa de verduras frasco 290 g neto escurrido"],"general_information":["Denominación del alimento: Alubia blanca Pocha con salsa verduras","País de origen: España","Nombre del operador: RIBEREBRO INTEGRAL, SAU","Dirección del operador: Poligono Industrial La Llanada - 26540 Alfaro La Rioja","Cantidad Neta: 290 g","Número de raciones por envase: 1"],"ingredients":[" Alubias blanca, salsa 28% (agua, tomate, cebolla, zanahoria, pimiento, calabacin, aceite de girasol, brotes de ajo, almidón modificado de maíz, sal, pimentón y caldo de cocción), agua, sal,  antioxidante:EDTA y ácido ascórbico Sulfitos soja apio"],"conservation":" Una vez abierto el tarro conservar en el frigorífico","ean":"8412151757603"},{"full_name":"ORLANDO alubias con chorizo lata 425 g","name":"alubias con chorizo lata 425 g","brand":"ORLANDO ","img":"https://sgfm.elcorteingles.es/SGFM/dctm/MEDIA02/CONTENIDOS/201507/03/00118030200556____1__600x600.jpg","price":"1,36 €","price_unit":"(3,20 € / Kilo)","categories":["Supermercado","Alimentación General","Platos preparados","Alubias guisadas","ORLANDO alubias con chorizo lata 425 g"],"general_information":["Denominación del alimento: Alubias con chorizo","Nombre del operador: H.J. Heinz Foods Spain S.L.","Dirección del operador: Ctra. Rincón de Soto-Corella km 2,8. 26540 Alfaro (La Rioja)","Cantidad Neta: 425 g"],"ingredients":[" Alubias (50%, contiene sulfitos), agua, chorizo (5%, carne de cerdo, grasa de cerdo,pimentón, sal, ajo), tocino (5%), aceite de girasol (sofrito con cebollas y ajos frescos), sal, tomate, extracto de levadura. Contiene sulfitos. Puede contener soja"],"conservation":" Una vez abierto conservar en frigorífico y consumir antes de 3 días","ean":"8410066124749"},{"full_name":"CACHOPO alubias estofadas ecológicas tarro 700 g","name":"alubias estofadas ecológicas tarro 700 g","brand":"CACHOPO ","img":"https://sgfm.elcorteingles.es/SGFM/00/01/5/0118031400015/0118031400015000g01011.jpg","price":"5,94 €","price_unit":"(8,49 € / Kilo)","categories":["Supermercado","Alimentación General","Platos preparados","Alubias guisadas","CACHOPO alubias estofadas ecológicas tarro 700 g"],"general_information":["Denominación del alimento: Alubias estofadas","País de origen: España","Nombre del operador: Conservas Cachopo, S.L.","Dirección del operador: Poza del Moral, 13 28380 Colmenar de Oreja - Madrid.","Cantidad Neta: 710 g","Otras menciones obligatorias en la etiqueta: Biologico, Clasificacion M"],"ingredients":[" Alubia blanca de riñón, patata, cebolla, tomate triturado, aceite de oliva virgen extra, pimentón dulce, (todo de cultivo ecológico) agua y sal."],"conservation":" Conservar a temperatura ambiente, en lugar fresco y seco","ean":"8437000271734"},{"full_name":"UMOH olla poderida frasco 840 g","name":"olla poderida frasco 840 g","brand":"UMOH ","img":"https://sgfm.elcorteingles.es/SGFM/00/43/2/0118030200432/0118030200432000g01011.jpg","price":"7,61 €","price_unit":"(9,06 € / Kilo)","categories":["Supermercado","Alimentación General","Platos preparados","Alubias guisadas","UMOH olla poderida frasco 840 g"],"general_information":[],"ingredients":[],"ean":"8436046904491"},{"full_name":"CAMPANAL fabes con almejas estuche 425 g","name":"fabes con almejas estuche 425 g","brand":"CAMPANAL ","img":"https://sgfm.elcorteingles.es/SGFM/dctm/MEDIA03/201602/26/00200130200660____2__600x600.jpg","price":"3,17 €","price_unit":"(7,46 € / Kilo)","categories":["Supermercado","Alimentación General","Platos preparados","Alubias guisadas","CAMPANAL fabes con almejas estuche 425 g"],"general_information":["Denominación del alimento: Fabes con Almejas","País de origen: España","Nombre del operador: PRODUCTOS CAMPANAL S.A","Dirección del operador: C/Eguilior, 1- 39740 Santoña","Cantidad Neta: 425 g","Número de raciones por envase: 1"],"ingredients":[" Fabes de la granja 46%, agua de cocción, almejas10 %, caldo de pulpo, cebolla 3 %, aceite de oliva, sal, vino blanco, ajo, perejil, laurel y azafrán 0.003%."],"conservation":"Modo de empleo: 1.Verter el contenido de la lata en una cazuela, preferentemente de barro y calentar entre 3-5 minutos. 2.Abrir el envase y calentar suavemente el baño María durante 10-15 minutos. 3.Verter el contenido de la lata en un recipiente apto para microondas y calentar durante 2-3 minutos a máxima potencia.","ean":"8410125008881"},{"full_name":"LA SUEGRA cocido montañés frasco 680 g","name":"cocido montañés frasco 680 g","brand":"LA SUEGRA ","img":"https://sgfm.elcorteingles.es/SGFM/00/28/0/0200130200280/0200130200280000g01011.jpg","price":"6,65 €","price_unit":"(9,78 € / Kilo)","categories":["Supermercado","Alimentación General","Platos preparados","Alubias guisadas","LA SUEGRA cocido montañés frasco 680 g"],"general_information":["Denominación del alimento: Cocido Montañés","Nombre del operador: Disargos S.L.","Dirección del operador: C/ Marqués de Santillana Nº 5 6º B 39300 Torrelavega Cantabria","Cantidad Neta: 680 g"],"ingredients":[" Alubias, berza, chorizo, morcilla de arroz, costilla de cerdo, tocino, patata, aceite de oliva, morcilla seca, ajo, agua, sal soja."],"conservation":" Conservar en lugar fresco y seco.","ean":"8429320111111"},{"full_name":"LA SUEGRA cocido montañés lata 400 g","name":"cocido montañés lata 400 g","brand":"LA SUEGRA ","img":"https://sgfm.elcorteingles.es/SGFM/00/29/8/0200130200298/0200130200298000g01011.jpg","price":"4,30 €","price_unit":"(10,75 € / Kilo)","categories":["Supermercado","Alimentación General","Platos preparados","Alubias guisadas","LA SUEGRA cocido montañés lata 400 g"],"general_information":["Denominación del alimento: Cocido Montañés","Nombre del operador: Disargos S.L.","Dirección del operador: C/ Marqués de Santillana Nº 5 6º B 39300 Torrelavega Cantabria","Cantidad Neta: 400 g"],"ingredients":[" Alubias, berza, chorizo, morcilla de arroz, costilla de cerdo, tocino, patata, aceite de oliva, morcilla seca, ajo, agua, sal soja."],"conservation":" Conservar en lugar fresco y seco.","ean":"8429320111128"},{"full_name":"LA ERMITA olla ferroviaria de alubias rojas tarro 550 g","name":"olla ferroviaria de alubias rojas tarro 550 g","brand":"LA ERMITA ","img":"https://sgfm.elcorteingles.es/SGFM/dctm/MEDIA03/201607/13/00200130200736____1__600x600.jpg","price":"5,70 €","categories":["Supermercado","Alimentación General","Platos preparados","Alubias guisadas","LA ERMITA olla ferroviaria de alubias rojas tarro 550 g"],"general_information":["Denominación del alimento: Olla ferroviaria","País de origen: España","Nombre del operador: Delicatessen La Ermita, S.L.","Dirección del operador: CARRETERA NACIONAL 634, S/N- 39591 CASAR DE PERIEDO","Cantidad Neta: 550 g"],"ingredients":[" Alubia roja (45%), panceta, morcilla de arroz (arroz, sangre, cebolla, manteca de cerdo, sal, especias naturales (pimienta blanca, comino y nuez moscada), sangre y tripa natural de vaca), chorizo (magro de cerdo, tocino de cerdo, pimentón, sal, ajo y tripa natural de cerdo), tocino, patatas, zanahoria, cebolla, ajo, aceite de oliva virgen extra, pimentón, sal y agua."],"conservation":" Conservar en lugar seco y fresco","ean":"8436019980071"},{"full_name":"LA ERMITA fabes con chorizo tarro 900 g","name":"fabes con chorizo tarro 900 g","brand":"LA ERMITA ","img":"https://sgfm.elcorteingles.es/SGFM/dctm/MEDIA03/201607/13/00200130200744____1__600x600.jpg","price":"7,59 €","categories":["Supermercado","Alimentación General","Platos preparados","Alubias guisadas","LA ERMITA fabes con chorizo tarro 900 g"],"general_information":["Denominación del alimento: Fabes con chorizo","País de origen: España","Nombre del operador: Delicatessen La Ermita, S.L.","Dirección del operador: CARRETERA NACIONAL 634, S/N- 39591 CASAR DE PERIEDO","Cantidad Neta: 550 g"],"ingredients":[" Fabes (alubias blancas) (63%), chorizo (magro de cerdo, tocino de cerdo, pimentón, sal, ajo, especias naturales y tripa natural de cerdo) (11%), cebolla, zanahoria, aceite de oliva virgen extra, sal, ajo, pimentón y agua."],"conservation":" Conservar en lugar seco y fresco","ean":"8436019980385"},{"full_name":"HEINZ alubias mexican lata 390 g","name":"alubias mexican lata 390 g","brand":"HEINZ ","img":"https://sgfm.elcorteingles.es/SGFM/dctm/MEDIA03/201705/31/00118030200747____1__600x600.jpg","price":"1,95 €","price_unit":"(5 € / Kilo)","categories":["Supermercado","Alimentación General","Platos preparados","Alubias guisadas","HEINZ alubias mexican lata 390 g"],"general_information":[],"ingredients":[],"ean":"5000157078179"},{"full_name":"HEINZ alubias  vegetal chilli lata 390 g","name":"alubias  vegetal chilli lata 390 g","brand":"HEINZ ","img":"https://sgfm.elcorteingles.es/SGFM/dctm/MEDIA03/201705/31/00118030200721____1__600x600.jpg","price":"1,95 €","price_unit":"(5 € / Kilo)","categories":["Supermercado","Alimentación General","Platos preparados","Alubias guisadas","HEINZ alubias  vegetal chilli lata 390 g"],"general_information":[],"ingredients":[],"ean":"5000157078193"},{"full_name":"GVTARRA Tus Primeros alubias blancas con puerros calabacín y zanahorias frasco 360 g","name":"Tus Primeros alubias blancas con puerros calabacín y zanahorias frasco 360 g","brand":"GVTARRA ","img":"https://sgfm.elcorteingles.es/SGFM/dctm/MEDIA03/201707/17/00200107300899____1__600x600.jpg","price":"1,72 €","price_unit":"(4,78 € / Kilo)","categories":["Supermercado","Alimentación General","Platos preparados","Alubias guisadas","GVTARRA Tus Primeros alubias blancas con puerros calabacín y zanahorias frasco 360 g"],"general_information":["Denominación del alimento: Alubias blancas, acelgas, zanahorias","País de origen: España","Nombre del operador: RIBEREBRO INTEGRAL, SAU","Dirección del operador: Poligono Industrial La Llanada - 26540 Alfaro La Rioja","Cantidad Neta: 560 g","Peso neto escurrido: 360 g","Número de raciones por envase: 2"],"ingredients":[" Alubias blancas, calabacin, zanahoria, puerro,  agua, sal y antioxidante: metabisulfito sódico (E-223). Contiene sulfitos."],"conservation":" Una vez abierto el tarro conservar en el frigorífico","ean":"8435307402561"},{"full_name":"EL CORTE INGLES albondigas de carne lata 415 g","name":"albondigas de carne lata 415 g","brand":"EL CORTE INGLES ","img":"https://sgfm.elcorteingles.es/SGFM/dctm/MEDIA02/CONTENIDOS/201508/18/00118034901068____1__600x600.jpg","price":"1,00 €","price_unit":"(2,41 € / Kilo)","categories":["Supermercado","Alimentación General","Platos preparados","Albóndigas","EL CORTE INGLES albondigas de carne lata 415 g"],"general_information":["Denominación del alimento: Albóndigas","Nombre del operador: Elaborado para el Grupo El Corte Inglés\npor Productos Noreñenses, S.L. Av.Oviedo,31. 33180 Noreña, Asturias (España)","Cantidad Neta: 415 g","Número de raciones por envase: 1"],"ingredients":[" Ingredientes: Albóndigas (56%)(carne separada mecánicamente de pollo, agua, carne de vacuno, magro de cerdo, harina de soja texturizada, albúmina de huevo, fécula de patata, sal, ajo, pimienta blanca y nuez moscada), salsa (agua, aceite de girasol, almidón de maíz, tomate, sal, pimentón, ajo y perejil) y guisantes (3%)."],"conservation":" Conservar en un lugar fresco y seco. Una vez abierto consumir en su totalidad","ean":"8433329085144"},{"full_name":"CARRETILLA albóndigas estilo casero envase 300 g","name":"albóndigas estilo casero envase 300 g","brand":"CARRETILLA ","img":"https://sgfm.elcorteingles.es/SGFM/00/45/8/0118034900458/0118034900458000g01011.jpg","price":"2,65 €","price_unit":"(8,83 € / Kilo)","categories":["Supermercado","Alimentación General","Platos preparados","Albóndigas","CARRETILLA albóndigas estilo casero envase 300 g"],"general_information":["Denominación del alimento: Albóndigas con salsa de tomate","Nombre del operador: Ind. Alim. de Navarra, S.A.U.","Dirección del operador: Pol.Peñalfons, s/n. 31330 Villafranca. Navarra - España","Cantidad Neta: 300 g","Otras menciones obligatorias en la etiqueta: Envasado en atmósfera protectora."],"ingredients":[" Albóndigas de carne (50%) (soja y gluten) [carne de cerdo, agua, proteína de soja, aceite de girasol, harina de trigo, sal, especias, almidón de trigo, gluten de trigo, espesantes (E-407 y E-407a), estabilizante (E-450), antioxidante (E-301), hidrolizado de proteínas vegetales (maíz y soja), extracto de levadura y aromas]; Salsa de Tomate (50%) [puré de tomate, vino, azúcar, almidón modificado de maíz, aceite de oliva, sal, cebolla, ajo y pimienta blanca]. Contiene gluten y soja. Puede contener trazas de crustáceos, huevo, pescado, leche y derivados, moluscos y mostaza."],"conservation":" No necesita frío para su conservación. Conservar en ambiente fresco y seco.","ean":"8410416006855"},{"full_name":"CARRETILLA albóndigas a la jardinera envase 300 g","name":"albóndigas a la jardinera envase 300 g","brand":"CARRETILLA ","img":"https://sgfm.elcorteingles.es/SGFM/dctm/MEDIA03/201705/17/00118034900904____1__600x600.jpg","price":"2,65 €","price_unit":"(8,83 € / Kilo)","categories":["Supermercado","Alimentación General","Platos preparados","Albóndigas","CARRETILLA albóndigas a la jardinera envase 300 g"],"general_information":["Denominación del alimento: Albondigas a la jardinera.","Nombre del operador: Ind. Alim. de Navarra, S.A.U.","Dirección del operador: Pol.Peñalfons, s/n. 31330 Villafranca. Navarra - España","Cantidad Neta: 300 g","Otras menciones obligatorias en la etiqueta: Envasado en atmósfera protectora."],"ingredients":[" Albóndigas de carne de cerdo (40%) (gluten, soja y sulfitos), salsa de tomate (gluten y soja) y hortalizas en proporción variable (15%) [patata, guisante, zanahoria, cebolla y champiñón cultivado (Agaricus Bisporus)].Ingredientes Albóndigas: carne de cerdo, agua, soja, pan rallado, papada de cerdo, preparado de albóndiga [sal, proteína animal y vegetal, especias naturales, azúcar y antioxidantes (E-330 y E-575)], vino blanco, ajo, perejil y pimienta negra.Ingredientes Salsa de tomate: tomate, agua, vino, azúcar, almidón modificado de maíz, aceite de oliva, aroma natural, sal y pimienta negra.Contiene gluten, soja y sulfitos. Puede contener trazas de crustáceos, huevo, pescado, leche y derivados (incluida la lactosa), apio, mostaza y moluscos."],"conservation":" No necesita frío para su conservación.Conservar en ambiente fresco y seco.","ean":"8410416007999"},{"full_name":"HERO albóndigas en salsa lata 430 g","name":"albóndigas en salsa lata 430 g","brand":"HERO ","img":"https://sgfm.elcorteingles.es/SGFM/dctm/MEDIA03/201606/22/00118034900623____1__600x600.jpg","price":"1,62 €","price_unit":"(3,77 € / Kilo)","categories":["Supermercado","Alimentación General","Platos preparados","Albóndigas","HERO albóndigas en salsa lata 430 g"],"general_information":["Denominación del alimento: Albóndigas En Salsa","País de origen: España","Nombre del operador: Hero España, S.A.","Dirección del operador: Avda. Murcia, 1 30820 Alcantarilla, Murcia","Cantidad Neta: 420 g"],"ingredients":[" Agua, carnes (30%) (ternera, pollo y cerdo), tomate, guisantes, pan rallado (harina de trigo, levadura y sal), zanahorias, vino, cebolla, leche, huevo, sal, almidón de maíz modificado, tocino ahumado, APIO, perejil, aceite de girasol, especias y aroma."],"conservation":" Conservar en lugar fresco y seco. Una vez abierto conservar en el frigorífico.","ean":"8410175090508"},{"full_name":"MAMIA albóndigas en salsa lata 400 g","name":"albóndigas en salsa lata 400 g","brand":"MAMIA ","img":"https://sgfm.elcorteingles.es/SGFM/00/63/1/0118034900631/0118034900631000g01011.jpg","price":"2,27 €","price_unit":"(5,68 € / Kilo)","categories":["Supermercado","Alimentación General","Platos preparados","Albóndigas","MAMIA albóndigas en salsa lata 400 g"],"general_information":["Denominación del alimento: Albóndigas de carne","Nombre del operador: Bajamar S.A.","Dirección del operador: Ctra. Sangüesa, s/n. 31310 Carcastillo (Navarra)","Lugar de procedencia del alimento: España.","Cantidad Neta: 400 g"],"ingredients":[" Tomate, carne de cerdo y ternera (23%),  agua, pimiento, pan rallado (contiene gluten), cebolla, harina de maiz, sal, vino blanco, aceite de girasol, proteína vegetal (contiene soja),  huevo, azúcares (contiene lactosa), almidón de trigo (contiene gluten), ajo, aroma natural de carne, puerro y especias. Contiene: gluten, soja, huevo y lactosa."],"conservation":" Una vez abierto el envase, mantener el producto refrigerado un máximo de 48 horas. A temperatura ambiente, en lugar fresco y seco / No requiere refrigeración.","ean":"8410465008473"},{"full_name":"MAMIA albóndigas de pollo con setas lata 400 g","name":"albóndigas de pollo con setas lata 400 g","brand":"MAMIA ","img":"https://sgfm.elcorteingles.es/SGFM/00/64/9/0118034900649/0118034900649000g01011.jpg","price":"2,27 €","price_unit":"(5,68 € / Kilo)","categories":["Supermercado","Alimentación General","Platos preparados","Albóndigas","MAMIA albóndigas de pollo con setas lata 400 g"],"general_information":["Denominación del alimento: Albóndigas de pollo","Nombre del operador: Bajamar S.A.","Dirección del operador: Ctra. Sangüesa, s/n. 31310 Carcastillo (Navarra)","Lugar de procedencia del alimento: España.","Cantidad Neta: 400 g"],"ingredients":[" Agua de cocción, carne de pollo extraida mecanicamente y carne de pollo (16%), champiñón (Agaricus Bisporus) cultivado (12%), pan rallado (contiene gluten), leche, tomate, vino blanco, almidón modificado de maíz, aceite de girasol,  sal, ajo, proteína animal  de ave, caldo de pollo natural, proteina vegetal (contiene soja),  almidón de trigo (contiene gluten), huevo, cebolla, azúcares ( contiene lactosa),  perejil, hongos (Boletus Edulis) silvestre, pimentón, caldo de champiñón natural y especias. Contiene: gluten, soja, huevo y lactosa."],"conservation":" Una vez abierto el envase, mantener el producto refrigerado un máximo de 48 horas. A temperatura ambiente, en lugar fresco y seco / No requiere refrigeración.","ean":"8410465008480"},{"full_name":"MAMIA albóndigas de carne y champiñón en salsa española lata 400 g","name":"albóndigas de carne y champiñón en salsa española lata 400 g","brand":"MAMIA ","img":"https://sgfm.elcorteingles.es/SGFM/00/66/4/0118034900664/0118034900664000g01011.jpg","price":"2,27 €","price_unit":"(5,68 € / Kilo)","categories":["Supermercado","Alimentación General","Platos preparados","Albóndigas","MAMIA albóndigas de carne y champiñón en salsa española lata 400 g"],"general_information":["Denominación del alimento: Albóndigas de carne y champiñones","Nombre del operador: Bajamar S.A.","Dirección del operador: Ctra. Sangüesa, s/n. 31310 Carcastillo (Navarra)","Lugar de procedencia del alimento: España.","Cantidad Neta: 400 g"],"ingredients":[" Agua de cocción, champiñón (Agaricus Bisporus) cultivado (16%), carne de cerdo y ternera (15%), pan rallado (contiene gluten), tomate, harina de maiz, cebolla, vino oloroso (0,8%), sal, aceite de girasol, proteína vegetal, (contiene soja), almidón de trigo, azúcares (contiene lactosa), huevo, caldo de carne natural, aroma de carne natural, puerro, hongos (Boletus Edulis) silvestre y perejil."],"conservation":" Una vez abierto el envase, mantener el producto refrigerado un máximo de 48 horas. A temperatura ambiente, en lugar fresco y seco / No requiere refrigeración.","ean":"8410465008497"},{"full_name":"LOURIÑO albóndigas lata 420 g neto escurrido","name":"albóndigas lata 420 g neto escurrido","brand":"LOURIÑO ","img":"https://sgfm.elcorteingles.es/SGFM/00/72/2/0118034900722/0118034900722000g01011.jpg","price":"1,46 €","price_unit":"(3,48 € / Kilo)","categories":["Supermercado","Alimentación General","Platos preparados","Albóndigas","LOURIÑO albóndigas lata 420 g neto escurrido"],"general_information":["Denominación del alimento: Albóndigas 420g","País de origen: España","Nombre del operador: INDUSTRIAS FRIGORÍFICAS DEL LOURO, S.A.","Dirección del operador: AVda. Gómez Franqueira s/n - 36400 Pontevedra ? España","Lugar de procedencia del alimento: España","Cantidad Neta: 420 g","Número de raciones por envase: 13"],"ingredients":[" Albóndigas (65%) (carne de porcino, carne de pavo, tocino de cerdo, harina de trigo, carne separada mecánicamente de pavo, sal, estabilizadores (E-451i, E-452ii), ajo, conservador (E-250). Salsa: agua, cebolla, harina de trigo, vino, tomate, manteca de cerdo, zanahoria, aceite de girasol, fécula de patata, pimentón y sal. Puede contener trazas de huevo, soja y leche"],"conservation":" Conservar en lugar fresco y seco. Una vez abierto conservar refrigerado.","ean":"8411769012029"},{"full_name":"CAMPANAL albóndigas en salsa lata 425 g","name":"albóndigas en salsa lata 425 g","brand":"CAMPANAL ","img":"https://sgfm.elcorteingles.es/SGFM/00/73/0/0118034900730/0118034900730000g01011.jpg","price":"1,87 €","price_unit":"(4,40 € / Kilo)","categories":["Supermercado","Alimentación General","Platos preparados","Albóndigas","CAMPANAL albóndigas en salsa lata 425 g"],"general_information":["Denominación del alimento: Albóndigas en Salsa","País de origen: España","Nombre del operador: PRODUCTOS CAMPANAL S.A","Dirección del operador: C/Eguilior, 1- 39740 Santoña","Cantidad Neta: 425 g","Número de raciones por envase: 1"],"ingredients":[" Albóndigas 43% (carne de cerdo, carne de vacuno, tocino, harina de trigo, agua, aceite de girasol, sal, ajo, estabilizante E-450 y conservador E-250). Salsa: agua de cocción, guisantes 8.2%, tomate frito 2,7% (tomate, aceite de girasol, azúcar, almidón de maíz, sal, ajo, cebolla, antioxidante E-330), cebolla 2,6 %, aceite de girasol, harina de trigo, vino blanco, sal, pimentón dulce, perejil y ajo."],"conservation":"Modo de empleo: 1.Verter el contenido de la lata en una cazuela, preferentemente de barro y calentar entre 3-5 minutos. 2.Abrir el envase y calentar suavemente el baño María durante 10-15 minutos. 3.Verter el contenido de la lata en un recipiente apto para microondas y calentar durante 2-3 minutos a máxima potencia.","ean":"8410125008812"},{"full_name":"CASA MAS albondigas caseras envase 275 g","name":"albondigas caseras envase 275 g","brand":"CASA MAS ","img":"https://sgfm.elcorteingles.es/SGFM/dctm/MEDIA02/CONTENIDOS/201411/05/00118850203870____1__600x600.jpg","price":"2,99 €","price_unit":"(10,87 € / Kilo)","categories":["Supermercado","Alimentación General","Platos preparados","Albóndigas","CASA MAS albondigas caseras envase 275 g"],"general_information":["Denominación del alimento: Albondigas Guisadas","Nombre del operador: CASA MAS ALIMENTACIÓN","Dirección del operador: Pol. Industrial el Vapor. Nau B-1,B-2 ? 08183 Castellterçol (Barcelona)","Cantidad Neta: 275 Kilogramos","Otras menciones obligatorias en la etiqueta: Puede contener trazas de apio, soja, pescado, moluscos y crustáceos. Envasado en atmosfera protectora."],"ingredients":[" Albóndigas fritas 60% (carne de cerdo, carne de ternera, harina de trigo, pan rallado (harina de trigo, harina integral de trigo, levadura y sal), huevo, leche, aceite de girasol, fibra de trigo, caldo de pollo (sal, carne de pollo deshidratado, grasa de ave, extracto de levadura, maltodextrina, proteína vegetal hidrolizada, cebolla y ajo deshidratados, aroma), ajo, perejil, pimienta blanca, sal, conservador: benzoato sódico), salsa (agua, cebolla, tomate frito (tomate y concentrado de tomate, aceite de girasol, almidón modificado de maíz, sal, verduras, azúcar y acidulante: ácido cítrico), vino blanco (contiene sulfitos), picada (almendras, avellanas, ajo y perejil), caldo de pollo, ajo, laurel, espesante: fosfato de dialmidón hidroxipropilado; sal, conservadores: sorbato potásico y ácido sórbico; colorante: caramelo amónico"],"conservation":" Envasado en atmósfera protectora. Conservar entre (0C y 4°C. Una vez. abierto, consumir en 48 horas .Microondas 3'. Pinchar el film repetidamente y calentar a máxima/media intensidad durante 2-5 minutos en el microondas Horno 6'. Con el horno caliente (180ºC-220ºC), poner el producto en un recipiente apto para el horno y calentar durante 5-7 minutos.*Admite congelación hasta 10 días antes de su caducidad. Consumir antes de 48h una vez descongelado. Para su correcta descongelación, poner la bandeja en la nevera hasta que el producto esté descongelado.","ean":"8437007142129"},{"full_name":"CASA MAS albondigas guisadas 2 raciones envase 550 g","name":"albondigas guisadas 2 raciones envase 550 g","brand":"CASA MAS ","img":"https://sgfm.elcorteingles.es/SGFM/dctm/MEDIA02/CONTENIDOS/201411/05/00118850203862____1__600x600.jpg","price":"4,19 €","price_unit":"(7,62 € / Kilo)","categories":["Supermercado","Alimentación General","Platos preparados","Albóndigas","CASA MAS albondigas guisadas 2 raciones envase 550 g"],"general_information":["Denominación del alimento: Albóndigas Guisadas","Nombre del operador: Casa Mas Alimentación, S.L.","Dirección del operador: Pol. Industrial el Vapor. Nau B-1,B-2 ? 08183 Castellterçol (Barcelona)","Cantidad Neta: 550 g","Otras menciones obligatorias en la etiqueta: Envasado en atmósfera protectora."],"ingredients":[" Albóndigas fritas 35% (carne de cerdo, carne de ternera, harina de trigo, pan rallado, huevo, leche, aceite vegetal, fibra de trigo, sal, caldo de pollo , ajo, perejil, pimienta blanca, conservador: benzoato sódico), agua, cebolla, tomate frito (tomate y concentrado de tomate, aceite de girasol, almidón modificado de maíz, sal, verduras, azúcar y acidulante: ácido cítrico), vino blanco (sulfitos), picada (almendra, avellana, ajo, perejil y agua), aceite de girasol, caldo de pollo, laurel, sal, regulador de la acidez: lactato sódico; colorante: caramelo; almidón de patata; conservadores: sorbato potásico y ácido sórbico."],"conservation":" Conservar entre 0-4°C. Una vez abierto, guardar en refrigeración y consumir en 48 horas.","ean":"8437007140439"},{"full_name":"LITORAL callos a la madrileña lata 380 g","name":"callos a la madrileña lata 380 g","brand":"LITORAL ","img":"https://sgfm.elcorteingles.es/SGFM//00/86/2/0118034900862/0118034900862000g01011.jpg","price":"3,13 €","price_unit":"(8,24 € / Kilo)","categories":["Supermercado","Alimentación General","Platos preparados","Callos guisados","LITORAL callos a la madrileña lata 380 g"],"general_information":["Denominación del alimento: CALLOS A LA MADRILEÑA. PLATO COCINADO","Nombre del operador: Nestlé España, S.A.","Dirección del operador: Edificio Nestlé 08950 Esplugues de Llobregat (Barcelona)","Cantidad Neta: 380 g"],"ingredients":[" Ingredientes: salsa (agua, manteca de cerdo ibérico, cebolla, harina de trigo, sal, vino blanco, almidón de trigo, pimentón, ajo, aroma), callos de vacuno (29,0%), morro de cerdo, chorizo extra (6,8%) (papada y magro de cerdo, pimentón, sal, ajo), morcilla curada (6,3%) (tocino, papada, panceta ahumada, sangre y magro de cerdo, cebolla, pimentón, sal, tocino de cerdo ibérico, orégano)."],"conservation":"Modo de empleo: 3 MODOS DE PREPARACIÓN 1. Abrir la lata y ponerla al baño maría durante 15 minutos. 2. Verter el contenido de la lata en un cazo y calentarlo a fuego suave durante 3-5 minutos. 3. Verter el contenido de la lata en un recipiente no metálico y calentarlo, tapado, en un microondas de 1-2 minutos, en función de la potencia.","ean":"7613034632715"},{"full_name":"LITORAL callos con garbanzos lata 380 g","name":"callos con garbanzos lata 380 g","brand":"LITORAL ","img":"https://sgfm.elcorteingles.es/SGFM/dctm/MEDIA02/CONTENIDOS/201407/21/00118034900870____1__600x600.jpg","price":"3,07 €","price_unit":"(8,08 € / Kilo)","categories":["Supermercado","Alimentación General","Platos preparados","Callos guisados","LITORAL callos con garbanzos lata 380 g"],"general_information":["Denominación del alimento: Callos con garbanzos. Plato cocinado","Nombre del operador: Nestlé España, S.A.","Dirección del operador: Avinguda Països Catalans, 51 - 08950 Esplugues de Llobregat (Barcelona)","Cantidad Neta: 380 g"],"ingredients":[" Salsa (agua, tocino de cerdo ibérico, cebolla, harina de trigo, sal, pimentón, almidón de trigo, vino blanco, ajo, aroma), callos de vacuno (22,2%), garbanzos (13,9%), chorizo extra (6,8%) (magro, papada y panceta ahumada de cerdo, sal, pimentón, ajo), morro de cerdo."],"conservation":"Modo de empleo: Abrir la lata y ponerla al baño maría durante 15 minutos. Verter el contenido de la lata en un cazo y calentarlo a fuego suave durante 10 minutos. Microondas: Verter el contenido de la lata en un recipiente no metálico y calentarlo, tapado, de 3 a 4 minutos, en función de la potencia.","ean":"7613034632654"},{"full_name":"CAMPANAL callos con garbanzos lata 380 g","name":"callos con garbanzos lata 380 g","brand":"CAMPANAL ","img":"https://sgfm.elcorteingles.es/SGFM/dctm/MEDIA03/201705/31/00118034901118____1__600x600.jpg","price":"2,90 €","price_unit":"(7,63 € / Kilo)","categories":["Supermercado","Alimentación General","Platos preparados","Callos guisados","CAMPANAL callos con garbanzos lata 380 g"],"general_information":[],"ingredients":[],"ean":"8410125400081"},{"full_name":"CAMPANAL callos guisados a la española lata 380 g","name":"callos guisados a la española lata 380 g","brand":"CAMPANAL ","img":"https://sgfm.elcorteingles.es/SGFM/00/60/7/0118034900607/0118034900607000g01011.jpg","price":"2,04 €","price_unit":"(5,37 € / Kilo)","categories":["Supermercado","Alimentación General","Platos preparados","Callos guisados","CAMPANAL callos guisados a la española lata 380 g"],"general_information":["Denominación del alimento: Callos Asturiana","País de origen: España","Nombre del operador: PRODUCTOS CAMPANAL S.A","Dirección del operador: C/Eguilior, 1- 39740 Santoña","Cantidad Neta: 340 g","Número de raciones por envase: 1"],"ingredients":[" Callos 42%, agua de cocción, morro de cerdo 4%, pata de vacuno 3%, mano de cerdo 3%, harina de trigo, jamón 2%, cebolla 2%, manteca de cerdo, aceite de girasol, sal, especias ( ajo, pimentón dulce, cayena, tomillo), fécula de patata, gelatina animal, dextrosa, estabilizantes E-420 y E-452, potenciador del sabor E-621, antioxidante E-301, conservador E-250."],"conservation":"Modo de empleo: 1.Verter el contenido de la lata en una cazuela, preferentemente de barro y calentar entre 3-5 minutos. 2.Abrir el envase y calentar suavemente el baño María durante 10-15 minutos. 3.Verter el contenido de la lata en un recipiente apto para microondas y calentar durante 2-3 minutos a máxima potencia.","ean":"8410125009956"},{"full_name":"EL GAITERO callos a la sidra lata 610 g","name":"callos a la sidra lata 610 g","brand":"EL GAITERO ","img":"https://sgfm.elcorteingles.es/SGFM/00/57/3/0118034900573/0118034900573000g01011.jpg","price":"8,60 €","price_unit":"(14,10 € / Kilo)","categories":["Supermercado","Alimentación General","Platos preparados","Callos guisados","EL GAITERO callos a la sidra lata 610 g"],"general_information":[],"ingredients":[],"ean":"8412159111278"},{"full_name":"EL GAITERO callos a la asturiana lata 610 g","name":"callos a la asturiana lata 610 g","brand":"EL GAITERO ","img":"https://sgfm.elcorteingles.es/SGFM/00/56/5/0118034900565/0118034900565000g01011.jpg","price":"6,67 €","price_unit":"(10,93 € / Kilo)","categories":["Supermercado","Alimentación General","Platos preparados","Callos guisados","EL GAITERO callos a la asturiana lata 610 g"],"general_information":[],"ingredients":[],"ean":"8412159111124"},{"full_name":"SORENA callos a la madrileña lata 380 g","name":"callos a la madrileña lata 380 g","brand":"SORENA ","img":"https://sgfm.elcorteingles.es/SGFM/00/78/9/0118034900789/0118034900789000g01011.jpg","price":"1,93 €","price_unit":"(5,08 € / Kilo)","categories":["Supermercado","Alimentación General","Platos preparados","Callos guisados","SORENA callos a la madrileña lata 380 g"],"general_information":["Denominación del alimento: Callos a la Madrileña","País de origen: España","Nombre del operador: CONSORCIO ESPAÑOL CONSERVERO S.A","Dirección del operador: C/Eguilior, 1- 39740 Santoña","Cantidad Neta: 380 g"],"ingredients":[" Agua, callos de vacuno 24%, morros de cerdo 8%, pata de vaca 8%, cebolla, harina de trigo, manteca de cerdo, Tomate frito (tomate, aceite3 de girasol, azúcar, almidón de maiz, sal, ajo, cebolla y acidulante E-330), Morcilla 2%, (tocino de cerdo, grasa de cerdo, cebolla, sangre, pimentón dulce y picante, sal, proteína de soja) Chorizo 2% (magro y tocino de cerdo, pimentón dulce y picante, ajo, sal, dextrosa, dextrina, estabilizante (E450/E-452), antioxidante (E-301) potenciador de sabor (E-621) y proteína vegetal de soja), vino blanco, sal, aceite de girasol, pimentón dulce y picante, ajo, clavillo."],"conservation":" No requiere condiciones de conservación especiales","ean":"8410125400067"},{"full_name":"CARRETILLA callos a la madrileña envase 350 g","name":"callos a la madrileña envase 350 g","brand":"CARRETILLA ","img":"https://sgfm.elcorteingles.es/SGFM/dctm/MEDIA03/201705/17/00118034901126____2__600x600.jpg","price":"3,08 €","categories":["Supermercado","Alimentación General","Platos preparados","Callos guisados","CARRETILLA callos a la madrileña envase 350 g"],"general_information":["Denominación del alimento: Callos a la Madrileña","Nombre del operador: Ind. Alim. de Navarra, S.A.U.","Dirección del operador: Pol.Peñalfons, s/n. 31330 Villafranca. Navarra - España","Cantidad Neta: 320 g","Otras menciones obligatorias en la etiqueta: Envasado en atmósfera protectora."],"ingredients":[" Callos cocidos de ternera (sulfitos), tomate, aceite de girasol, agua, chorizo curado (4%), almidón modificado de maíz, sal, cebolla, ajo, lecitina de soja, especias, plantas aromáticas y antioxidante: ácido ascórbico. Ingredientes del chorizo curado: magro y tocino de cerdo, pimentón, sal, ajo, dextrina, dextrosa, emulgente (trifosfato pentasódico), antioxidantes (citrato y ascorbato sódico) y colorante natural (cochinilla). Contiene soja y Sulfitos. Puede contener trazas de crustáceos, huevo, pescado, leche y derivados, apio, mostaza y moluscos."],"conservation":" No necesita frío para su conservación. Conservar en ambiente fresco y seco.","ean":"8410416008804"},{"full_name":"ALTA SIERRA DE TINEO callos caseros lata 740 g","name":"callos caseros lata 740 g","brand":"ALTA SIERRA DE TINEO ","img":"https://sgfm.elcorteingles.es/SGFM/dctm/MEDIA03/201707/17/00200134801018____1__600x600.jpg","price":"4,00 €","categories":["Supermercado","Alimentación General","Platos preparados","Callos guisados","ALTA SIERRA DE TINEO callos caseros lata 740 g"],"general_information":[],"ingredients":[],"ean":"8437005185067"},{"full_name":"EL CORTE INGLES ensalada de arroz con palitos de mar bol 240 g","name":"ensalada de arroz con palitos de mar bol 240 g","brand":"EL CORTE INGLES ","img":"https://sgfm.elcorteingles.es/SGFM/dctm/MEDIA03/201605/20/00118084400391____6__600x600.jpg","price":"1,59 €","price_unit":"(6,62 € / Kilo)","categories":["Supermercado","Alimentación General","Platos preparados","Ensaladas preparadas","EL CORTE INGLES ensalada de arroz con palitos de mar bol 240 g"],"general_information":["Denominación del alimento: ENSALADA DE ARROZ CON PALITOS DE MAR","Nombre del operador: Elaborado para El Corte Inglés por \nIndustrias Alimentarias de Navarra, S.A.U.\nPeñalfons, s/n \n31330 Villafranca ? Navarra\nEspaña","Cantidad Neta: 240 g","Número de raciones por envase: 1.0"],"ingredients":[" Ingredientes: Arroz cocido (17%), maíz, guisantes, pimiento rojo, aceite de girasol, palitos de mar (6%)     (agua, surimi (pescado, azúcar), almidón de maíz, almidón de tapioca, clara de huevo, humectante (sorbitol), azúcar, sal, aceite de soja, aromas de cangrejo (crustáceo), preparaciones aromáticas, potenciadores del sabor (E 621, E 635), vino de arroz (sustancias aromáticas, agua, jarabe de glucosa, etil-alcohol) y colorantes (E 170, E 120 y E 160c)), aceituna verde, vinagre de vino blanco, aceite de oliva, sal, azúcar y antioxidantes: ácido ascórbico y EDTA disódico cálcico. Puede contener trazas de gluten, leche y derivados incluida lactosa), apio, mostaza y molusco."],"conservation":" Conservar a temperatura ambiente en lugar fresco y seco","ean":"8433329068741"},{"full_name":"EL CORTE INGLES ensaladilla rusa bol 240 g","name":"ensaladilla rusa bol 240 g","brand":"EL CORTE INGLES ","img":"https://sgfm.elcorteingles.es/SGFM/dctm/MEDIA03/201605/05/00118084400367____6__600x600.jpg","price":"1,59 €","price_unit":"(6,62 € / Kilo)","categories":["Supermercado","Alimentación General","Platos preparados","Ensaladas preparadas","EL CORTE INGLES ensaladilla rusa bol 240 g"],"general_information":["Denominación del alimento: ENSALADILLA RUSA","Nombre del operador: Elaborado para El Corte Inglés por \nIndustrias Alimentarias de Navarra, S.A.U.\nPeñalfons, s/n \n31330 Villafranca ? Navarra\nEspaña","Cantidad Neta: 240 g","Número de raciones por envase: 1.0"],"ingredients":[" Ingredientes: Patata, agua, aceite de girasol, atún, zanahoria, guisantes, aceitunas verdes, vinagre de vino blanco, yema de huevo, almidón modificado de maíz, sal, azúcar, aroma, estabilizador: E-410 y E-415 y extracto de levadura. Puede contener trazas de crustáceos, soja, leche y derivados, apio, mostaza, moluscos y gluten"],"conservation":" Conservar a temperatura ambiente en lugar fresco y seco","ean":"8433329068710"},{"full_name":"EL CORTE INGLES ensalada de pasta con atún bol 240 g","name":"ensalada de pasta con atún bol 240 g","brand":"EL CORTE INGLES ","img":"https://sgfm.elcorteingles.es/SGFM/dctm/MEDIA03/201605/05/00118084400375____6__600x600.jpg","price":"1,59 €","price_unit":"(6,62 € / Kilo)","categories":["Supermercado","Alimentación General","Platos preparados","Ensaladas preparadas","EL CORTE INGLES ensalada de pasta con atún bol 240 g"],"general_information":["Denominación del alimento: ENSALADA  DE PASTA CON ATÚN","Nombre del operador: Elaborado para El Corte Inglés por \nIndustrias Alimentarias de Navarra, S.A.U.\nPeñalfons, s/n \n31330 Villafranca ? Navarra\nEspaña","Cantidad Neta: 240 g","Número de raciones por envase: 1.0"],"ingredients":[" Ingredientes: Pasta cocida (36%) (sémola de trigo, tomate y espinaca), patata (13%), atún (12%), maíz (11%), zanahoria (8,9%), pimiento rojo (8,9%), aceite de girasol, vinagre de vino blanco, aceite de oliva, sal, extracto de levadura y azúcar. Puede contener trazas de crustáceos, huevo, soja, leche y derivados, apio, mostaza y moluscos."],"conservation":" Conservar a temperatura ambiente en lugar fresco y seco","ean":"8433329068727"},{"full_name":"EL CORTE INGLES ensalada ligera de pavo con pasta bol 200 g","name":"ensalada ligera de pavo con pasta bol 200 g","brand":"EL CORTE INGLES ","img":"https://sgfm.elcorteingles.es/SGFM/dctm/MEDIA03/201605/05/00118084400383____4__600x600.jpg","price":"1,59 €","price_unit":"(7,95 € / Kilo)","categories":["Supermercado","Alimentación General","Platos preparados","Ensaladas preparadas","EL CORTE INGLES ensalada ligera de pavo con pasta bol 200 g"],"general_information":["Denominación del alimento: ENSALADA LIGERA* DE PASTA CON PAVO","Nombre del operador: Elaborado para El Corte Inglés por \nIndustrias Alimentarias de Navarra, S.A.U.\nPeñalfons, s/n \n31330 Villafranca ? Navarra\nEspaña","Cantidad Neta: 200 g","Número de raciones por envase: 1.0"],"ingredients":[" Ingredientes: Brotes de judía mungo, pasta cocida (23%) (sémola de trigo, tomate, espinaca y huevo), zanahoria, maíz, pavo cocido (7%) (pechuga de pavo, agua, fécula de patata, sal, azúcar, estabilizantes (E-451i y E-407), antioxidante (E-316), y especias), pimiento rojo, judía verde, vinagre de vino blanco, aceite de girasol, sal, aceite de oliva, azúcar y extracto de levadura. Puede contener trazas de crustáceos, pescado, soja, leche, apio, moluscos y mostaza."],"conservation":" Conservar a temperatura ambiente en lugar fresco y seco","ean":"8433329068734"},{"full_name":"ISABEL ensaladíssima  mediterránea con hortalizas y atún bol 230 g","name":"ensaladíssima  mediterránea con hortalizas y atún bol 230 g","brand":"ISABEL ","img":"https://sgfm.elcorteingles.es/SGFM/dctm/MEDIA03/201711/20/00118084400094____1__600x600.jpg","price":"1,75 €","price_unit":"(7 € / Kilo)","categories":["Supermercado","Alimentación General","Platos preparados","Ensaladas preparadas","ISABEL ensaladíssima  mediterránea con hortalizas y atún bol 230 g"],"general_information":["Denominación del alimento: Plato preparado con base de pescado y hortalizas:","Nombre del operador: CONSERVAS SELECTAS DE GALICIA SL","Dirección del operador: Virxe das Mareas s/n 36980 O Grove","Cantidad Neta: 220 g","Peso neto escurrido: 0 g"],"ingredients":[" Mezcla de hortalizas (71%): Zanahoria, pimiento rojo, guisantes y cebolla.Atún (20%), aceite de oliva (3%), aceite de girasol, vinagre, azúcar, sal, aroma natural y espesante: goma deguar."],"ean":"8410111005580"},{"full_name":"ISABEL ensaladíssima ligera con atún, soja y pasta bol 230 g","name":"ensaladíssima ligera con atún, soja y pasta bol 230 g","brand":"ISABEL ","img":"https://sgfm.elcorteingles.es/SGFM/dctm/MEDIA03/201711/20/00118084400128____1__600x600.jpg","price":"1,75 €","price_unit":"(7 € / Kilo)","categories":["Supermercado","Alimentación General","Platos preparados","Ensaladas preparadas","ISABEL ensaladíssima ligera con atún, soja y pasta bol 230 g"],"general_information":["Denominación del alimento: Plato preparado con hortalizas, Atún y pasta: Ensa","Nombre del operador: CONSERVAS SELECTAS DE GALICIA SL","Dirección del operador: Virxe das Mareas s/n 36980 O Grove","Cantidad Neta: 220 g","Peso neto escurrido: 0 g"],"ingredients":[" Mezcla de hortalizas (67%): Zanahoria, maíz, pimiento rojo, judÃ­as verdes y brotes desoja verde (judÃ­a mungo, 9%)Atún (20%), pasta(8%) (contiene trigo y huevo), aceite de girasol, vinagre y sal."],"ean":"8410111005603"},{"full_name":"ISABEL ensaladíssima ensaladilla rusa con atún vegetales y mayonesa bol 230 g","name":"ensaladíssima ensaladilla rusa con atún vegetales y mayonesa bol 230 g","brand":"ISABEL ","img":"https://sgfm.elcorteingles.es/SGFM/dctm/MEDIA03/201711/20/00118084400102____1__600x600.jpg","price":"1,75 €","price_unit":"(7 € / Kilo)","categories":["Supermercado","Alimentación General","Platos preparados","Ensaladas preparadas","ISABEL ensaladíssima ensaladilla rusa con atún vegetales y mayonesa bol 230 g"],"general_information":["Denominación del alimento: Plato preparado con hortalizas, salsa fina y Atún:","Nombre del operador: CONSERVAS SELECTAS DE GALICIA SL","Dirección del operador: Virxe das Mareas s/n 36980 O Grove","Cantidad Neta: 220 g","Peso neto escurrido: 0 g"],"ingredients":[" Mezcla de hortalizas (40%): patata,zanahoria, guisantes, pimiento rojo,aceitunas y pepinillos. salsa fina (40%): aceite de girasol, agua, vinagre, glucosa, yema de huevo en polvo, sal, almidón modificado de maíz, extracto de levadura, aromas naturales y espesante: goma xantana.Atún (20%)."],"ean":"8410111005597"},{"full_name":"CARRETILLA ensalada de arroz salvaje con pollo braseado envase 220 g","name":"ensalada de arroz salvaje con pollo braseado envase 220 g","brand":"CARRETILLA ","img":"https://sgfm.elcorteingles.es/SGFM/dctm/MEDIA03/201606/17/00118084400458____1__600x600.jpg","price":"2,24 €","categories":["Supermercado","Alimentación General","Platos preparados","Ensaladas preparadas","CARRETILLA ensalada de arroz salvaje con pollo braseado envase 220 g"],"general_information":["Denominación del alimento: Ensalada de arroz salvaje","Nombre del operador: Ind. Alim. de Navarra, S.A.U.","Dirección del operador: Pol.Peñalfons, s/n. 31330 Villafranca. Navarra - España","Cantidad Neta: 220 g","Otras menciones obligatorias en la etiqueta: Envasado en atmósfera protectora."],"ingredients":[" Arroz cocido (25%)(arroz blanco 16% y arroz salvaje 9%),aderezo 25%,tomate, maiz dulce,manzana y pollo asado 7%. Ingredientes aderezo: aceite de girasol,vinagre de vino blanco, azúcar, pasta de curry 1% [vinagre de alcohol, especias (contiene mostaza), ajo, cebolla y tomate], sal, albahaca, zumo de limón, aroma natural de lima, estabilizador (goma xantana) y lecitina de soja.Ingredientes del pollo: pechuga de pollo, agua, almidón nativo de mandioca, sal, azúcar, dextrosa, almidón modificado, suero de leche, leche desnatada, estabilizante (difosfato de sodio) y aroma de pollo idéntico al natural.Contiene leche y derivados, soja y mostaza. Puede contener trazas de crustáceos, huevo, pescado, apio y moluscos."],"conservation":" Mantener en lugar fresco y seco. No necesita frío para su conservación.","ean":"8410416008897"},{"full_name":"CARRETILLA ensalda de Quinoa con legumbre y maíz envase 230 g","name":"ensalda de Quinoa con legumbre y maíz envase 230 g","brand":"CARRETILLA ","img":"https://sgfm.elcorteingles.es/SGFM/dctm/MEDIA03/201606/17/00118084400466____1__600x600.jpg","price":"1,93 €","categories":["Supermercado","Alimentación General","Platos preparados","Ensaladas preparadas","CARRETILLA ensalda de Quinoa con legumbre y maíz envase 230 g"],"general_information":["Denominación del alimento: Ensalada de Quinoa","Nombre del operador: Ind. Alim. de Navarra, S.A.U.","Dirección del operador: Pol.Peñalfons, s/n. 31330 Villafranca. Navarra - España","Cantidad Neta: 230 g","Otras menciones obligatorias en la etiqueta: Envasado en atmósfera protectora."],"ingredients":[" Alubias cocidas 35% (rojas y pochas), quinoa 20%, tomate, maíz 10%, aliño 9%, cebolla y pimientos (rojo y verde).Ingredientes aliño: aceite de girasol, pimiento rojo, chili, vinagre de vino, especias y hierbas aromáticas, ajo, aceite de oliva, sal, azúcar, zumo de lima y de limón, lecitina de soja, estabilizante (goma xantana) y acidulante (ácido láctico).Contiene soja. Puede contener trazas de crustáceos, huevo, pescado, leche y derivados, apio, mostaza y moluscos."],"conservation":" Mantener en lugar fresco y seco. No necesita frío para su conservación.","ean":"8410416008910"},{"full_name":"CARRETILLA ensaladas de pasta con atún bol 240 g","name":"ensaladas de pasta con atún bol 240 g","brand":"CARRETILLA ","img":"https://sgfm.elcorteingles.es/SGFM/dctm/MEDIA03/201705/17/00118084400177____2__600x600.jpg","price":"1,75 €","price_unit":"(7,29 € / Kilo)","categories":["Supermercado","Alimentación General","Platos preparados","Ensaladas preparadas","CARRETILLA ensaladas de pasta con atún bol 240 g"],"general_information":["Denominación del alimento: Ensalada de pasta con atún","Nombre del operador: Ind. Alim. de Navarra, S.A.U.","Dirección del operador: Pol.Peñalfons, s/n. 31330 Villafranca. Navarra - España","Cantidad Neta: 240 g","Otras menciones obligatorias en la etiqueta: Envasado en atmósfera protectora."],"ingredients":[" Pasta cocida (20%) (gluten y huevo)(sémola de trigo, clara de huevo, tomate y espinaca), maíz, zanahoria, pimiento verde, cebolla, atún (6%) (pescado), aceituna verde, aceite de girasol, vinagre de vino, aceite de oliva, sal, azúcar y antioxidantes: áciedo ascórbico y EDTA disódico- cálcico. Contiene huevo, gluten y pescado. Puede contener trazas de crustáceos, soja, leche y derivados, apio, moluscos y mostaza."],"conservation":" Mantener en lugar fresco y seco. No necesita frío para su conservación.","ean":"8410416001799"},{"full_name":"CARRETILLA Ensaladilla rusa bol 240 g","name":"Ensaladilla rusa bol 240 g","brand":"CARRETILLA ","img":"https://sgfm.elcorteingles.es/SGFM/dctm/MEDIA03/201705/17/00118084400268____3__600x600.jpg","price":"1,64 €","price_unit":"(6,83 € / Kilo)","categories":["Supermercado","Alimentación General","Platos preparados","Ensaladas preparadas","CARRETILLA Ensaladilla rusa bol 240 g"],"general_information":["Denominación del alimento: Ensaladilla rusa","Nombre del operador: Ind. Alim. de Navarra, S.A.U.","Dirección del operador: Pol.Peñalfons, s/n. 31330 Villafranca. Navarra - España","Cantidad Neta: 240 g","Otras menciones obligatorias en la etiqueta: Envasado en atmósfera protectora."],"ingredients":[" Salsa fina (huevo), hortalizas (patata, zanahoria y guisantes), aceitunas verdes y atún (pescado). Ingredientes salsa fina: Agua, aceite de girasol, vinagre de vino blanco, yema de huevo, almidón modificado de maíz, sal, azúcar, jarabe de glucosa, aroma, extracto de levadura y estabilizantes: harina de semillas de algarrobo y goma xantana. Contiene huevo y pescado. Puede contener trazas de crustáceos, soja, leche y derivados, apio, moluscos y mostaza."],"conservation":" Mantener en lugar fresco y seco. No necesita frío para su conservación.","ean":"8410416004400"},{"full_name":"CARRETILLA ensalada  ligera bol 200 g","name":"ensalada  ligera bol 200 g","brand":"CARRETILLA ","img":"https://sgfm.elcorteingles.es/SGFM/dctm/MEDIA03/201705/17/00118084400243____3__600x600.jpg","price":"1,74 €","price_unit":"(8,70 € / Kilo)","categories":["Supermercado","Alimentación General","Platos preparados","Ensaladas preparadas","CARRETILLA ensalada  ligera bol 200 g"],"general_information":["Denominación del alimento: Ensalada ligera","Nombre del operador: Ind. Alim. de Navarra, S.A.U.","Dirección del operador: Pol.Peñalfons, s/n. 31330 Villafranca. Navarra - España","Cantidad Neta: 200 g","Otras menciones obligatorias en la etiqueta: Envasado en atmósfera protectora."],"ingredients":[" Hortalizas en proporción variable (judía verde, zanahoria, maíz dulce y pimiento rojo), espirales de pasta cocida (gluten y huevo)(sémola de trigo, clara de huevo, tomate y espinacas), brotes de judía de mungo, atún (pescado), vinagre de vino, aceite de girasol, aceite de oliva, sal, azúcar, extracto de levadura y antioxidantes: ácido ascórbico y EDTA disódico cálcico. Contiene huevo, gluten y pescado. Puede contener trazas de crustáceos, soja, leche y derivados, apio, moluscos y mostaza."],"conservation":" Mantener en lugar fresco y seco. No necesita frío para su conservación.","ean":"8410416003236"},{"full_name":"CARRETILLA ensalada de pasta con jamón bol 240 g","name":"ensalada de pasta con jamón bol 240 g","brand":"CARRETILLA ","img":"https://sgfm.elcorteingles.es/SGFM/dctm/MEDIA03/201607/13/00118084400185____2__600x600.jpg","price":"1,74 €","price_unit":"(7,25 € / Kilo)","categories":["Supermercado","Alimentación General","Platos preparados","Ensaladas preparadas","CARRETILLA ensalada de pasta con jamón bol 240 g"],"general_information":["Denominación del alimento: Ensalada de pasta con jamón","Nombre del operador: Ind. Alim. de Navarra, S.A.U.","Dirección del operador: Pol.Peñalfons, s/n. 31330 Villafranca. Navarra - España","Cantidad Neta: 240 g","Otras menciones obligatorias en la etiqueta: Envasado en atmósfera protectora."],"ingredients":[" Pasta cocida (20%) (gluten)(sémola de trigo, tomate y espinacas), patata, maíz, pimiento rojo, zanahoria, jamón cocido (4%)[jamón de cerdo, agua, sal, azúcar, estabilizantes (E-451i y E-407), antioxidante (E-316) y especias], aceite de girasol, vinagre de vino, aceite de oliva, sal, azúcar y aromas (leche y derivados). Contiene gluten y leche y derivados. Puede contener trazas de crustáceos, huevo, pescado, soja, apio, moluscos y mostaza."],"conservation":" Mantener en lugar fresco y seco. No necesita frío para su conservación.","ean":"8410416001805"},{"full_name":"CARRETILLA ensalada de arroz con palitos de mar bol 240 g","name":"ensalada de arroz con palitos de mar bol 240 g","brand":"CARRETILLA ","img":"https://sgfm.elcorteingles.es/SGFM/dctm/MEDIA03/201705/17/00118084400193____3__600x600.jpg","price":"1,73 €","price_unit":"(7,21 € / Kilo)","categories":["Supermercado","Alimentación General","Platos preparados","Ensaladas preparadas","CARRETILLA ensalada de arroz con palitos de mar bol 240 g"],"general_information":["Denominación del alimento: Ensalada de arroz con palitos de mar","Nombre del operador: Ind. Alim. de Navarra, S.A.U.","Dirección del operador: Pol.Peñalfons, s/n. 31330 Villafranca. Navarra - España","Cantidad Neta: 240 g"],"ingredients":[" Arroz cocido (17%), maíz, guisantes, pimiento rojo, aceite de girasol, palitos de mar (6%) (pescado, soja, crustáceos y huevo), aceituna verde, vinagre, aceite de oliva, sal, azúcar y antioxidantes: ácido ascórbico y EDTA disódico- cálcico. Ingredientes de los palitos de mar:  [agua, surimi (pescado, azúcar), almidón de maíz, almidón de tapioca, clara de huevo, humectante (sorbitol), azúcar, sal, aceite de soja, aromas de cangrejo (crustaceo), preparaciones aromáticas, potenciadores del sabor (E-621, E-635), vino de arroz (sustancias aromáticas, agua, jarabe de glucosa, etil-alcohol) y colorantes (E-170, E-120 y E-160c)]. Contiene: crustáceos, huevo, pescado y soja. Puede contener trazas de: leche y derivados, apio, mostaza y moluscos."],"conservation":" Mantener en lugar fresco y seco. No necesita frío para su conservación.","ean":"8410416001812"},{"full_name":"CARRETILLA ensalada de palitos de cangrejo y piña bol 240 g","name":"ensalada de palitos de cangrejo y piña bol 240 g","brand":"CARRETILLA ","img":"https://sgfm.elcorteingles.es/SGFM/dctm/MEDIA03/201705/17/00118084400359____2__600x600.jpg","price":"1,78 €","price_unit":"(7,42 € / Kilo)","categories":["Supermercado","Alimentación General","Platos preparados","Ensaladas preparadas","CARRETILLA ensalada de palitos de cangrejo y piña bol 240 g"],"general_information":["Denominación del alimento: Ensalada de palitos de cangrejo y piña","Nombre del operador: Ind. Alim. de Navarra, S.A.U.","Dirección del operador: Pol.Peñalfons, s/n. 31330 Villafranca. Navarra - España","Cantidad Neta: 220 g","Otras menciones obligatorias en la etiqueta: Envasado en atmósfera protectora."],"ingredients":[" Salsa fina (huevo) [agua, aceite de girasol, azúcar, vinagre de vino blanco, yema de huevo, almidón modificado de maíz, jarabe de glucosa, sal, brandy, aromas y estabilizante: harina de semillas de guar], palitos de cangrejo 35% (crustáceos, soja, gluten y pescado) [agua, surimi (pescado blanco, azúcar, estabilizantes: E-451i y E-450iii), almidón de patata y de trigo (gluten), aceite vegetal de colza, azúcar, proteína de soja, sal, aroma de cangrejo (crustáceo y soja), sustancias aromatizantes de cangrejo (crustáceo), potenciadores del sabor (E-631, E-635) y colorantes: E-120 y E-160c] y piña 13%."],"conservation":" Mantener en lugar fresco y seco. No necesita frío para su conservación.","ean":"8410416004417"},{"full_name":"ISABEL ensaladilla rusa lata 950 g","name":"ensaladilla rusa lata 950 g","brand":"ISABEL ","img":"https://sgfm.elcorteingles.es/SGFM/dctm/MEDIA02/CONTENIDOS/201601/21/00118084400433____1__600x600.jpg","price":"9,39 €","categories":["Supermercado","Alimentación General","Platos preparados","Ensaladas preparadas","ISABEL ensaladilla rusa lata 950 g"],"general_information":["Denominación del alimento: Plato preparado con hortalizas, salsa fina y Atún:","Nombre del operador: CONSERVAS SELECTAS DE GALICIA SL","Dirección del operador: Virxe das Mareas s/n 36980 O Grove","Cantidad Neta: 850 g","Peso neto escurrido: 0 g"],"ingredients":[" Mezcla de hortalizas (42%): patata,zanahoria, guisantes, pimiento, aceitunas y pepinillos. salsa fina (42%): aceite de girasol, agua, vinagre, jarabe de glucosa, sal, almidón modificadode maíz, yema de huevo en polvo, espesantes E412 y E415, emulgente E435, extracto de levadura y aromas naturales (contienen mostaza).Atún (16%)."],"ean":"8410111007171"},{"full_name":"ISABEL ensaladíssima italiana con pasta y atún bol 230 g","name":"ensaladíssima italiana con pasta y atún bol 230 g","brand":"ISABEL ","img":"https://sgfm.elcorteingles.es/SGFM/dctm/MEDIA03/201711/20/00118084400086____1__600x600.jpg","price":"1,75 €","price_unit":"(7 € / Kilo)","categories":["Supermercado","Alimentación General","Platos preparados","Ensaladas preparadas","ISABEL ensaladíssima italiana con pasta y atún bol 230 g"],"general_information":["Denominación del alimento: Plato preparado con hortalizas, pasta y Atún: Ensa","Nombre del operador: CONSERVAS SELECTAS DE GALICIA SL","Dirección del operador: Virxe das Mareas s/n 36980 O Grove","Cantidad Neta: 220 g","Peso neto escurrido: 0 g"],"ingredients":[" Mezcla de hortalizas (40%): maíz, zanahoria, tomate y albahaca. Pasta (26%) (contienetrigo y huevo),Atún (20%), aceite de oliva (5%), aceite de girasol, vinagre, sal, espesante (goma guar) y aromas."],"ean":"8410111005627"},{"full_name":"ALSUR ensalada de pimientos del piquillo lata 380 g neto escurrido","name":"ensalada de pimientos del piquillo lata 380 g neto escurrido","brand":"ALSUR ","img":"https://sgfm.elcorteingles.es/SGFM/00/50/5/0118026100505/0118026100505000g01011.jpg","price":"1,95 €            ","price_unit":"(4,87 € / Kilo)","categories":["Supermercado","Alimentación General","Platos preparados","Ensaladas preparadas","ALSUR ensalada de pimientos del piquillo lata 380 g neto escurrido"],"general_information":["Denominación del alimento: Ensalada de pimiento piquillo","País de origen: Perú","Nombre del operador: Sola de Antequera S.A.","Dirección del operador: Ctra. Córdoba-Málaga km 520 29200 Antequera (Málaga)","Lugar de procedencia del alimento: Perú","Cantidad Neta: 410,0 g","Peso neto escurrido: 355,0 g"],"ingredients":[" Pimiento del Piquillo, Cebolla, Azúcar, Agua, Vinagre, Sal y Acidulante: Ácido Cítrico."],"conservation":" Conservar en un lugar fresco, seco y protegido del sol.","ean":"8420309400035"},{"full_name":"ARGAL ensalada rusa con atún envase 240 g","name":"ensalada rusa con atún envase 240 g","brand":"ARGAL ","img":"https://sgfm.elcorteingles.es/SGFM/dctm/MEDIA03/201709/19/00118851401176____2__600x600.jpg","price":"2,04 €            ","price_unit":"(4,17 € / Kilo)","categories":["Supermercado","Alimentación General","Platos preparados","Ensaladas preparadas","ARGAL ensalada rusa con atún envase 240 g"],"general_information":["Denominación del alimento: Comida preparada","Nombre del operador: GRUPO ALIMENTARIO ARGAL, S.A.","Dirección del operador: Ctra. Mollerussa, s/n. 25242 (Miralcamp) Lleida. España","Cantidad Neta: 0.24 Kilogramos"],"ingredients":[" Patata (44%), Salsa (13%) (agua, aceite de girasol, azúcar, vinagre, sal, almidón, yema de huevo en polvo, jarabe de glucosa, estabilizantes (goma guar, goma xantana) y aromas), Zanahoria (14%), Clara de huevo cocida, Judías verdes, Guisantes, Atún (7,5%), Aceitunas, (Puede contener trazas de leche, soja, moluscos, crustáceos, mostaza y apio)"],"conservation":" Conservar entre 0°C y 4°C.","ean":"8410764003025"},{"full_name":"ARGAL ensalada rusa ligera con atún - 30% calorías envase 240 g","name":"ensalada rusa ligera con atún - 30% calorías envase 240 g","brand":"ARGAL ","img":"https://sgfm.elcorteingles.es/SGFM/dctm/MEDIA03/201709/15/00118851401531____2__600x600.jpg","price":"1,95 €            ","price_unit":"(4,17 € / Kilo)","categories":["Supermercado","Alimentación General","Platos preparados","Ensaladas preparadas","ARGAL ensalada rusa ligera con atún - 30% calorías envase 240 g"],"general_information":["Denominación del alimento: Comida preparada","Nombre del operador: GRUPO ALIMENTARIO ARGAL, S.A.","Dirección del operador: Ctra. Mollerussa, s/n. 25242 (Miralcamp) Lleida. España","Cantidad Neta: 0.24 Kilogramos"],"ingredients":[" Patata, Salsa (agua, aceite de girasol, azúcar, vinagre, sal, almidón modificado, yema de huevo en polvo, jarabe de glucosa, estabilizantes (goma guar, goma xantana), aromas y colorante (E-171)), Zanahoria, Atún (7,5%), Clara de huevo cocida, Guisantes, Judías verdes, Aceitunas"],"conservation":" Conservar entre 0°C y 4°C.","ean":"8410764003605"},{"full_name":"ARGAL ensalada de pasta con marisco envase 200 g","name":"ensalada de pasta con marisco envase 200 g","brand":"ARGAL ","img":"https://sgfm.elcorteingles.es/SGFM/dctm/MEDIA03/201709/19/00118851400798____2__600x600.jpg","price":"1,89 €","price_unit":"(9,45 € / Kilo)","categories":["Supermercado","Alimentación General","Platos preparados","Ensaladas preparadas","ARGAL ensalada de pasta con marisco envase 200 g"],"general_information":["Denominación del alimento: Comida preparada","Nombre del operador: GRUPO ALIMENTARIO ARGAL, S.A.","Dirección del operador: Ctra. Mollerussa, s/n. 25242 (Miralcamp) Lleida. España","Cantidad Neta: 0.24 Kilogramos"],"ingredients":[" Col, Salsa ligera (agua, aceite de girasol, azúcar, vinagre, sal, acidulante (lactato sódico, ácido cítrico), estabilizante (goma xantanta), yema de huevo en polvo, jarabe de glucosa y aromas), Zanahoria, Guisantes, Pimiento rojo, Cebolla"],"conservation":" Conservar entre 0°C y 4°C.","ean":"8410764003018"},{"full_name":"ARGAL ensalada cocktail de gambas envase 220 g","name":"ensalada cocktail de gambas envase 220 g","brand":"ARGAL ","img":"https://sgfm.elcorteingles.es/SGFM/dctm/MEDIA03/201706/19/00118851400947____2__600x600.jpg","price":"3,20 €            ","price_unit":"(8,29 € / Kilo)","categories":["Supermercado","Alimentación General","Platos preparados","Ensaladas preparadas","ARGAL ensalada cocktail de gambas envase 220 g"],"general_information":["Denominación del alimento: Comida preparada","Nombre del operador: GRUPO ALIMENTARIO ARGAL, S.A.","Dirección del operador: Ctra. Mollerussa, s/n. 25242 (Miralcamp) Lleida. España","Cantidad Neta: 0.22 Kilogramos"],"ingredients":[" Gambas (41%), Salsa cocktail (30%) (aceite de girasol, ketchup ( tomate (126 g de tomate por 100 g de ketchup (contiene apio)), agua, vinagre, azúcar, sal y especias), almidón modificado, yema de huevo, azúcar, vinagre, sal, proteínas de leche, whisky, estabilizantes (goma guar, goma garrofín y carragenato) y aromas), Piña (29%), (Puede contener trazas de soja, pescado, mostaza y moluscos)"],"conservation":" Conservar entre 0°C y 4°C.","ean":"8410764003087"},{"full_name":"ARGAL ensalada de cangrejo envase 240 g","name":"ensalada de cangrejo envase 240 g","brand":"ARGAL ","img":"https://sgfm.elcorteingles.es/SGFM/dctm/MEDIA03/201709/15/00118851400954____7__600x600.jpg","price":"2,29 €            ","price_unit":"(6,25 € / Kilo)","categories":["Supermercado","Alimentación General","Platos preparados","Ensaladas preparadas","ARGAL ensalada de cangrejo envase 240 g"],"general_information":["Denominación del alimento: Comida preparada","Nombre del operador: GRUPO ALIMENTARIO ARGAL, S.A.","Dirección del operador: Ctra. Mollerussa, s/n. 25242 (Miralcamp) Lleida. España","Cantidad Neta: 0.24 Kilogramos"],"ingredients":[" Surimi de cangrejo (40%) (Surimi (carne de pescado, azúcar, estabilizantes (sorbitol, E-450iii, E-452i), clara de huevo), agua, almidón, clara de huevo en polvo, aceite de nabina, sal, azúcar, potenciador del sabor (E-621), colorantes (extracto de pimentón y carmín cochinilla) y aroma de cangrejo), Salsa (38%) (aceite de girasol, agua, ketchup (tomate (126 g de tomate por 100 g de ketchup (contiene apio)), vinagre, azúcar, sal, especias), yema de huvo, azúcar, vinagre, almidón, whisky, sal, proteínas de leche, estabilizantes (goma guar, goma garrofín, carragenato), aromas), Piña (20%), Huevo cocido (2%), (Puede contener trazas de soja, moluscos y mostaza)"],"conservation":" Conservar entre 0°C y 4°C.","ean":"8410764003094"},{"full_name":"ARGAL ensalada de cangrejo ligera -30% calorías envase 240 g","name":"ensalada de cangrejo ligera -30% calorías envase 240 g","brand":"ARGAL ","img":"https://sgfm.elcorteingles.es/SGFM/dctm/MEDIA03/201709/15/00118851401549____2__600x600.jpg","price":"2,29 €            ","price_unit":"(6,25 € / Kilo)","categories":["Supermercado","Alimentación General","Platos preparados","Ensaladas preparadas","ARGAL ensalada de cangrejo ligera -30% calorías envase 240 g"],"general_information":["Denominación del alimento: Comida preparada","Nombre del operador: GRUPO ALIMENTARIO ARGAL, S.A.","Dirección del operador: Ctra. Mollerussa, s/n. 25242 (Miralcamp) Lleida. España","Cantidad Neta: 0.24 Kilogramos"],"ingredients":[" Surimi de cangrejo (40%) (Surimi (carne de pescado, azúcar, estabilizantes (sorbitol, E-450iii, E-452i), clara de huevo), agua, almidón, clara de huevo en polvo, aceite de nabina, sal, azúcar, potenciador del sabor (E-621), colorantes (extracto de pimentón y carmín cochinilla) y aroma de cangrejo), Salsa (38%)(agua, aceite de girasol, azúcar, almidón modificado, vinagre, whisky, sal, yema de huevo en polvo, jarabe de glucosa, estabilizantes (goma guar, goma xantana) y aromas), Piña (15%), huevo cocido (7%), (Puede contener trazas de leche, soja, moluscos, mostaza y apio)"],"conservation":" Conservar entre 0°C y 4°C.","ean":"8410764003612"},{"full_name":"PIERRE MARTINET tabulé mediterráneo envase 400 g","name":"tabulé mediterráneo envase 400 g","brand":"PIERRE MARTINET ","img":"https://sgfm.elcorteingles.es/SGFM/dctm/MEDIA03/201705/26/00118851401911____1__600x600.jpg","price":"2,99 €","price_unit":"(7,48 € / Kilo)","categories":["Supermercado","Alimentación General","Platos preparados","Ensaladas preparadas","PIERRE MARTINET tabulé mediterráneo envase 400 g"],"general_information":["Denominación del alimento: Ensalada de sémola con pimientos y zanahorias","Nombre del operador: Martinet Ibérica Interc., S.L.","Dirección del operador: Carretera de Villaverde a Vallecas, km 3,5 - CTM - C alle S8 - Naves 1 y 2 - 28053 Madrid","Cantidad Neta: 400 g"],"ingredients":[" Sémola de trigo duro 49%, hortalizas (pimiento 19%, zanahoria 6.5%, cebolla), aceite de colza, zumo de limón a partir de concentrado, pasas, especias, zumo de naranja concentrado, sal, puré de tomate doble concentrado, vinagre de alcohol, ajo, espesante: goma xantana."],"conservation":" Conservar entre 0°C y +7°C. Consumir rápidamente después de la apertura.","ean":"3281780886061"},{"full_name":"PIERRE MARTINET tabulé oriental envase 200 g","name":"tabulé oriental envase 200 g","brand":"PIERRE MARTINET ","img":"https://sgfm.elcorteingles.es/SGFM/dctm/MEDIA03/201708/29/00118851401952____6__600x600.jpg","price":"1,99 €","price_unit":"(9,95 € / Kilo)","categories":["Supermercado","Alimentación General","Platos preparados","Ensaladas preparadas","PIERRE MARTINET tabulé oriental envase 200 g"],"general_information":["Denominación del alimento: Ensalada de sémola con aceite de oliva virgen extra 4.3%","Nombre del operador: Martinet Ibérica Interc., S.L.","Dirección del operador: Carretera de Villaverde a Vallecas, km 3,5 - CTM - C alle S8 - Naves 1 y 2 - 28053 Madrid","Cantidad Neta: 200 g"],"ingredients":[" Sémola de trigo duro 58%, verduras (pimiento, tomate, cebolla), aceite de oliva virgen extra, aceite de colza, zumo de limón a partir de concentrado, pasas de uva, menta, especias, vinagre de alcohol, sal."],"conservation":" Conservar entre 0°C y +7°C. Consumir rápidamente después de la apertura.","ean":"3281780876345"},{"full_name":"PIERRE MARTINET tabulé con pollo envase 200 g","name":"tabulé con pollo envase 200 g","brand":"PIERRE MARTINET ","img":"https://sgfm.elcorteingles.es/SGFM/dctm/MEDIA03/201708/29/00118851401960____6__600x600.jpg","price":"2,19 €","price_unit":"(10,95 € / Kilo)","categories":["Supermercado","Alimentación General","Platos preparados","Ensaladas preparadas","PIERRE MARTINET tabulé con pollo envase 200 g"],"general_information":["Denominación del alimento: Ensalada de sémola con pollo","Nombre del operador: Martinet Ibérica Interc., S.L.","Dirección del operador: Carretera de Villaverde a Vallecas, km 3,5 - CTM - C alle S8 - Naves 1 y 2 - 28053 Madrid","Cantidad Neta: 200 g"],"ingredients":[" Sémola de trigo duro 45%, verduras (pimiento, tomate, cebolla), pollo cocido sazonado 9.9% (carne de pollo 8.8%, agua, sal, especias), maíz, zumo de limón a partir de concentrado, aceite de oliva virgen extra, aceite de colza, especias, sal."],"conservation":" Conservar entre 0°C y +7°C. Consumir rápidamente después de la apertura.","ean":"3281780876352"},{"full_name":"PIERRE MARTINET ensalada de quinoa envase 200 g","name":"ensalada de quinoa envase 200 g","brand":"PIERRE MARTINET ","img":"https://sgfm.elcorteingles.es/SGFM/dctm/MEDIA03/201706/13/00118851401929____1__600x600.jpg","price":"2,30 €","price_unit":"(10,45 € / Kilo)","categories":["Supermercado","Alimentación General","Platos preparados","Ensaladas preparadas","PIERRE MARTINET ensalada de quinoa envase 200 g"],"general_information":["Denominación del alimento: Ensalada de Quinoa con hortalizas, granos de máiz y habas de soja","Nombre del operador: Martinet Ibérica Interc., S.L.","Dirección del operador: Carretera de Villaverde a Vallecas, km 3,5 - CTM - Calle S8 - Naves 1 y 2 - 28053 Madrid","Cantidad Neta: 200 g","Otras menciones obligatorias en la etiqueta: Envasado en atmósfera protectora"],"ingredients":[" Quinoa 45% (blanca y roja), maíz 11%, zanahorias 11%, agua, habas de soja 5,6%, aceite de colza, zumo de limón a partir de concentrado, cebollas 3,8%, chalotas, especias, sal, espesante: goma xantana. Alérgenos: Contienen Soja . Puede contener trazas de mostaza."],"conservation":" Conservar entre 0°C y +7°C. Consumir rápidamente después de la apertura.","ean":"3281780890983"},{"full_name":"CABO QUEJO ensalada de cangrejo tarro 160 g","name":"ensalada de cangrejo tarro 160 g","brand":"CABO QUEJO ","img":"https://sgfm.elcorteingles.es/SGFM/dctm/MEDIA02/CONTENIDOS/201410/30/00118084400060____1__600x600.jpg","price":"2,99 €","price_unit":"(18,69 € / Kilo)","categories":["Supermercado","Alimentación General","Platos preparados","Ensaladas preparadas","CABO QUEJO ensalada de cangrejo tarro 160 g"],"general_information":["Denominación del alimento: Ensalada de surimi sabor cangrejo","Nombre del operador: Conservas Zubieta, S.L.","Dirección del operador: Polígono Industrial, Módulo 48 - 39740 Santoña (Cantabria)","Cantidad Neta: 235 g","Peso neto escurrido: 150 g","Otras menciones obligatorias en la etiqueta: Conserva."],"ingredients":[" Surimi sabor cangrejo, aceite vegetal, pimiento rojo, vinagre, ácido cítrico y sal."],"conservation":"Modo de empleo: Servir frío.","ean":"8426469088823"},{"full_name":"DOMINGUEZ cóctel de salmón ahumado envase 150 g","name":"cóctel de salmón ahumado envase 150 g","brand":"DOMINGUEZ ","img":"https://sgfm.elcorteingles.es/SGFM/dctm/MEDIA03/201609/27/00118851401168____1__600x600.jpg","price":"4,57 €","price_unit":"(30,47 € / Kilo)","categories":["Supermercado","Alimentación General","Platos preparados","Ensaladas preparadas","DOMINGUEZ cóctel de salmón ahumado envase 150 g"],"general_information":["Denominación del alimento: Salmón ahumado","Nombre del operador: Ahumados Dominguez, S.A.","Dirección del operador: C/ Laguna 12 , P.I. Urtinsa - 28923 Alcorcón - Madrid - España","Lugar de procedencia del alimento: Origen Salmón: Noruega","Cantidad Neta: 150 g"],"ingredients":[" Mahonesa (aceite vegetal, huevo, agua, vinagre de vino, azúcar, sal, limón concentrado, aromas, antioxidante E-385, colorante; extracto de pimentón), Salmón ahumado 30%, huevo, Lechuga, Zanahoria, Manzana, Cebolla, Alcaparra (Acidulante E-260, Endurecedor E-509, Antioxidante E-300) y Zumo de Limón (Antioxidante E-224), Conservadores E-202, E-211 y Antioxidante E-300."],"conservation":" Conservar en refrigeración (entre 0°C y 5°C).","ean":"8410662006111"},{"full_name":"DOMINGUEZ ensalada nórdica con salmón ahumado bandeja 100 g","name":"ensalada nórdica con salmón ahumado bandeja 100 g","brand":"DOMINGUEZ ","img":"https://sgfm.elcorteingles.es/SGFM/dctm/MEDIA03/201609/27/00118835100985____1__600x600.jpg","price":"4,25 €","price_unit":"(42,50 € / Kilo)","categories":["Supermercado","Alimentación General","Platos preparados","Ensaladas preparadas","DOMINGUEZ ensalada nórdica con salmón ahumado bandeja 100 g"],"general_information":["Denominación del alimento: Ensalada","Nombre del operador: Ahumados Dominguez, S.A.","Dirección del operador: C/ Laguna 12 , P.I. Urtinsa - 28923 Alcorcón - Madrid - España","Lugar de procedencia del alimento: Origen Salmón: Noruega","Cantidad Neta: 100 g"],"ingredients":[" Salmón (Salmo salar, sal, azúcar y humo natural) 80%, Aceite de oliva virgen extra Arbequina, Cebollitas rojas (Antioxidante E-202, Endurecedor E-509, Acidulante E-250 y Colorante E-162), Pepinillos agridulces (vinagre de alcohol, jarabe de glucosa, fructosa, sal, azúcar y aroma natural), Alcaparras, (Acidulante E-200, Endurecedor E-509, Antioxidante E-309), Vinagre de vino (antioxidante E-220), Eneldo y Extracto de vegetales y especias."],"conservation":" Conservar en refrigeración (entre 0°C y 5°C).","ean":"8410662002601"},{"full_name":"ENSALANDIA ensaladilla rusa sin atún envase 1 kg","name":"ensaladilla rusa sin atún envase 1 kg","brand":"ENSALANDIA ","img":"https://sgfm.elcorteingles.es/SGFM/dctm/MEDIA03/201704/28/00118851401648____5__600x600.jpg","price":"2,29 €","price_unit":"(2,29 € / Kilo)","categories":["Supermercado","Alimentación General","Platos preparados","Ensaladas preparadas","ENSALANDIA ensaladilla rusa sin atún envase 1 kg"],"general_information":["Denominación del alimento: Ensaladilla","Nombre del operador: Egrin Alimentación S.L.","Dirección del operador: C/ Calderin nº 1, 31580 Lodosa, Navarra.","Cantidad Neta: 1 Kilogramos","Otras menciones obligatorias en la etiqueta: Sin gluten."],"ingredients":[" Patatas en dados (56%) (patatas, sal, antioxidante (ácido ascórbico)), salsa (aceite de girasol, agua, vinagre en vino, azúcar, yema de huevo pasteurizada, sal, conservadores (sorbato potásico y benzoato sódico), antioxidantes (ácido cítrico, glucodeltalactona y EDTA cálcico disódico) y espesantes (goma xantana y goma guar)), zanahoria en dados (19%) y guisantes (5%). Contiene productos a base de huevo."],"conservation":" Conservar entre 0°C y 4°C. Una vez abierto consumir antes de una semana.","ean":"8437005286009"},{"full_name":"ENSALANDIA ensaladilla de cangrejo envase 450 g","name":"ensaladilla de cangrejo envase 450 g","brand":"ENSALANDIA ","img":"https://sgfm.elcorteingles.es/SGFM/dctm/MEDIA03/201704/28/00118851401630____5__600x600.jpg","price":"2,49 €","price_unit":"(5,53 € / Kilo)","categories":["Supermercado","Alimentación General","Platos preparados","Ensaladas preparadas","ENSALANDIA ensaladilla de cangrejo envase 450 g"],"general_information":["Denominación del alimento: Ensaladilla de Cangrejo.","Nombre del operador: Egrin Alimentación S.L.","Dirección del operador: C/ Calderin nº 1, 31580 Lodosa, Navarra.","Cantidad Neta: 450 g"],"ingredients":[" Sucedáneo de cangrejo (40%) (Surimi (32.5%) [proteína de pescado blanco (93,7%), azúcar, estabilizantes (E451i, E450iii)], agua, almidón de patata, aceite girasol, azúcar, sal, almidón modificado, proteína de soja, huevo en polvo, potenciador del sabor (glutamato monosódico), aroma natural de cangrejo, carne de cangrejo (0,1%) (crustáceos) y colorantes (E-120, E-160c)], Salsa (Aceite de girasol, agua, azúcar, vinagre de vino, yema de huevo pasteurizada, sal, tomate concentrado, vino aromatizado, aroma de whisky, espesantes (goma xantana y goma guar), antioxidantes (glucodeltalactona, EDTA cálcico disódico y ácido cítrico) y conservadores (sorbato potásico y benzoato sódico)), piña (23%) [agua, azúcar, antioxidante (E-300), acidulante (E-330)]  y huevo cocido (4%)."],"conservation":" Conservar entre 0 y 4°C. Una vez abierto el envase, debe ser consumido en una semana.","ean":"8437000395256"},{"full_name":"ENSALANDIA ensalada americana envase 450 g","name":"ensalada americana envase 450 g","brand":"ENSALANDIA ","img":"https://sgfm.elcorteingles.es/SGFM/dctm/MEDIA03/201708/25/00118851401622____1__600x600.jpg","price":"1,50 €","price_unit":"(3,33 € / Kilo)","categories":["Supermercado","Alimentación General","Platos preparados","Ensaladas preparadas","ENSALANDIA ensalada americana envase 450 g"],"general_information":["Denominación del alimento: Ensaladilla Americana.","Nombre del operador: Egrin Alimentación S.L.","Dirección del operador: C/ Calderin nº 1, 31580 Lodosa, Navarra.","Cantidad Neta: 450 g"],"ingredients":[" Col blanca rallada (44%), Salsa (aceite de girasol, agua, azúcar, yema de huevo pasteurizada, vinagre de vino, sal, mostaza preparada, antioxidantes (ácido cítrico y EDTA cálcico disódico), espesante (goma xantana) y conservadores (sorbato potásico y benzoato sódico)), zanahoria en tiras (16%) y cebolla (4%)."],"conservation":" Conservar entre 0 y 4°C. Una vez abierto el envase, debe ser consumido en una semana.","ean":"8437000395232"},{"full_name":"ENSALANDIA ensalada de patatas con ali oli envase 250 g","name":"ensalada de patatas con ali oli envase 250 g","brand":"ENSALANDIA ","img":"https://sgfm.elcorteingles.es/SGFM/dctm/MEDIA03/201705/26/00118851401598____7__600x600.jpg","price":"0,99 €","price_unit":"(3,96 € / Kilo)","categories":["Supermercado","Alimentación General","Platos preparados","Ensaladas preparadas","ENSALANDIA ensalada de patatas con ali oli envase 250 g"],"general_information":["Denominación del alimento: Ensaladilla de Patata Loncha con Alioli.","Nombre del operador: Egrin Alimentación S.L.","Dirección del operador: C/ Calderin nº 1, 31580 Lodosa, Navarra.","Cantidad Neta: 250 g"],"ingredients":[" Patata en lonchas (66%) (patatas, aceite de colza, sal, antioxidante (ácido ascórbico)), Salsa alioli (aceite de girasol, agua, azúcar, vinagre de vino blanco, pasta de ajo picado, yema de huevo pasteurizada, sal, perejil, antioxidantes (EDTA cálcico disódico, glucodeltalactona y ácido cítrico), conservadores (sorbato potásico y benzoato sódico) y espesante (goma xantana))."],"conservation":" Conservar entre 0 y 4°C. Una vez abierto el envase, debe ser consumido en una semana.","ean":"8437000395843"},{"full_name":"ENSALANDIA ensalada de pasta con atún envase 300 g","name":"ensalada de pasta con atún envase 300 g","brand":"ENSALANDIA ","img":"https://sgfm.elcorteingles.es/SGFM/dctm/MEDIA03/201706/22/00118851401887____1__600x600.jpg","price":"1,79 €","price_unit":"(5,97 € / Kilo)","categories":["Supermercado","Alimentación General","Platos preparados","Ensaladas preparadas","ENSALANDIA ensalada de pasta con atún envase 300 g"],"general_information":[],"ingredients":[],"ean":"8437005286955"},{"full_name":"ENSALANDIA ensaladilla rusa envase 250 g","name":"ensaladilla rusa envase 250 g","brand":"ENSALANDIA ","img":"https://sgfm.elcorteingles.es/SGFM/dctm/MEDIA03/201708/25/00118851401614____2__600x600.jpg","price":"0,99 €","price_unit":"(3,96 € / Kilo)","categories":["Supermercado","Alimentación General","Platos preparados","Ensaladas preparadas","ENSALANDIA ensaladilla rusa envase 250 g"],"general_information":["Denominación del alimento: Ensaladilla rusa","Nombre del operador: Egrin Alimentación S.L.","Dirección del operador: C/ Calderin nº 1, 31580 Lodosa, Navarra.","Cantidad Neta: 250 g","Otras menciones obligatorias en la etiqueta: Sin gluten."],"ingredients":[" Patatas en dados (52%) (patatas, sal, antioxidante (ácido ascórbico)), salsa (aceite de girasol, agua, azúcar, vinagre de vino, yema de huevo pasteurizada, sal, antioxidantes (glucodeltalactona, EDTA cálcico disódico y ácido cítrico), conservadores (sorbato potásico y benzoato sódico), y espesantes (goma xantana y goma guar)), zanahoria en dados (10%), aceituna verde en rodajas (6%), atún (5.2%) (atún, (pescado)aceite de girasol, sal) y guisantes (6%). Contiene pescado y productos derivados del huevo."],"conservation":" Conservar entre 0°C y 4°C.","ean":"8437000395010"},{"full_name":"ENSALANDIA ensalada de cangrejo envase 250 g","name":"ensalada de cangrejo envase 250 g","brand":"ENSALANDIA ","img":"https://sgfm.elcorteingles.es/SGFM/dctm/MEDIA03/201708/25/00118851401796____1__600x600.jpg","price":"1,50 €","price_unit":"(6 € / Kilo)","categories":["Supermercado","Alimentación General","Platos preparados","Ensaladas preparadas","ENSALANDIA ensalada de cangrejo envase 250 g"],"general_information":["Denominación del alimento: Ensaladilla de Cangrejo.","Nombre del operador: Egrin Alimentación S.L.","Dirección del operador: C/ Calderin nº 1, 31580 Lodosa, Navarra.","Cantidad Neta: 250 g"],"ingredients":[" Sucedáneo de cangrejo (40%) (Surimi (32.5%) [proteína de pescado blanco (93,7%), azúcar, estabilizantes (E451i, E450iii)], agua, almidón de patata, aceite girasol, azúcar, sal, almidón modificado, proteína de soja, huevo en polvo, potenciador del sabor (glutamato monosódico), aroma natural de cangrejo, carne de cangrejo (0,1%) (crustáceos) y colorantes (E-120, E-160c)], Salsa (Aceite de girasol, agua, azúcar, vinagre de vino, yema de huevo pasteurizada, sal, tomate concentrado, vino aromatizado, aroma de whisky, espesantes (goma xantana y goma guar), antioxidantes (glucodeltalactona, EDTA cálcico disódico y ácido cítrico) y conservadores (sorbato potásico y benzoato sódico)), piña (23%) [agua, azúcar, antioxidante (E-300), acidulante (E-330)] y huevo cocido (4%)."],"conservation":" Conservar entre 0 y 4°C. Una vez abierto el envase, debe ser consumido en una semana.","ean":"8437000395768"},{"full_name":"ENSALANDIA cóctel de sucedáneo de angulas envase 250 g","name":"cóctel de sucedáneo de angulas envase 250 g","brand":"ENSALANDIA ","img":"https://sgfm.elcorteingles.es/SGFM/dctm/MEDIA03/201711/27/00118851402000____1__600x600.jpg","price":"2,99 €","categories":["Supermercado","Alimentación General","Platos preparados","Ensaladas preparadas","ENSALANDIA cóctel de sucedáneo de angulas envase 250 g"],"general_information":[],"ingredients":[],"ean":"8437012013254"},{"full_name":"ENSALANDIA ensalada griega envase 300 g","name":"ensalada griega envase 300 g","brand":"ENSALANDIA ","img":"https://sgfm.elcorteingles.es/SGFM/dctm/MEDIA03/201706/22/00118851401879____1__600x600.jpg","price":"1,79 €","price_unit":"(5,97 € / Kilo)","categories":["Supermercado","Alimentación General","Platos preparados","Ensaladas preparadas","ENSALANDIA ensalada griega envase 300 g"],"general_information":[],"ingredients":[],"ean":"8437005286948"},{"full_name":"ENSALANDIA cóctel de gambas tarrina 250 g","name":"cóctel de gambas tarrina 250 g","brand":"ENSALANDIA ","img":"https://sgfm.elcorteingles.es/SGFM/dctm/MEDIA03/201707/17/00201051402038____2__600x600.jpg","price":"2,99 €","categories":["Supermercado","Alimentación General","Platos preparados","Ensaladas preparadas","ENSALANDIA cóctel de gambas tarrina 250 g"],"general_information":[],"ingredients":[],"ean":"8437012013230"},{"full_name":"ENSALANDIA taboulé de verduras envase 300 g","name":"taboulé de verduras envase 300 g","brand":"ENSALANDIA ","img":"https://sgfm.elcorteingles.es/SGFM/dctm/MEDIA03/201706/22/00118851401903____1__600x600.jpg","price":"1,75 €","price_unit":"(5,83 € / Kilo)","categories":["Supermercado","Alimentación General","Platos preparados","Ensaladas preparadas","ENSALANDIA taboulé de verduras envase 300 g"],"general_information":[],"ingredients":[],"ean":"8437012013292"},{"full_name":"MAHN MAC cóctel de gambas envase 450 g","name":"cóctel de gambas envase 450 g","brand":"MAHN MAC ","img":"https://sgfm.elcorteingles.es/SGFM/dctm/MEDIA03/201612/01/00118851401846____1__600x600.jpg","price":"4,99 €","categories":["Supermercado","Alimentación General","Platos preparados","Ensaladas preparadas","MAHN MAC cóctel de gambas envase 450 g"],"general_information":[],"ingredients":[],"ean":"8437012013247"},{"full_name":"CASA MAS ensalada taboulé envase 220 g","name":"ensalada taboulé envase 220 g","brand":"CASA MAS ","img":"https://sgfm.elcorteingles.es/SGFM/dctm/MEDIA02/CONTENIDOS/201506/24/00118851401788____2__600x600.jpg","price":"2,40 €","price_unit":"(10,91 € / Kilo)","categories":["Supermercado","Alimentación General","Platos preparados","Ensaladas preparadas","CASA MAS ensalada taboulé envase 220 g"],"general_information":[],"ingredients":[],"ean":"8437007142938"},{"full_name":"CASA MAS ensalada vegetal de cangrejo envase 240 g","name":"ensalada vegetal de cangrejo envase 240 g","brand":"CASA MAS ","img":"https://sgfm.elcorteingles.es/SGFM/dctm/MEDIA02/CONTENIDOS/201506/24/00118851401770____3__600x600.jpg","price":"2,40 €","price_unit":"(10 € / Kilo)","categories":["Supermercado","Alimentación General","Platos preparados","Ensaladas preparadas","CASA MAS ensalada vegetal de cangrejo envase 240 g"],"general_information":["Denominación del alimento: Ensalada Vegetal Cangrejo","Nombre del operador: Casa Mas Alimentación, S.L.","Dirección del operador: Pol. Industrial el Vapor. Nau B-1,B-2 ? 08183 Castellterçol (Barcelona)","Cantidad Neta: 220 g","Otras menciones obligatorias en la etiqueta: Envasado en atmósfera protectora."],"ingredients":[" Mayonesa, surimi 26% (agua, surimi (pescado, azúcar, clara de huevo, estabilizante: trifosfato pentasódico), almidón de trigo, aceite de girasol, fécula, proteína de soja, fibra de trigo, sal, azúcar, aroma de cangrejo), potenciador del sabor: glutamato monosódico; gelatina hidrolizada, colorante: extracto de pimentón y estabilizantes : trifosfato pentasódico y trifosfato tetrasódico), zanahoria (13%), apio (14%), maíz (11%), azúcar, agua, conservadores: benzoato de sodio y sorbato de potasio."],"conservation":" Conservar entre 0-4°C. Una vez abierto, consumir en 48 horas.","ean":"8437004378798"},{"full_name":"CASA MAS ensalada de pasta con atún envase 240 g","name":"ensalada de pasta con atún envase 240 g","brand":"CASA MAS ","img":"https://sgfm.elcorteingles.es/SGFM/dctm/MEDIA02/CONTENIDOS/201411/05/00118851401762____1__600x600.jpg","price":"2,40 €","price_unit":"(10 € / Kilo)","categories":["Supermercado","Alimentación General","Platos preparados","Ensaladas preparadas","CASA MAS ensalada de pasta con atún envase 240 g"],"general_information":[],"ingredients":[],"ean":"8437004378156"},{"full_name":"CASA MAS ensalada rusa con atún envase 240 g","name":"ensalada rusa con atún envase 240 g","brand":"CASA MAS ","img":"https://sgfm.elcorteingles.es/SGFM/dctm/MEDIA03/201708/25/00118851401663____1__600x600.jpg","price":"2,40 €","price_unit":"(10 € / Kilo)","categories":["Supermercado","Alimentación General","Platos preparados","Ensaladas preparadas","CASA MAS ensalada rusa con atún envase 240 g"],"general_information":["Denominación del alimento: Ensalada Rusa con Atún","Nombre del operador: Casa Mas Alimentación, S.L.","Dirección del operador: Pol. Industrial el Vapor. Nau B-1,B-2 ? 08183 Castellterçol (Barcelona)","Cantidad Neta: 220 g","Otras menciones obligatorias en la etiqueta: Envasado en atmósfera protectora."],"ingredients":[" Patata, zanahoria, judía verde, guisante, huevo, mayonesa ,jamón cocido (carne de cerdo, agua, fécula, sal, dextrosa, proteína de soja, aroma y leche en polvo), atún en conserva (5,2%), agua, sal, conservadores: sorbato potásico y benzoato sódico."],"conservation":" Conservar entre 0-4°C. Una vez abierto, consumir en 48 horas.","ean":"8437004378330"},{"full_name":"BRILLANTE Benefit ensalada quinoa y verduras envase 200 g","name":"Benefit ensalada quinoa y verduras envase 200 g","brand":"BRILLANTE ","img":"https://sgfm.elcorteingles.es/SGFM/dctm/MEDIA03/201705/08/00118005500634____1__600x600.jpg","price":"1,35 €","categories":["Supermercado","Alimentación General","Platos preparados","Ensaladas preparadas","BRILLANTE Benefit ensalada quinoa y verduras envase 200 g"],"general_information":["Denominación del alimento: Benefit ensalada quina y verduras","Nombre del operador: Herba Ricemills. S.L.U.","Dirección del operador: C/ Real. 43 - 41920 San Juan de Aznalfarache (Sevilla)","Cantidad Neta: 225 g"],"ingredients":[" Quinoa blanca y roja (65%), vegetales (33%) ( pepino, maiz, zanahoria, cebolla, olivas verdes, tomate), leche de coco, aceite de girasol, azucar, sal, albahaca,estabilizador: carragenano, emulgente: lecitina de girasol, zumo de lima, aroma."],"conservation":" Conservar a temperatura ambiente en lugar fresco y seco.","ean":"8410184032032"},{"full_name":"BO DE DEBO ensaladilla de atún envase 300 g","name":"ensaladilla de atún envase 300 g","brand":"BO DE DEBO ","img":"https://sgfm.elcorteingles.es/SGFM/dctm/MEDIA03/201709/20/00118851401556____1__600x600.jpg","price":"3,15 €","price_unit":"(10,50 € / Kilo)","categories":["Supermercado","Alimentación General","Platos preparados","Ensaladas preparadas","BO DE DEBO ensaladilla de atún envase 300 g"],"general_information":["Denominación del alimento: Ensaladilla Rusa.","Nombre del operador: Bo De Debo S.A.","Dirección del operador: c/ Mª Aurèlia Capmany s/n  (08295 Sant Vicenç de Castellet).","Cantidad Neta: 300,0 g","Otras menciones obligatorias en la etiqueta: Envasado en Atmósfera Modificada."],"ingredients":[" Ensaladilla (patata, zanahoria, guisante y judia verde), mayonesa (aceite de soja, agua, yema de huevo, vinagre de vino (sulfitos), azúcar, sal, almidón modificado de maíz, aroma, zumo de limón concentrado, antioxidante (E385), colorantes (capsantina, betacaroteno), huevo cocido, atún en conserva (atún, aceite de girasol y  sal), aceitunas verdes (aceitunas manzanilla, agua, sal y acidulante E-270), leche entera esterilizada, aceitunas negras (aceitunas negras, agua, sal, estabilizador E-579). En nuestras instalaciones manipulamos productos que contienen: gluten, crustáceos, apio, cacahuetes, frutos de cáscara, mostaza, sésamo y moluscos."],"conservation":" Una vez abierto conservar entre 0-4°C, protegido con un  film y consumir en máximo 2 dias.","ean":"8480004487113"},{"full_name":"EL CANUTE ensaladilla rusa envase 500 g","name":"ensaladilla rusa envase 500 g","brand":"EL CANUTE ","img":"https://sgfm.elcorteingles.es/SGFM/dctm/MEDIA03/201709/21/00118851401655____1__600x600.jpg","price":"6,31 €","price_unit":"(12,62 € / Kilo)","categories":["Supermercado","Alimentación General","Platos preparados","Ensaladas preparadas","EL CANUTE ensaladilla rusa envase 500 g"],"general_information":[],"ingredients":[],"ean":"8437004397454"},{"full_name":"ESCOBEDO ensalada marisqueña frasco 900 g neto escurrido","name":"ensalada marisqueña frasco 900 g neto escurrido","brand":"ESCOBEDO ","img":"https://sgfm.elcorteingles.es/SGFM/00/05/9/0200184400059/0200184400059000g01011.jpg","price":"7,32 €","price_unit":"(8,13 € / Kilo)","categories":["Supermercado","Alimentación General","Platos preparados","Ensaladas preparadas","ESCOBEDO ensalada marisqueña frasco 900 g neto escurrido"],"general_information":[],"ingredients":[],"ean":"8436008861503"},{"full_name":"EMILIA ensalada preparada marisqueña frasco 320 g neto escurrido","name":"ensalada preparada marisqueña frasco 320 g neto escurrido","brand":"EMILIA ","img":"https://sgfm.elcorteingles.es/SGFM/00/06/7/0200184400067/0200184400067000g01011.jpg","price":"4,59 €","price_unit":"(14,34 € / Kilo)","categories":["Supermercado","Alimentación General","Platos preparados","Ensaladas preparadas","EMILIA ensalada preparada marisqueña frasco 320 g neto escurrido"],"general_information":[],"ingredients":[],"ean":"8436008860513"},{"full_name":"CALIDAD ARTESANA empanada artesana de atún envase 1200 g","name":"empanada artesana de atún envase 1200 g","brand":"CALIDAD ARTESANA ","img":"https://sgfm.elcorteingles.es/SGFM/dctm/MEDIA03/201707/07/00118558504868____6__600x600.jpg","price":"10,95 €            ","price_unit":"(8,29 € / Kilo)","categories":["Supermercado","Alimentación General","Platos preparados","Empanadas y sandwiches","CALIDAD ARTESANA empanada artesana de atún envase 1200 g"],"general_information":[],"ingredients":[],"ean":"0000024559942"},{"full_name":"CALIDAD ARTESANA empanada de atún pieza 800 g","name":"empanada de atún pieza 800 g","brand":"CALIDAD ARTESANA ","img":"https://sgfm.elcorteingles.es/SGFM/dctm/MEDIA02/CONTENIDOS/201602/01/00118558501088____2__600x600.jpg","price":"6,99 €","price_unit":"(8,74 € / Kilo)","categories":["Supermercado","Alimentación General","Platos preparados","Empanadas y sandwiches","CALIDAD ARTESANA empanada de atún pieza 800 g"],"general_information":["Denominación del alimento: Plato preparado","País de origen: España","Nombre del operador: Grupo El Corte Inglés","Dirección del operador: Calle Hermosilla 112 - 28009 Madrid - España","Cantidad Neta: 800 g"],"ingredients":[" Harina de TRIGO, fritada de hortalizas (tomate, berenjena, pimiento, calabacín, aceite de girasol, agua, azúcar, almidón, sal, corrector de acidez E-330), ATÚN en aceite de girasol (10%), aceite de girasol, agua, HUEVO líquido, cebolla frita,  levadura, LECHE entera, sal, acidulante (E-330), conservador (E-282), pan rallado (TRIGO)."],"conservation":" CONSERVAR ENTRE 0º - 4º C","ean":"0000024521420"},{"full_name":"CALIDAD ARTESANA empanada de ternera pieza 800 g","name":"empanada de ternera pieza 800 g","brand":"CALIDAD ARTESANA ","img":"https://sgfm.elcorteingles.es/SGFM/dctm/MEDIA02/CONTENIDOS/201602/01/00118558504256____2__600x600.jpg","price":"6,99 €","price_unit":"(8,74 € / Kilo)","categories":["Supermercado","Alimentación General","Platos preparados","Empanadas y sandwiches","CALIDAD ARTESANA empanada de ternera pieza 800 g"],"general_information":["Denominación del alimento: Plato preparado","País de origen: España","Nombre del operador: Grupo El Corte Inglés","Dirección del operador: Calle Hermosilla 112 - 28009 Madrid - España","Cantidad Neta: 800 g"],"ingredients":[" Harina de TRIGO, carne de vacuno (11,9%), fritada de hortalizas (tomate, berenjena, pimiento, calabacín, aceite de girasol, azúcar, almidón, sal, corrector de acidez E-330), aceite de girasol, agua, HUEVO líquido, cebolla frita, levadura, sal, LECHE entera, acidulante (E-330), conservador (E-282), pan rallado (TRIGO), pimienta blanca molida, tomillo."],"conservation":" CONSERVAR ENTRE 0º Y 4º","ean":"0000024520928"},{"full_name":"CALIDAD ARTESANA empanada de hojaldre de atún pieza 800 g","name":"empanada de hojaldre de atún pieza 800 g","brand":"CALIDAD ARTESANA ","img":"https://sgfm.elcorteingles.es/SGFM/dctm/MEDIA02/CONTENIDOS/201506/02/00118558504389____1__600x600.jpg","price":"7,50 €","categories":["Supermercado","Alimentación General","Platos preparados","Empanadas y sandwiches","CALIDAD ARTESANA empanada de hojaldre de atún pieza 800 g"],"general_information":["Denominación del alimento: Plato preparado","País de origen: España","Nombre del operador: Grupo El Corte Inglés","Dirección del operador: Calle Hermosilla 112 - 28009 Madrid - España","Cantidad Neta: 800 g"],"ingredients":[" Hojaldre [harina de TRIGO, grasa vegetal (grasa de palma, aceite de girasol, aromas, antioxidantes E-304i y E-306), agua, MANTEQUILLA, HUEVO, sal], relleno de atún 48% [tomate, ATÚN en aceite de girasol 19%, cebolla, berenjena, pimiento, calabacín, aceite de girasol, azúcar, almidón, sal, corrector de acidez E-330]."],"conservation":" CONSERVAR ENTRE 0º Y 4º","ean":"0000024532266"},{"full_name":"CALIDAD ARTESANA empanada de hojaldre de ternera pieza 800 g","name":"empanada de hojaldre de ternera pieza 800 g","brand":"CALIDAD ARTESANA ","img":"https://sgfm.elcorteingles.es/SGFM/dctm/MEDIA02/CONTENIDOS/201506/02/00118558504397____1__600x600.jpg","price":"7,50 €","categories":["Supermercado","Alimentación General","Platos preparados","Empanadas y sandwiches","CALIDAD ARTESANA empanada de hojaldre de ternera pieza 800 g"],"general_information":["Denominación del alimento: Plato preparado","País de origen: España","Nombre del operador: Grupo El Corte Inglés","Dirección del operador: Calle Hermosilla 112 - 28009 Madrid - España","Cantidad Neta: 800 g"],"ingredients":[" Hojaldre [harina de TRIGO, grasa vegetal (grasa de palma, aceite de girasol, aromas, antioxidantes E-304i y E-306), agua, MANTEQUILLA, HUEVO, sal], relleno de carne 49% [tomate, carne de vacuno 27%, cebolla, berenjena, pimiento, calabacín, aceite de girasol, sal, azúcar, almidón, tomillo, orégano, pimienta negra molida, corrector de acidez E-330]."],"conservation":" CONSERVAR ENTRE 0º Y 4º","ean":"0000024532341"},{"full_name":"CALIDAD ARTESANA empanada de ternera pieza 800 g","name":"empanada de ternera pieza 800 g","brand":"CALIDAD ARTESANA ","img":"https://sgfm.elcorteingles.es/SGFM/dctm/MEDIA02/CONTENIDOS/201602/03/00118558504264____1__600x600.jpg","price":"6,99 €","price_unit":"(8,74 € / Kilo)","categories":["Supermercado","Alimentación General","Platos preparados","Empanadas y sandwiches","CALIDAD ARTESANA empanada de ternera pieza 800 g"],"general_information":[],"ingredients":[],"ean":"0000024520935"},{"full_name":"CALIDAD ARTESANA Empanada de atún mini envase 225 g","name":"Empanada de atún mini envase 225 g","brand":"CALIDAD ARTESANA ","img":"https://sgfm.elcorteingles.es/SGFM/dctm/MEDIA03/201712/04/00118558505139____1__600x600.jpg","price":"2,75 €","categories":["Supermercado","Alimentación General","Platos preparados","Empanadas y sandwiches","CALIDAD ARTESANA Empanada de atún mini envase 225 g"],"general_information":[],"ingredients":[],"ean":"0000024561099"},{"full_name":"CALIDAD ARTESANA empanadillas de atún 3 unidades bandeja 300 g","name":"empanadillas de atún 3 unidades bandeja 300 g","brand":"CALIDAD ARTESANA ","img":"https://sgfm.elcorteingles.es/SGFM/dctm/MEDIA02/CONTENIDOS/201601/28/00118558501203____1__600x600.jpg","price":"3,75 €","price_unit":"(12,50 € / Kilo)","categories":["Supermercado","Alimentación General","Platos preparados","Empanadas y sandwiches","CALIDAD ARTESANA empanadillas de atún 3 unidades bandeja 300 g"],"general_information":["Denominación del alimento: Plato preparado","País de origen: España","Nombre del operador: Grupo El Corte Inglés","Dirección del operador: Calle Hermosilla 112 - 28009 Madrid - España","Cantidad Neta: 300 g"],"ingredients":[" Harina de TRIGO, relleno de atún 39% ((fritada de hortalizas (tomate,  pimiento, berenjena, calabacín, cebolla, aceite de girasol, almidón, sal, espesante E-410, emulgente E-461, correctores de acidez E-331 y E-330), ATÚN en aceite de girasol 20%, PAN rallado)), agua, HUEVO, aceite de girasol, aceite de oliva, sal."],"conservation":" CONSERVAR ENTRE 0º - 4º C","ean":"0000024525053"},{"full_name":"CALIDAD ARTESANA mini empanadillas de atún y tomate bandeja 350 g","name":"mini empanadillas de atún y tomate bandeja 350 g","brand":"CALIDAD ARTESANA ","img":"https://sgfm.elcorteingles.es/SGFM/dctm/MEDIA02/CONTENIDOS/201601/28/00118558501948____1__600x600.jpg","price":"6,99 €","price_unit":"(19,97 € / Kilo)","categories":["Supermercado","Alimentación General","Platos preparados","Empanadas y sandwiches","CALIDAD ARTESANA mini empanadillas de atún y tomate bandeja 350 g"],"general_information":["Denominación del alimento: Plato preparado","País de origen: España","Nombre del operador: Grupo El Corte Inglés","Dirección del operador: Calle Hermosilla 112 - 28009 Madrid - España","Cantidad Neta: 350 g"],"ingredients":[" Harina de TRIGO, relleno de tomate y de atún 30% ((tomate frito 67% (tomate,  azúcar, aceite de oliva, almidón, sal, corrector de acidez E-330), ATÚN en aceite de girasol 13%, HUEVO cocido, PAN rallado, sal)), agua, HUEVO, aceite de girasol, aceite de oliva, sal."],"conservation":" CONSERVAR ENTRE 0º - 4ºC","ean":"0000024525626"},{"full_name":"Empanada de hojaldre de atún pieza 600 g","name":"Empanada de hojaldre de atún pieza 600 g","brand":" ","img":"https://sgfm.elcorteingles.es/SGFM/dctm/MEDIA03/201706/22/00118558504470____2__600x600.jpg","price":"3,99 €","price_unit":"(6,65 € / Kilo)","categories":["Supermercado","Alimentación General","Platos preparados","Empanadas y sandwiches","Empanada de hojaldre de atún pieza 600 g"],"general_information":[],"ingredients":[],"ean":"8423975611019"},{"full_name":"Empanada de hojaldre de carne pieza 600 g","name":"Empanada de hojaldre de carne pieza 600 g","brand":" ","img":"https://sgfm.elcorteingles.es/SGFM/dctm/MEDIA03/201706/22/00118558504488____2__600x600.jpg","price":"3,99 €","price_unit":"(6,65 € / Kilo)","categories":["Supermercado","Alimentación General","Platos preparados","Empanadas y sandwiches","Empanada de hojaldre de carne pieza 600 g"],"general_information":[],"ingredients":[],"ean":"8423975615017"},{"full_name":"Empanada de hojaldre de espinacas pieza 600 g","name":"Empanada de hojaldre de espinacas pieza 600 g","brand":" ","img":"https://sgfm.elcorteingles.es/SGFM/dctm/MEDIA03/201706/22/00118558504496____2__600x600.jpg","price":"3,99 €","price_unit":"(6,65 € / Kilo)","categories":["Supermercado","Alimentación General","Platos preparados","Empanadas y sandwiches","Empanada de hojaldre de espinacas pieza 600 g"],"general_information":[],"ingredients":[],"ean":"8423975612016"},{"full_name":"Empanada de hojaldre de salmón y queso pieza 600 g","name":"Empanada de hojaldre de salmón y queso pieza 600 g","brand":" ","img":"https://sgfm.elcorteingles.es/SGFM/dctm/MEDIA03/201706/22/00118558504561____3__600x600.jpg","price":"3,99 €","price_unit":"(6,65 € / Kilo)","categories":["Supermercado","Alimentación General","Platos preparados","Empanadas y sandwiches","Empanada de hojaldre de salmón y queso pieza 600 g"],"general_information":[],"ingredients":[],"ean":"8423975610012"},{"full_name":"Hojaldre con queso de cabra y espinacas bandeja 240 g","name":"Hojaldre con queso de cabra y espinacas bandeja 240 g","brand":" ","img":"https://sgfm.elcorteingles.es/SGFM/dctm/MEDIA03/201710/19/00118553601230____1__600x600.jpg","price":"3,25 €","price_unit":"(13,54 € / Kilo)","categories":["Supermercado","Alimentación General","Platos preparados","Empanadas y sandwiches","Hojaldre con queso de cabra y espinacas bandeja 240 g"],"general_information":[],"ingredients":[],"ean":"3281780891362"},{"full_name":"Hojaldre con tomate y mozarella bandeja 260 g","name":"Hojaldre con tomate y mozarella bandeja 260 g","brand":" ","img":"https://sgfm.elcorteingles.es/SGFM/dctm/MEDIA03/201710/19/00118553601222____1__600x600.jpg","price":"3,25 €","price_unit":"(12,50 € / Kilo)","categories":["Supermercado","Alimentación General","Platos preparados","Empanadas y sandwiches","Hojaldre con tomate y mozarella bandeja 260 g"],"general_information":[],"ingredients":[],"ean":"3281780891379"},{"full_name":"MARTINET quiche lorraine envase 400 g","name":"quiche lorraine envase 400 g","brand":"MARTINET ","img":"https://sgfm.elcorteingles.es/SGFM/dctm/MEDIA03/201708/31/00118551501424____1__600x600.jpg","price":"3,50 €","price_unit":"(8,75 € / Kilo)","categories":["Supermercado","Alimentación General","Platos preparados","Empanadas y sandwiches","MARTINET quiche lorraine envase 400 g"],"general_information":[],"ingredients":[],"ean":"3281780891355"},{"full_name":"CALIDAD ARTESANA sandwich de pollo braseado pieza 193 g","name":"sandwich de pollo braseado pieza 193 g","brand":"CALIDAD ARTESANA ","img":"https://sgfm.elcorteingles.es/SGFM/dctm/MEDIA03/201604/05/00118551401997____2__600x600.jpg","price":"2,15 €","price_unit":"(11,14 € / Kilo)","categories":["Supermercado","Alimentación General","Platos preparados","Empanadas y sandwiches","CALIDAD ARTESANA sandwich de pollo braseado pieza 193 g"],"general_information":["Denominación del alimento: Sándwich de pollo","País de origen: España","Nombre del operador: Grupo El Corte Inglés","Dirección del operador: Calle Hermosilla 112 - 28009 Madrid - España","Cantidad Neta: 190 g","Otras menciones obligatorias en la etiqueta: Envasado en atmósfera protectora"],"ingredients":[" Relleno 59,7% [pollo asado 21,4% (carne de pollo separada mecánicamente, aceite de girasol, fibra de guisante, sal, estabilizantes (E-451, E-450, E-407), dextrosa, conservadores (E-262, E-270), aromas), tomate, mayonesa (aceite de soja, HUEVO, agua, vinagre de vino, azúcar, sal, zumo de limón, aromas, antioxidante E-385, extracto de pimentón)], pan de molde integral (harina de TRIGO integral, agua, levadura, sal, azúcar, aceites y grasas vegetales [en proporción variable (palma, coco y girasol), aromas, colorante E-160 a], harina de haba, emulgentes (E-472e, E-471, E-481), estabilizante E-412, conservadores (E-282, E-200))."],"conservation":" CONSERVAR ENTRE 0º - 4º C","ean":"0000024553650"},{"full_name":"CALIDAD ARTESANA sandwich de atún y lechuga pieza 200 g","name":"sandwich de atún y lechuga pieza 200 g","brand":"CALIDAD ARTESANA ","img":"https://sgfm.elcorteingles.es/SGFM/dctm/MEDIA03/201604/05/00118551400171____1__600x600.jpg","price":"1,99 €","price_unit":"(10,53 € / Kilo)","categories":["Supermercado","Alimentación General","Platos preparados","Empanadas y sandwiches","CALIDAD ARTESANA sandwich de atún y lechuga pieza 200 g"],"general_information":["Denominación del alimento: Sandwich de atún y lechuga","País de origen: España","Nombre del operador: Grupo El Corte Inglés","Dirección del operador: Calle Hermosilla 112 - 28009 Madrid - España","Cantidad Neta: 190 g","Otras menciones obligatorias en la etiqueta: Envasado en atmósfera protectora"],"ingredients":[" Pan de molde ((harina de TRIGO, agua, levadura, aceites y grasas vegetales (en proporción variable (palma, coco y girasol), aromas, colorantes E-160a), estabilizante E-412, conservadores (E-282, E-200)), mayonesa (Aceite de soja, HUEVO, agua, vinagre de vino, azúcar, sal, zumo de limón, aromas, antioxidante E-385, extracto de pimentón), lechuga 22,6%, ATÚN en aceite de girasol 17,6%."],"conservation":" CONSERVAR ENTRE 0º - 4º C","ean":"0000024550505"},{"full_name":"CALIDAD ARTESANA sandwich de atún y tomate pieza 180 g","name":"sandwich de atún y tomate pieza 180 g","brand":"CALIDAD ARTESANA ","img":"https://sgfm.elcorteingles.es/SGFM/dctm/MEDIA03/201604/05/00118551402946____2__600x600.jpg","price":"1,99 €","price_unit":"(11,06 € / Kilo)","categories":["Supermercado","Alimentación General","Platos preparados","Empanadas y sandwiches","CALIDAD ARTESANA sandwich de atún y tomate pieza 180 g"],"general_information":["Denominación del alimento: Sándwich de atún y tomate","País de origen: España","Nombre del operador: Grupo El Corte Inglés","Dirección del operador: Calle Hermosilla 112 - 28009 Madrid - España","Cantidad Neta: 190 g","Otras menciones obligatorias en la etiqueta: Envasado en atmósfera protectora"],"ingredients":[" Pan de molde [harina de TRIGO, agua, levadura, aceites y grasas vegetales (en proporción variable (palma, coco y girasol), aromas, colorantes E-160a), estabilizante E-412, conservadores (E-282, E-200)],  HUEVO cocido, ATÚN en aceite de girasol 19%, mayonesa (aceite de soja, HUEVO, agua, vinagre de vino, azúcar, sal, zumo de limón, aromas, antioxidante E-385, extracto de pimentón), tomate frito 7,8% (tomate, aceite de girasol, sal, almidon, acidulante E-330, azúcar)."],"conservation":" CONSERVAR ENTRE 0º - 4º C","ean":"0000024553810"},{"full_name":"CALIDAD ARTESANA sandwich de ensalada de cangrejo pieza 200 g","name":"sandwich de ensalada de cangrejo pieza 200 g","brand":"CALIDAD ARTESANA ","img":"https://sgfm.elcorteingles.es/SGFM/dctm/MEDIA03/201604/05/00118551400254____1__600x600.jpg","price":"1,99 €","price_unit":"(11,12 € / Kilo)","categories":["Supermercado","Alimentación General","Platos preparados","Empanadas y sandwiches","CALIDAD ARTESANA sandwich de ensalada de cangrejo pieza 200 g"],"general_information":["País de origen: España","Otras menciones obligatorias en la etiqueta: Envasado en atmósfera protectora"],"ingredients":[" Ensalada de sucedáneo de cangrejo 58% [sucedáneo de cangrejo 44% (surimi 35% (PESCADO, estabilizantes E-420i y E-452), agua, clara de HUEVO, almidón, carne de CANGREJO 4%, azúcar, sal, aceite de colza, aromas (CRUSTÁCEOS Y SOJA), potenciadores del sabor E-621 y E-635, estabilizante E-407, colorantes E-171, E-160c y E-120), mayonesas (aceites de soja y de girasol, HUEVO, agua, vinagre, estabilizantes (E-412, E-415, E-417), azúcar, sal, zumo de limón, conservador E-202, aromas, correctores de acidez E-270 y E-330, antioxidante E-385, extracto de pimentón), piña en almíbar, LECHE], pan de molde [harina de TRIGO, agua, levadura, aceites y grasas vegetales  (en proporción variable (palma, coco y girasol), aromas, colorante E-160 a),  azúcar, sal, harina de haba, emulgentes (E-471, E-481,  E-472e), estabilizante E-412, conservadores (E-282, E-200)]."],"conservation":"Modo de empleo: Envasado en atmósfera protectora","ean":"0000024552172"},{"full_name":"CALIDAD ARTESANA sandwich de ensaladilla pieza 190 g","name":"sandwich de ensaladilla pieza 190 g","brand":"CALIDAD ARTESANA ","img":"https://sgfm.elcorteingles.es/SGFM/dctm/MEDIA03/201604/05/00118551400163____1__600x600.jpg","price":"1,99 €","price_unit":"(10,47 € / Kilo)","categories":["Supermercado","Alimentación General","Platos preparados","Empanadas y sandwiches","CALIDAD ARTESANA sandwich de ensaladilla pieza 190 g"],"general_information":["Denominación del alimento: Sándwich de ensaladilla","País de origen: España","Nombre del operador: Grupo El Corte Inglés","Dirección del operador: Calle Hermosilla 112 - 28009 Madrid - España","Cantidad Neta: 190 g","Otras menciones obligatorias en la etiqueta: Envasado en atmósfera protectora"],"ingredients":[" Ensaladilla rusa 59% (mayonesa (aceite de girasol, agua, yema de HUEVO, estabilizantes (E-412, E-415, E-417), vinagre, sal, azúcar, conservador E-202, correctores de acides E-270 y E-330, aroma), patata, zanahoria, judía verde, guisante, ATÚN en aceite de girasol, sal), pan de molde (harina de TRIGO, agua, levadura, aceites y grasas vegetales (en proporción variable (palma, coco y girasol), aromas, colorante E-160a), azúcar, sal, harina de haba, emulgentes (E-471, E-481, E-472e), estabilizante E-412, conservadores (E-282, E-200))."],"conservation":" CONSERVAR ENTRE 0º - 4º C","ean":"0000024550277"},{"full_name":"CALIDAD ARTESANA sandwich de gambas pieza 157 g","name":"sandwich de gambas pieza 157 g","brand":"CALIDAD ARTESANA ","img":"https://sgfm.elcorteingles.es/SGFM/dctm/MEDIA03/201604/05/00202851400222____1__600x600.jpg","price":"2,45 €","price_unit":"(15,61 € / Kilo)","categories":["Supermercado","Alimentación General","Platos preparados","Empanadas y sandwiches","CALIDAD ARTESANA sandwich de gambas pieza 157 g"],"general_information":["Denominación del alimento: Sándwich de langostinos","País de origen: España","Nombre del operador: Grupo El Corte Inglés","Dirección del operador: Calle Hermosilla 112 - 28009 Madrid - España","Cantidad Neta: 190 g","Otras menciones obligatorias en la etiqueta: Envasado en atmósfera protectora"],"ingredients":[" Pan de molde [harina de TRIGO, agua, levadura, aceite de girasol, azúcar, sal, harina de haba, emulgentes (E-471, E-481, E-472e), estabilizante (E-412), conservadores (E-282, E-200)], crema de marisco [mayonesa (aceite de soja, HUEVO, agua, vinagre de vino, azúcar, sal, zumo de limón, aromas, antioxidante (E-385), extracto de pimentón), agua, HUEVO, almidón, MANTEQUILLA, tomate, jarabe de glucosa y fructosa, vinagre, grasa de palma, puré de tomate, whisky, sal, maíz dulce, LACTOSA, CAMARON, proteina de LECHE, potenciador del sabor (E-621), aromas, corrector de acidez (E-330), extracto de vino, salsa de SOJA, extracto de pimentón, cayena, extracto de levadura], LANGOSTINOS (16,3%)."],"conservation":" CONSERVAR ENTRE 0º - 4º C","ean":"0000024550840"},{"full_name":"CALIDAD ARTESANA sandwich de jamón y queso pieza 180 g","name":"sandwich de jamón y queso pieza 180 g","brand":"CALIDAD ARTESANA ","img":"https://sgfm.elcorteingles.es/SGFM/dctm/MEDIA03/201604/05/00118551400148____1__600x600.jpg","price":"1,99 €","price_unit":"(10,99 € / Kilo)","categories":["Supermercado","Alimentación General","Platos preparados","Empanadas y sandwiches","CALIDAD ARTESANA sandwich de jamón y queso pieza 180 g"],"general_information":["Denominación del alimento: Sándwich mixto","País de origen: España","Nombre del operador: Grupo El Corte Inglés","Dirección del operador: Calle Hermosilla 112 - 28009 Madrid - España","Otras menciones obligatorias en la etiqueta: Envasado en atmósfera protectora"],"ingredients":[" Pan de molde [(harina de TRIGO, agua, levadura, aceites y grasas vegetales (en proporción variable (palma, coco y girasol), aromas, colorante E-160a), azúcar, sal, harina de haba, emulgentes (E-471, E-481, E-472e), estabilizante E-412, conservadores (E-282, E-200)], jamón cocido 39,9% [jamón de cerdo, agua, dextrosa, especias, estabilizantes (E-451, E-452, E-407), antioxidantes (E-316, E-331, E-327), conservadores (E-250, E-262)], QUESO 15,9% (colorante E-160a), MANTEQUILLA."],"ean":"0000024550192"},{"full_name":"CALIDAD ARTESANA sandwich de salmón pieza 181 g","name":"sandwich de salmón pieza 181 g","brand":"CALIDAD ARTESANA ","img":"https://sgfm.elcorteingles.es/SGFM/dctm/MEDIA03/201604/05/00202851400271____1__600x600.jpg","price":"2,45 €","price_unit":"(13,54 € / Kilo)","categories":["Supermercado","Alimentación General","Platos preparados","Empanadas y sandwiches","CALIDAD ARTESANA sandwich de salmón pieza 181 g"],"general_information":["Denominación del alimento: Sándwich de salmón","País de origen: España","Nombre del operador: Grupo El Corte Inglés","Dirección del operador: Calle Hermosilla 112 - 28009 Madrid - España","Otras menciones obligatorias en la etiqueta: Envasado en atmósfera protectora"],"ingredients":[" Relleno de salmón 63% ((mayonesa (aceite de girasol, agua, yema de HUEVO, estabilizantes (E-412, E-415, E-417), vinagre, sal, azúcar, conservador E-202, correctores de acidez E-270 y E-330, aroma), SALMÓN ahumado 31%, HUEVO cocido, agua, cebolla, pepinillo, alcaparra)), pan de molde ((harina de TRIGO, agua, levadura, aceites y grasas vegetales  (en proporción variable (palma, coco y girasol), aromas, colorante E-160 a),  azúcar, sal, harina de haba, emulgentes (E-471, E-481,  E-472e), estabilizante E-412, conservadores (E-282, E-200))."],"ean":"0000024552257"},{"full_name":"CALIDAD ARTESANA sandwich ensalada de pavo pieza 179 g","name":"sandwich ensalada de pavo pieza 179 g","brand":"CALIDAD ARTESANA ","img":"https://sgfm.elcorteingles.es/SGFM/dctm/MEDIA03/201604/05/00202851400172____1__600x600.jpg","price":"2,15 €","price_unit":"(12,01 € / Kilo)","categories":["Supermercado","Alimentación General","Platos preparados","Empanadas y sandwiches","CALIDAD ARTESANA sandwich ensalada de pavo pieza 179 g"],"general_information":["Denominación del alimento: Sándwich de ensalada de pavo","País de origen: España","Nombre del operador: Grupo El Corte Inglés","Dirección del operador: Calle Hermosilla 112 - 28009 Madrid - España","Cantidad Neta: 190 g","Otras menciones obligatorias en la etiqueta: Envasado en atmósfera protectora"],"ingredients":[" Ensalada de pavo 63,2% [(mayonesa (aceite de soja, HUEVO, agua, vinagre de vino, azúcar, sal, zumo de limón, aromas, antioxidante E-385, extracto de pimentón), pechuga de pavo cocida 34,3% (pechuga de pavo, agua, aceite de girasol, sal, conservadores E-262ii y E-250, especias, aromas (contiene APIO), lechuga, pimiento morrón)], pan de molde [(harina de TRIGO, agua, levadura, aceites y grasas vegetales (en proporción variable (palma, coco y girasol), aromas, colorante E-160a), sal, azúcar, harina de haba, emulgentes (E-471, E-481, E-472e), estabilizante E-412, conservadores (E-282, E-200)]"],"conservation":" CONSERVAR ENTRE 0º - 4º C","ean":"0000024550765"},{"full_name":"CALIDAD ARTESANA sandwich integral con atún y lechuga pieza 180 g","name":"sandwich integral con atún y lechuga pieza 180 g","brand":"CALIDAD ARTESANA ","img":"https://sgfm.elcorteingles.es/SGFM/dctm/MEDIA03/201604/05/00202851400230____1__600x600.jpg","price":"1,99 €","price_unit":"(11,06 € / Kilo)","categories":["Supermercado","Alimentación General","Platos preparados","Empanadas y sandwiches","CALIDAD ARTESANA sandwich integral con atún y lechuga pieza 180 g"],"general_information":["Denominación del alimento: Sándwich integral de atún y lechuga","País de origen: España","Nombre del operador: Grupo El Corte Inglés","Dirección del operador: Calle Hermosilla 112 - 28009 Madrid - España","Cantidad Neta: 190 g","Otras menciones obligatorias en la etiqueta: Envasado en atmósfera protectora"],"ingredients":[" Pan de molde integral [harina de TRIGO integral, agua, levadura, sal, azúcar, aceites y grasas vegetales [en proporción variable (palma, coco y girasol), aromas, colorante E-160 a], harina de haba, emulgentes (E-472e, E-471, E-481), estabilizante E-412, conservadores (E-282, E-200)],  mayonesa (aceite de soja, HUEVO, agua, vinagre de vino, azúcar, sal, zumo de limón, aromas, antioxidante E-385, extracto de pimentón), lechuga 22,6%, ATÚN en aceite de girasol 17,6%."],"conservation":" CONSERVAR ENTRE 0º - 4º C","ean":"0000024551007"},{"full_name":"CALIDAD ARTESANA sandwich integral vegetal pieza 182 g","name":"sandwich integral vegetal pieza 182 g","brand":"CALIDAD ARTESANA ","img":"https://sgfm.elcorteingles.es/SGFM/dctm/MEDIA03/201604/05/00118551400239____1__600x600.jpg","price":"1,99 €","price_unit":"(10,93 € / Kilo)","categories":["Supermercado","Alimentación General","Platos preparados","Empanadas y sandwiches","CALIDAD ARTESANA sandwich integral vegetal pieza 182 g"],"general_information":["Denominación del alimento: Sándwich integral vegetal","País de origen: España","Nombre del operador: Grupo El Corte Inglés","Dirección del operador: Calle Hermosilla 112 - 28009 Madrid - España","Cantidad Neta: 190 g","Otras menciones obligatorias en la etiqueta: Envasado en atmósfera protectora"],"ingredients":[" Pan de molde integral [harina de TRIGO integral, agua, levadura, sal, azúcar, aceites y grasas vegetales (en proporción variable (palma, coco y girasol), aromas, colorante E-160a), harina de haba, emulgentes (E-472e, E-471, E-481), estabilizante E-412, conservadores (E-282, E-200)], tomate 19,2%, lechuga 17,3%, mayonesa (aceite de soja, HUEVO, agua, vinagre de vino, azúcar, sal, zumo de limón, aromas, antioxidante E-385, extracto de pimentón), HUEVO cocido."],"conservation":" CONSERVAR ENTRE 0º - 4º C","ean":"0000024551915"},{"full_name":"CALIDAD ARTESANA sandwich vegetal pieza 190 g","name":"sandwich vegetal pieza 190 g","brand":"CALIDAD ARTESANA ","img":"https://sgfm.elcorteingles.es/SGFM/dctm/MEDIA03/201604/05/00118551400155____1__600x600.jpg","price":"1,99 €","price_unit":"(10,47 € / Kilo)","categories":["Supermercado","Alimentación General","Platos preparados","Empanadas y sandwiches","CALIDAD ARTESANA sandwich vegetal pieza 190 g"],"general_information":["Denominación del alimento: Sándwich vegetal","País de origen: España","Nombre del operador: Grupo El Corte Inglés","Dirección del operador: Calle Hermosilla 112 - 28009 Madrid - España","Otras menciones obligatorias en la etiqueta: Envasado en atmósfera protectora"],"ingredients":[" Pan de molde ((harina de TRIGO, agua, levadura, aceites y grasas vegetales (en proporción variable (palma, coco y girasol), aromas, colorante E-160a), azúcar, sal, harina de haba, emulgentes (E-471, E-481, E-472e), estabilizante E-412, conservadores (E-282, E-200)), tomate 19,2%, lechuga 17,3%, mayonesa (aceite de soja, HUEVO, agua, vinagre de vino, azúcar, sal, zumo de limón, aromas, antioxidante E-385, extracto de pimentón), HUEVO cocido."],"ean":"0000024550017"},{"full_name":"CALIDAD ARTESANA mini sandwiches surtidos 10 unidades bandeja 480 g","name":"mini sandwiches surtidos 10 unidades bandeja 480 g","brand":"CALIDAD ARTESANA ","img":"https://sgfm.elcorteingles.es/SGFM/dctm/MEDIA02/CONTENIDOS/201602/01/00118551400247____1__600x600.jpg","price":"6,50 €","price_unit":"(14,13 € / Kilo)","categories":["Supermercado","Alimentación General","Platos preparados","Empanadas y sandwiches","CALIDAD ARTESANA mini sandwiches surtidos 10 unidades bandeja 480 g"],"general_information":["País de origen: España"],"ingredients":[" Pan de molde (harina de TRIGO, agua, levadura, aceites y grasas vegetales  (en proporción variable (palma, coco y girasol), aromas, colorante E-160 a),  azúcar, sal, harina de haba, emulgentes (E-471, E-481,  E-472e), estabilizante E-412, conservadores (E-282, E-200), ensaladilla rusa (mayonesa (aceita de girasol, agua, yema de HUEVO, estabilizantes (E-412, E-415, E-417), vinagre, sal, azúcar, conservador E-202, correctores de acidez E-270 y E-330, aroma), patata, zanahoria, judía verde, guisante, ATÚN en aceite de girasol, sal), relleno de pollo braseado (tomate, mayonesa (aceite de soja, HUEVO, agua, vinagre de vino, azúcar, sal, zumo de limón, aromas, antioxidante E-385, extracto de pimentón), pollo braseado 14% (pechuga de pollo, sal, aromas, estabilizantes (E-451, E-450, E-407), conservadores (E-262ii, E-270, E-250), jarabe de glucosa, antioxidante E-316, aceite de girasol), relleno de crema mixto (crema de queso (QUESO, LECHE entera, NATA, vino blanco, QUESO azul, aroma, almidón, estabilizante E-407), fiambre york (paleta de cerdo, agua, almidón, proteínas de SOJA y de cerdo, azúcar, dextrosa, estabilizantes (E-451, E-415, E-410, E-407a), antioxidantes (E-331, E-316), sal, proteína LÁCTEA, conservadores (E-262, E-270, E-250)), ensalada de sucedáneo de cangrejo (sucedáneo de cangrejo  44% (surimi 35% (PESCADO, estabilizantes E-420i y E-452), agua, clara de HUEVO, almidón, carne de CANGREJO 4%, azúcar, sal, aceite de colza, aromas (CRUSTÁCEOS y SOJA), potenciadores del sabor E-621 y E-635, estabilizante E-407, colorantes E-171, E-160c y E-120), mayonesa (aceites de soja y de girasol, HUEVO, agua, vinagre, estabilizantes (E-412, E-415, E-417), azúcar, sal, zumo de limón, conservador E-202, aromas, correctores de acidez E-270 y E-330, antioxidante E-385, extracto de pimentón), piña en almíbar, LECHE), relleno de atún con tomate (ATÚN en aceite de girasol (19%), HUEVO cocido, mayonesa (aceite de soja, HUEVO, agua, vinagre de vino, azúcar, sal, zumo de limón, aromas, antioxidante E-385, extracto de pimentón), tomate frito 8,5% (tomate, aceite de girasol, sal, almidón, acidulante E-330, azúcar))"],"ean":"0000024552097"},{"full_name":"CALIDAD ARTESANA emparedados 8 unidades bandeja 750 g","name":"emparedados 8 unidades bandeja 750 g","brand":"CALIDAD ARTESANA ","img":"https://sgfm.elcorteingles.es/SGFM/dctm/MEDIA02/CONTENIDOS/201510/29/00118551401245____1__600x600.jpg","price":"7,50 €","price_unit":"(10 € / Kilo)","categories":["Supermercado","Alimentación General","Platos preparados","Empanadas y sandwiches","CALIDAD ARTESANA emparedados 8 unidades bandeja 750 g"],"general_information":["Denominación del alimento: Repostería salada","País de origen: España","Nombre del operador: Grupo El Corte Inglés","Dirección del operador: Calle Hermosilla 112 - 28009 Madrid - España","Cantidad Neta: 750 g","Otras menciones obligatorias en la etiqueta: Envasado en atmósfera protectora"],"ingredients":[" Variedad pollo braseado: [Relleno 56,2% [mayonesa (aceite de soja, HUEVO, agua, vinagre de vino, azúcar, sal, zumo de limón, aromas, antioxidante E-385, extracto de pimentón), pollo braseado 24,7% (pechuga de pollo, sal, almidón, estabilizantes (E-451i, E-450v, E-407, E-471), conservadores (E-262ii, E-270, E-250), jarabe de glucosa, aroma, antioxidante E-316, aceite de girasol)], pan de molde integral (43,8%)].\nVariedad salmón: [Relleno (59.7%) (Mayonesa (aceite de girasol, agua, yema de HUEVO, estabilizantes (E-412, E-415, E-417), vinagre, sal, azúcar, conservador E-202, correctores de acidez E-270 y E-330, aroma), HUEVO cocido, SALMÓN ahumado (22%), pepinillo, cebolla, alcaparra, agua), pan de molde (40.3%)].\nVariedad atún y lechuga: [Relleno 57,5% [mayonesa (aceite de soja, HUEVO, agua, vinagre de vino, azúcar, sal, zumo de limón, aromas, antioxidante E-385, extracto de pimentón), ATÚN en aceite de girasol 39%, lechuga 19,4%], pan de molde integral (42,5%)].\nVariedad gambas: [Relleno (54.6%) (GAMBA cocida (28%), crema de marisco (agua, HUEVO, almidón, MANTEQUILLA, grasa de palma, puré de tomate, sal, maíz dulce, LACTOSA, CAMARÓN, proteína de LECHE, potenciador del sabor E-621, aromas, fructosa, regulador de acidez E-330, extracto de vino, salsa de SOJA, extracto de pimentón, cayena, extracto de levadura)), pan de molde (45.4%)].\nPan de molde: Harina de TRIGO, agua, le vadura, aceites y grasas vegetales (en proporción variable (palma, coco y girasol), aromas, colorante E-160 a), azúcar, sal, harina de haba, emulgentes (E-471, E-481, E-472e), estabilizante E-412, conservadores (E-282, E-200).\nPan de molde integral: Harina de TRIGO integral, agua, levadura, sal, azúcar, aceites y grasas vegetales (en proporción variable (palma, coco y girasol), aromas, colorante E-160 a), harina de haba, emulgentes (E-472e, E-471, E-481), estabilizante E-412, conservadores (E-282, E-200)."],"conservation":" CONSERVAR ENTRE 0º - 4º C","ean":"0000024554565"},{"full_name":"CALIDAD ARTESANA petit pain surtidos bandeja 425 g","name":"petit pain surtidos bandeja 425 g","brand":"CALIDAD ARTESANA ","img":"https://sgfm.elcorteingles.es/SGFM/dctm/MEDIA02/CONTENIDOS/201509/26/00118551403035____2__600x600.jpg","price":"8,50 €            ","price_unit":"(16,35 € / Kilo)","categories":["Supermercado","Alimentación General","Platos preparados","Empanadas y sandwiches","CALIDAD ARTESANA petit pain surtidos bandeja 425 g"],"general_information":["Denominación del alimento: Repostería salada","País de origen: España","Nombre del operador: Grupo El Corte Inglés","Dirección del operador: Calle Hermosilla 112 - 28009 Madrid - España","Cantidad Neta: 425 g","Otras menciones obligatorias en la etiqueta: Envasado en atmósfera protectora"],"ingredients":[" Variedad jamón cocido y huevo hilado: [Relleno (54.5%) (Jamón cocido (50%) (jamón de cerdo, agua, dextrosa, especias, estabilizantes (E-451, E-452, E-407), antioxidantes (E-316, E-331, E-327), conservadores (E-250, E-262)), huevo hilado (33.3%) (yema de HUEVO, azúcar), mayonesa (aceite de girasol, agua, yema de\nHUEVO, estabilizantes (E-412, E-415, E-417), vinagre, sal, azúcar, conservador E-202, correctores de acidez (E-270, E-330), aroma)), panecillo (45.4%)].\nVariedad ensalada de salmón: [Panecillo (51.3%), relleno (48.7%) (Mayonesa (aceite de girasol, agua, yema de HUEVO, estabilizantes (E-412, E-415, E-417), vinagre, sal, azúcar, conservador E-202, correctores de acidez (E-270, E-330), aroma), HUEVO cocido, SALMÓN ahumado (22%), agua, cebolla, pepinillo, alcaparra)].\nVariedad pollo braseado [Panecillo (51.3%), relleno (48.7%) (Pollo braseado (52.6%) (pechuga de pollo, sal, almidón, estabilizantes (E-451i, E-450v, E-407, E-471), conservadores (E-262ii, E-270, E-250), jarabe de glucosa, aroma, antioxidante E-316, aceite de girasol), mayonesa (aceite de soja, HUEVO, agua, vinagre de vino,\nazúcar, sal, zumo de limón, aromas, antioxidante E-385, extracto de pimentón))].\nVariedad atún con tomate: [Panecillo (51.3%), relleno (48.7%) (HUEVO cocido, ATÚN en aceite de girasol (26.3%), mayonesa (aceite de soja, HUEVO, agua, vinagre de vino, azúcar, sal, zumo de limón, aromas, antioxidante E-385, extracto de pimentón), tomate frito (10.5%) (tomate, aceite de girasol, sal, almidón, corrector de acidez E-330, azúcar))].\nVariedad sobrasada y queso brie [Panecillo (55.6%), relleno (44.4%) (Sobrasada (50%) (tocino y magro de cerdo, pimentón, sal, dextrosa, aroma, especias, estabilizante E-451i, antioxidantes (E-310, E-320, E-32 1)), QUESO brie (50%))].\nPanecillo:: Harina de TRIGO, agua, MANTEQUILLA, azúcar, HUEVO, levadura, sal, estabilizante E-466, dextrosa, emulgentes (E-472e, lecitina de SOJA), correctores de acidez (E-450, E-341), agente de tratamiento de la harina E-300, conservador E-282"],"conservation":" CONSERVAR ENTRE 0º Y 4º","ean":"0000024577151"},{"full_name":"TOPLIDER 10 bocados bandeja 450 g","name":"10 bocados bandeja 450 g","brand":"TOPLIDER ","img":"https://sgfm.elcorteingles.es/SGFM/dctm/MEDIA02/CONTENIDOS/201503/27/00118551402839____1__600x600.jpg","price":"8,95 €","price_unit":"(19,89 € / Kilo)","categories":["Supermercado","Alimentación General","Platos preparados","Empanadas y sandwiches","TOPLIDER 10 bocados bandeja 450 g"],"general_information":["Denominación del alimento: Minihamburguesas","Nombre del operador: Ahumados Domínguez, S.A.)","Dirección del operador: Calle Parque Ferial, 17 Pol. Ind Urtinsa 28923 Alcorcón MADRID","Cantidad Neta: 450 g"],"ingredients":[" BOCADO DE POLLO: Pan (Harina de trigo, agua, levadura, azúcar, aceite de girasol, sal, semillas de sésamo, Conservante E-282, Emulgente E-481, E-472e, E-471, Estabilizador E-466 y vinagre), Pollo asado 24.7 % (Antioxidantes E-325,E-331, proteína de leche, proteína de soja, lactosa, Gelificante E-407a, Estabilizante E-451 y aceite de maíz), Mahonesa ( aceite de soja, huevo, agua, vinagre, azúcar, sal, zumo de limón concentrado, aroma, Antioxidante E-385 y Colorante extracto de pimentón), Mostaza (antioxidante E-224 y regulador de la acidez E-330) y Lechuga. BOCADO DE SALMÓN AHUMADO: Harina de trigo, agua, levadura, azúcar, aceite de girasol, sal, semillas de sésamo, Conservante E-282, Emulgente E-481, E-472e, E-471, Estabilizador E-466 y vinagre), Salmón ahumado 21.3%, Huevo cocido, Mahonesa (aceite de soja, huevo, agua, vinagre, azúcar, sal, zumo de limón concentrado, aroma, Antioxidante E-385 y colorante extracto de pimentón), Aceite de oliva virgen extra Arbequina, Cebollitas rojas (Antioxidante E-202, Endurecedor E-509, Acidulante E-260 y colorante E-162), Pepinillos agridulces, Alcaparras (Acidulante E-260, Endurecedor E-509 y Antioxidante E-330), Vinagre de Vino (Antioxidante E-220), Eneldo, Extracto de vegetales y Especias. BOCADO DE PAVO: Pan (Harina de trigo, agua, levadura, azúcar, aceite de girasol, sal, semillas de sésamo, Conservante E-282, Emulgente E-481, E-472e, E-471, Estabilizador E-466 y vinagre), Pechuga de pavo 26.8% (pechuga de pavo, agua, sal, proteína de soja, leche en polvo, fécula de patata, azúcar, dextrosa de maíz, especias naturales, Estabilizadores E-450, E-407, Conservador E-250 y Antioxidante E-316), Mahonesa (aceite de soja, huevo, agua, vinagre, azúcar, sal, zumo de limón concentrado, aroma, Antioxidante E-385 y Colorante extracto de pimentón). BOCADO DE JAMÓN SERRANO: Pan (Harina de trigo, agua, levadura, azúcar, aceite de girasol, sal, semillas de sésamo, Conservante E-282, Emulgente E-481, E-472e, E-471, Estabilizador E-466 y vinagre), Mahonesa (aceite de soja, huevo, agua, vinagre, azúcar, sal, zumo de limón concentrado, aroma, Antioxidante E-385 y Colorante extracto de pimentón), Huevo cocido, Jamón serrano 12.7% (jamón de cerdo, sal y Conservador E-249). BOCADO DE JAMÓN COCIDO DOS QUESOS Ingredientes: Pan (Harina de trigo, agua, levadura, azúcar, aceite de girasol, sal, semillas de sésamo, Conservante E-282, Emulgente E-481, E-472e, E-471, Estabilizador E-466 y vinagre), Mahonesa (aceite de soja, huevo, agua, vinagre, azúcar, sal, zumo de limón concentrado, aroma, Antioxidante E-385 y Colorante extracto de pimentón), Jamón cocido 18% (jamón de cerdo, agua, sal, lactosa, dextrosa de maíz, azúcar, aromas, Estabilizadores E-451, E-407, Potenciador del sabor E-621, Antioxidante E-316 y Conservador E-250), Queso Edam 4% yQueso Cheddar 4% (colorante E-160b). Pueden contener trazas de frutos de cáscara, apio, crustáceos y moluscos."],"conservation":" Conservación en frigorífico entre 0-4°C. Consumase una vez abierto.","ean":"8410662005237"},{"full_name":"TOPLIDER 10 delicias de salmón ahumado bandeja 410 g","name":"10 delicias de salmón ahumado bandeja 410 g","brand":"TOPLIDER ","img":"https://sgfm.elcorteingles.es/SGFM/dctm/MEDIA03/201602/12/00118551403050____1__600x600.jpg","price":"10,95 €","categories":["Supermercado","Alimentación General","Platos preparados","Empanadas y sandwiches","TOPLIDER 10 delicias de salmón ahumado bandeja 410 g"],"general_information":["Denominación del alimento: Minihamburguesas","Nombre del operador: Ahumados Domínguez, S.A.)","Dirección del operador: Calle Parque Ferial, 17 Pol. Ind Urtinsa 28923 Alcorcón MADRID","Cantidad Neta: 410 g"],"ingredients":[" LOMO DE SALMÓN AHUMADO Y HUEVO  pan (harina de trigo, sal, huevo, levadura, mantequilla, leche, azúcar), salmón ahumado 32%, (salmón, sal, azúcar y humo natural),  mahonesa (aceite de soja, huevo, agua, vinagre de vino, azúcar, sal, zumo de limón concentrado, aromas, antioxidante [E-385] y colorante [extracto de pimentón]) y huevo 6.8%. SALMÓN AHUMADO Y TXAKA Pan (harina de trigo, sal, huevo, levadura, mantequilla, leche, azúcar), salmón ahumado 29%,(salmón, sal, azúcar y humo natural), mahonesa (aceite de soja, huevo, agua, vinagre de vino, azúcar, sal, zumo de limón, aromas, antioxidante [E-385] y colorante [extracto de pimentón]), rallado Krissia 3,5% (proteína de pescado y cefalópodo , agua, aceite de girasol, almidón modificado y almidón, aromas y extractos de cangrejo, sal, albúmina de huevo, proteína vegetal, potenciador del sabor [E-621], extracto de vino blanco, azúcar, colorantes naturales [E-120 y extracto de pimentón]) y cangrejo 0,2%. SALMÓN AHUMADO Y SALSA FRESCA NÓRDICA Pan (harina de trigo, sal, huevo, levadura, mantequilla, leche, azúcar), salmón ahumado 25,6% (salmón, sal, azúcar y humo natural),  mahonesa 19.1% (aceite de soja, huevo, agua, vinagre de vino, azúcar, sal, zumo de limón, aromas, antioxidante [E-385] y colorante [extracto de pimentón]), lechuga, cebolla 0.9% y alcaparra 0.4%(acidulante [E-260], endurecedor [E-509], antioxidante [E-300]). COCKTAIL DE SALMON AHUMADO Pan (harina de trigo, sal, huevo, levadura, mantequilla, leche, azúcar), mahonesa (aceite de soja, huevo, agua, vinagre de vino , azúcar, sal, zumo de limón concentrado, aromas, antioxidante [E-385] y colorante [extracto de pimentón]), salmón ahumado 12% (salmón, sal, azúcar y humo natural), lechuga,  huevo, zanahoria, manzana, cebolla, alcaparra (acidulante [E-260], endurecedor [E-509], antioxidante [E-300]), zumo de limón [antioxidante E-224], conservadores [E-202, E-211] y antioxidante [E-300]. SALMÓN AHUMADO Y GUACAMOLE Pan (harina de trigo, sal, huevo, levadura, mantequilla, leche, azúcar), salmón ahumado 36%, (salmón, sal, azúcar y humo natural), mahonesa (aceite de soja, huevo agua, vinagre de vino, azúcar, sal, zumo de limón concentrado, aromas, antioxidante [E-385] y colorante [extracto de pimentón]) y guacamole 10.3% (aguacate , cebolla, pimiento rojo, sal, cilantro, antioxidante [E-300],   jalapeño, gelificante [E-401], acidulante [E-330] y ajo). Puede contener sésamo y /o mostaza."],"conservation":" Conservación en frigorífico entre 1-4°C. Consumase una vez abierto.","ean":"8410662005268"},{"full_name":"TOPLIDER emparedados sin corteza 12 unidades bandeja 750 g","name":"emparedados sin corteza 12 unidades bandeja 750 g","brand":"TOPLIDER ","img":"https://sgfm.elcorteingles.es/SGFM/dctm/MEDIA02/CONTENIDOS/201409/11/00118551400817____1__600x600.jpg","price":"13,99 €","price_unit":"(18,65 € / Kilo)","categories":["Supermercado","Alimentación General","Platos preparados","Empanadas y sandwiches","TOPLIDER emparedados sin corteza 12 unidades bandeja 750 g"],"general_information":["Denominación del alimento: Emparedados","Nombre del operador: Ahumados Domínguez, S.A.)","Dirección del operador: Calle Parque Ferial, 17 Pol. Ind Urtinsa 28923 Alcorcón MADRID","Cantidad Neta: 750 g"],"ingredients":[" EMPAREDADO DE JAMON COCIDO EXTRA Y QUESO: Pan (harina de trigo, agua, levadura, azúcar, aceite de oliva ( 1.5%), sal, Emulsionante E-472e,E-481,E-471,E-472c), vinagre, Conservante E-282,E-200, Regulador de la acidez E-341i, Harina de soja y haba, Antioxidante E-307, E-304), Jamón cocido 27.5% (jamón de cerdo, agua, sal, estabilizadores E-420, E-451, E-452, E-450, azúcar, gelificantes E-407, E-417, E-410, especias, aromas, antioxidante E-316, conservador E-250), Queso Edam 27.5%( colorante E-160b) y Margarina (aceites y grasas vegetales, agua, sal, emulgente E-471, sólidos de leche en polvo, conservante E-200 y E-330, aromas, colorante 160a, Vitamina A y D). Puede contener trazas de semillas de sésamo,  huevo, frutos de cáscara, mostaza, apio, pescado, crustáceos y moluscos. EMPAREDADO DE SALMÓN AHUMADO: Pan ( harina de trigo, agua, levadura, azúcar, aceite de oliva ( 1.5%), sal, Emulsionante E-472e,E-481,E-471,E-472c, vinagre, Conservante E-282,E-200, Regulador de la acidez E-341i, Harina de soja y haba, Antioxidante E-307, E-304), Salmón ahumado 27%; Mahonesa (aceite de soja, huevo, agua, vinagre, azúcar, sal, zumo de limón concentrado, aroma, antioxidante E-385 y colorante; extracto de pimentón), Huevo cocido, Margarina (aceites y grasas vegetales, agua, sal, emulgente E-471, sólidos de leche en polvo, conservante E-200 y E-330, aromas, colorante 160a, Vitamina A y D) , Cebolla y Alcaparra ( acidulante E-260, Endurecedor E-559, y Antioxidante E-300). Puede contener trazas de frutos de cáscara, mostaza, sésamo, apio, crustáceos y moluscos. EMPAREDADO DE POLLO: Pan ( harina de trigo, agua, levadura, azúcar, aceite de oliva (1.5%), sal, Emulsionante E-472e,E-481,E-471,E-472c, vinagre, Conservante E-282,E-200, Regulador de la acidez E-341i, Harina de soja y haba, Antioxidante E-307, E-304), Pollo asado 26.5% (pollo, antioxidantes E-325,E-331, proteína de leche y de soja, sal, lactosa, gelificante E-407a, estabilizante E-451 y aceite de maíz), Mahonesa (aceite de soja, huevo, agua, vinagre de vino, azúcar, sal, zumo de limón concentrado, aroma, antioxidante E-385 y colorante; extracto de pimentón), Lechuga y Mostaza (Antioxidante E-224 y Regulador de la acidez E-330). Puede contener trazas de frutos de cáscara, sésamo, apio, pescado, crustáceos y moluscos. EMPAREDADO DE ATUN Pan (harina de trigo, agua, levadura, azúcar, aceite de oliva ( 1.5%), sal, Emulsionante E-472e,E-481,E-471,E-472c), vinagre, Conservante E-282,E-200, Regulador de la acidez E-341i, Harina de soja y haba, Antioxidante E-307, E-304, Atún 21%, Mahonesa (aceite de soja, huevo, agua, vinagre de vino, azúcar, sal, zumo de limón concentrado, aroma, antioxidante E-385 y colorante; extracto de pimentón), Huevo cocido, Cebolla y Alcaparra. ( acidulante E-260, Endurecedor E-559, y Antioxidante E-300). Puede contener trazas de lactosa, frutos de cáscara, mostaza, sésamo, crustáceos, moluscos y apio. EMPAREDADO DE ENSALADILLA: Pan (harina de trigo, agua, levadura, azúcar, aceite de oliva (1.5%), sal, Emulsionante E-472e,E-481,E-471,E-472c), vinagre, Conservante E-282,E-200, Regulador de la acidez E-341i, Harina de soja y haba, Antioxidante E-307, E-304, Patata, Mahonesa (aceite de soja, huevo, agua, vinagre de vino, azúcar, sal, zumo de limón concentrado, aroma, antioxidante E-385 y colorante; extracto de pimentón), Atún, Zanahoria, Guisantes y Huevo cocido. Puede contener trazas de lactosa, frutos de cáscara, mostaza, sésamo, crustáceos, moluscos y  apio. EMPAREDADO DE PAVO: Pan (harina de trigo, agua, levadura, azúcar, aceite de oliva ( 1.5%), sal, Emulsionante E-472e,E-481,E-471,E-472c, vinagre, Conservante E-282,E-200, Regulador de la acidez E-341i, Harina de soja y haba, Antioxidante E-307, E-304), Pechuga de pavo 27% , (pechuga de pavo, agua, sal, proteína de soja, leche en polvo, fécula de patata, azúcar, dextrosa de maíz, y especias naturales estabilizadores E-450, E-407, conservadores E-250, antioxidante E-316), Mahonesa (aceite de soja, huevo, agua, vinagre de vino, azúcar, sal, zumo de limón concentrado, aroma, antioxidante E-385 y colorante; extracto de pimentón), Lechuga y Mostaza (Antioxidante E-224 y Regulador de la acidez E-330). Puede contener trazas de  frutos de cáscara, sésamo, apio, pescado, crustáceos y moluscos."],"conservation":" Conservación en frigorífico entre 0-4°C. Consumase una vez abierto.","ean":"8410662005701"},{"full_name":"TOPLIDER emparedados sin corteza 6 unidades envase 375 g","name":"emparedados sin corteza 6 unidades envase 375 g","brand":"TOPLIDER ","img":"https://sgfm.elcorteingles.es/SGFM/dctm/MEDIA03/201606/23/00118551403142____1__600x600.jpg","price":"7,25 €","price_unit":"(19,33 € / Kilo)","categories":["Supermercado","Alimentación General","Platos preparados","Empanadas y sandwiches","TOPLIDER emparedados sin corteza 6 unidades envase 375 g"],"general_information":["Denominación del alimento: Emparedados","Nombre del operador: Ahumados Domínguez, S.A.)","Dirección del operador: Calle Parque Ferial, 17 Pol. Ind Urtinsa 28923 Alcorcón MADRID","Cantidad Neta: 375 g"],"ingredients":[" EMPAREDADO DE JAMON COCIDO EXTRA Y QUESO Pan ( harina de trigo, agua, levadura, azúcar, aceite de oliva ( 1.5%), sal, Emulsionante E-472e,E-481,E-471,E-472c), vinagre, Conservante E-282,E-200, Regulador de la acidez E-341i, Harina de soja y haba, Antioxidante E-307, E-304), Jamón cocido 27.5% (jamón de cerdo, agua, sal, estabilizadores E-420, E-451, E-452, E-450, azúcar, gelificantes E-407, E-417, E-410, especias, aromas, antioxidante E-316, conservador E-250), Queso Edam 27.5%( colorante E-160b) y Margarina (aceites y grasas vegetales, agua, sal, emulgente E-471, sólidos de leche en polvo, conservante E-200 y E-330, aromas, colorante 160a, Vitamina A y D). EMPAREDADO DE SALMÓN AHUMADO Pan ( harina de trigo, agua, levadura, azúcar, aceite de oliva (1.5%), sal, Emulsionante E-472e,E-481,E-471,E-472c, vinagre, Conservante E-282,E-200, Regulador de la acidez E-341i, Harina de soja y haba, Antioxidante E-307, E-304), Salmón ahumado 27%; Mahonesa (aceite de soja, huevo, agua, vinagre, azúcar, sal, zumo de limón concentrado, aroma, antioxidante E-385 y colorante; extracto de pimentón), Huevo cocido, Margarina (aceites y grasas vegetales, agua, sal, emulgente E-471, sólidos de leche en polvo, conservante E-200 y E-330, aromas, colorante 160a, Vitamina A y D), Cebolla y Alcaparra ( acidulante E-260, Endurecedor E-559, y Antioxidante E-300). EMPAREDADO DE POLLO Pan ( harina de trigo, agua, levadura, azúcar, aceite de oliva ( 1.5%), sal, Emulsionante E-472e,E-481,E-471,E-472c, vinagre, Conservante E-282,E-200, Regulador de la acidez E-341i, Harina de soja y haba, Antioxidante E-307, E-304), Pollo asado 26.5% (pollo, antioxidantes E-325,E-331, proteína de leche y de soja, sal, lactosa, gelificante E-407a, estabilizante E-451 y aceite de maíz),Mahonesa (aceite de soja, huevo, agua, vinagre de vino, azúcar, sal, zumo de limón concentrado, aroma, antioxidante E-385 y colorante; extracto de pimentón), Lechuga y Mostaza (Antioxidante E-224 y Regulador de la acidez E-330). EMPAREDADO DE ATUN Pan ( harina de trigo, agua, levadura, azúcar, aceite de oliva ( 1.5%), sal, Emulsionante E-472e,E-481,E-471,E-472c), vinagre, Conservante E-282,E-200, Regulador de la acidez E-341i, Harina de soja y haba, Antioxidante E-307, E-304, Atún 21%, Mahonesa (aceite de soja, huevo, agua, vinagre de vino, azúcar, sal, zumo de limón concentrado, aroma, antioxidante E-385 y colorante; extracto de pimentón), Huevo cocido, Cebolla y Alcaparra. ( acidulante E-260, Endurecedor E-559, y Antioxidante E-300). EMPAREDADO DE ENSALADILLA Pan ( harina de trigo, agua, levadura, azúcar, aceite de oliva ( 1.5%), sal, Emulsionante E-472e,E-481,E-471,E-472c), vinagre, Conservante E-282,E-200, Regulador de la acidez E-341i, Harina de soja y haba, Antioxidante E-307, E-304, Patata, Mahonesa (aceite de soja, huevo, agua, vinagre de vino, azúcar,sal, zumo de limón concentrado, aroma, antioxidante E-385 y colorante; extracto de pimentón), Atún, Zanahoria, Guisantes y Huevo cocido. EMPAREDADO DE PAVO Pan ( harina de trigo, agua, levadura, azúcar, aceite de oliva (1.5%), sal, Emulsionante E-472e,E-481,E-471,E-472c, vinagre, Conservante E-282,E-200, Regulador de la acidez E-341i, Harina de soja y haba, Antioxidante E-307, E-304), Pechuga de pavo 27% , (pechuga de pavo, agua, sal, proteína de soja, leche en polvo, fécula de patata, azúcar, dextrosa de maíz, y especias naturales estabilizadores E-450, E-407, conservadores E-250, antioxidante E-316), Mahonesa (aceite de soja, huevo, agua, vinagre de vino, azúcar, sal, zumo de limón concentrado, aroma, antioxidante E-385 y colorante; extracto de pimentón),Lechuga y Mostaza (Antioxidante E-224 y Regulador de la acidez E-330). Puede contener frutos de cáscara, sésamo, apio, crustáceos y moluscos."],"conservation":" Conservación en frigorífico entre 1-4°C. Consumase una vez abierto.","ean":"8410662005787"},{"full_name":"TOPLIDER mini sandwiches surtidos bandeja 500 g","name":"mini sandwiches surtidos bandeja 500 g","brand":"TOPLIDER ","img":"https://sgfm.elcorteingles.es/SGFM/dctm/MEDIA02/CONTENIDOS/201502/03/00118551400767____2__600x600.jpg","price":"7,70 €","price_unit":"(15,40 € / Kilo)","categories":["Supermercado","Alimentación General","Platos preparados","Empanadas y sandwiches","TOPLIDER mini sandwiches surtidos bandeja 500 g"],"general_information":["Denominación del alimento: Minisándwiches","Nombre del operador: Ahumados Domínguez, S.A.)","Dirección del operador: Calle Parque Ferial, 17 Pol. Ind Urtinsa 28923 Alcorcón MADRID","Cantidad Neta: 500 g"],"ingredients":[" MINI SÁNDWICH DE JAMÓN COCIDO EXTRA Y QUESO. Pan Blanco ( Harina de trigo, agua levadura, aceite de girasol, sal, vinagre, azúcar, emulsionante E-481, E-471, E-472, regulador de la acidez E-341i, harina de haba, conservantes E-200 y E-282), Jamón cocido 33% (jamón de cerdo, agua, sal, estabilizadores E-420, E-451, E-452, E-450, azúcar, gelificantes E-407, E-417, E-410, especias, aromas, antioxidante E-316, conservador E-250), Queso Edam 19.5% ( colorante E-160b) y Margarina (aceites y grasas vegetales, agua, sal, emulgente E-471, sólidos de leche en polvo, conservante E-200 y E-330, aromas, colorante 160a, Vitamina A y D). Puede contener trazas de huevo, soja, frutos de cáscara, mostaza, sésamo, apio, pescado, crustáceos y moluscos. MINI SÁNDWICH DE CANGREJO: Pan Blanco (Harina de trigo, agua levadura, aceite de girasol, sal, vinagre, azúcar, emulsionante E-481, E-471, E-472, regulador de la acidez E-341i, harina de haba, conservantes E-200 y E-282), Mahonesa (aceite de soja, huevo, agua, vinagre, azúcar, sal, zumo de limón concentrado, aroma, antioxidante E-385 y colorante extracto de pimentón), Rallado Krissia 18% (proteína de pescado y cefalópodo, agua, aceite de girasol, almidón modificado y almidón, aromas y extracto de cangrejo, sal, albúmina de huevo, proteína vegetal, potenciador del sabor E-621, extracto de vino blanco, azúcar, colorantes naturales E-120 y extracto de pimentón), Lechuga y Carne de Cangrejo 2.4%. Puede contener trazas de lactosa, frutos de cáscara, mostaza, sésamo y  apio. MINI SANDWICH DE ATUN: Pan Blanco (Harina de trigo, agua, levadura, aceite de girasol, sal, vinagre, azúcar, emulsionante E-481,E-471,E-472,regulador de la acidez E-341i, harina de haba, conservante E-200, E-282) Atún 19%, Mahonesa (aceite de soja, huevo, agua, vinagre de vino, azúcar, sal, zumo de limón concentrado, aroma, antioxidante E-385 y colorante; extracto de pimentón), Huevo cocido,  Cebolla y Alcaparra ( acidulante E-260, endurecedor E-559, y antioxidante E-300). Puede contener trazas de lactosa,  frutos de cáscara, mostaza, sésamo, crustáceos, moluscos y apio. MINI SANDWICH DE BACON DOS QUESOS: Pan blanco (Harina de trigo, agua, levadura, aceite de girasol, sal, vinagre, azúcar, emulsionante E-481,E-471,E-472,regulador de la acidez E-341i, harina de haba, conservante E-200, E-282), Mahonesa (aceite de soja, huevo, agua, vinagre de vino, azúcar, sal, zumo de limón concentrado, aroma, antioxidante E-385 y colorante; extracto de pimentón), Bacon frito 19.5% (Panceta de cerdo, sal ,azúcar, dextrosa de maíz, leche en polvo, fécula de patata, proteína de soja,  estabilizadores E-451, E-407, potenciador del sabor E-621, antioxidante E-316 , conservador E-250, recubrimiento: gelatina comestible y E-200), Queso Edam 4%( colorante E-160b) , Queso Cheddar 4% (colorante E-160b). Puede contener trazas de frutos de cáscara, mostaza, sésamo, apio, pescado, crustáceos y moluscos. MINI SANDWICH DE PAVO: Pan blanco (Harina de trigo, agua, levadura, aceite de girasol, sal, vinagre, azúcar, emulsionante E-481,E-471,E-472,regulador de la acidez E-341i, harina de haba, conservante E-200, E-282), Pechuga de pavo 35%, (pechuga de pavo, agua, sal, proteína de soja, leche en polvo, fécula de patata, azúcar, dextrosa de maíz, y especias naturales, estabilizadores E-450, E-407, conservadores E-250, antioxidante E-316), Mahonesa (aceite de soja, huevo, agua, vinagre de vino, azúcar, sal, zumo de limón concentrado, aroma, antioxidante E-385 y colorante; extracto de pimentón),Lechuga y Mostaza (antioxidante E-224 y regulador de la acidez E-330). Puede contener trazas de frutos de cáscara, sésamo, apio, pescado, crustáceos y moluscos."],"conservation":" Conservación en frigorífico entre 0-4°C. Consumase una vez abierto.","ean":"8410662005602"},{"full_name":"TOPLIDER minisandwichs 6 unidades envase 250 g","name":"minisandwichs 6 unidades envase 250 g","brand":"TOPLIDER ","img":"https://sgfm.elcorteingles.es/SGFM/dctm/MEDIA03/201606/23/00118551403134____1__600x600.jpg","price":"3,99 €","price_unit":"(15,96 € / Kilo)","categories":["Supermercado","Alimentación General","Platos preparados","Empanadas y sandwiches","TOPLIDER minisandwichs 6 unidades envase 250 g"],"general_information":["Denominación del alimento: Minisándwiches","Nombre del operador: Ahumados Domínguez, S.A.)","Dirección del operador: Calle Parque Ferial, 17 Pol. Ind Urtinsa 28923 Alcorcón MADRID","Cantidad Neta: 250 g"],"ingredients":[" MINI SÁNDWICH DE JAMÓN COCIDO EXTRA Y QUESO Pan Blanco ( Harina de trigo, agua levadura , aceite de girasol, sal, vinagre, azúcar, emulsionante E-481, E-471, E-472, regulador de la acidez E-341i, harina de haba, conservantes E-200 y E-282), Jamón cocido 33% (jamón de cerdo, agua, sal, estabilizadores E-420, E-451, E-452, E-450, azúcar, gelificantes E-407, E-417, E-410, especias, aromas, antioxidante E-316, conservador E-250), Queso Edam 19.5% ( colorante E-160b) y Margarina (aceites y grasas vegetales, agua, sal, emulgente E-471, sólidos de leche en polvo, conservante E-200 y E-330, aromas, colorante 160a, Vitamina A y D). MINI SÁNDWICH DE CANGREJO Pan Blanco ( Harina de trigo, agua levadura , aceite de girasol, sal, vinagre, azúcar, emulsionante E-481, E-471, E-472, regulador de la acidez E-341i, harina de haba, conservantes E-200 y E-282), Mahonesa (aceite de soja, huevo, agua, vinagre, azúcar, sal, zumo de limón concentrado, aroma, antioxidante E-385 y colorante extracto de pimentón), Rallado Krissia 18% (proteína de pescado y cefalópodo, agua, aceite de girasol, almidón modificado y almidón, aromas y extracto de cangrejo, sal, albúmina de huevo, proteína vegetal, potenciador del sabor E-621, extracto de vino blanco, azúcar, colorantes naturales E-120 y extracto de pimentón), Lechuga y Carne de Cangrejo 2.4%. MINI SANDWICH DE ATUN Pan Blanco (Harina de trigo, agua, levadura, aceite de girasol, sal, vinagre, azúcar, emulsionante E-481,E-471,E-472,regulador de la acidez E-341i, harina de haba, conservante E-200, E-282) Atún 19%, Mahonesa (aceite de soja, huevo, agua, vinagre de vino, azúcar, sal, zumo de limón concentrado, aroma, antioxidante E-385 y colorante; extracto de pimentón), Huevo cocido,  Cebolla y Alcaparra ( acidulante E-260, endurecedor E-559, y antioxidante E-300). MINI SANDWICH DE BACON DOS QUESOS Pan blanco (Harina de trigo, agua, levadura, aceite de girasol, sal, vinagre, azúcar, emulsionante E-481,E-471,E-472,regulador de la acidez E-341i, harina de haba, conservante E-200, E-282), Mahonesa (aceite de soja, huevo, agua, vinagre de vino, azúcar, sal, zumo de limón concentrado, aroma, antioxidante E-385 y colorante; extracto de pimentón),Bacon frito 19.5% (Panceta de cerdo, sal ,azúcar, dextrosa de maíz, leche en polvo, fécula de patata, proteína de soja,  estabilizadores E-451, E-407, potenciador del sabor E-621, antioxidante E-316 , conservador E-250, recubrimiento: gelatina comestible y E-200), Queso Edam 4%( colorante E-160b) , Queso Cheddar 4% (colorante E-160b). Puede contener frutos de cáscara, apio, sésamo, moluscos y mostaza."],"conservation":" Conservación en frigorífico entre 1-4°C. Consumase una vez abierto.","ean":"8410662005626"},{"full_name":"TOPLIDER sandwich doble XXL bacon envase 265 g","name":"sandwich doble XXL bacon envase 265 g","brand":"TOPLIDER ","img":"https://sgfm.elcorteingles.es/SGFM/dctm/MEDIA02/CONTENIDOS/201507/15/00118551402995____1__600x600.jpg","price":"3,50 €","price_unit":"(13,21 € / Kilo)","categories":["Supermercado","Alimentación General","Platos preparados","Empanadas y sandwiches","TOPLIDER sandwich doble XXL bacon envase 265 g"],"general_information":["Denominación del alimento: Bocadillo de bacon","Nombre del operador: Ahumados Domínguez, S.A.)","Dirección del operador: Calle Parque Ferial, 17 Pol. Ind Urtinsa 28923 Alcorcón MADRID","Cantidad Neta: 265 g"],"ingredients":[" Pan Oroweat (harina integral de trigo, agua, azúcar, gluten de trigo, levadura, semillas de sésamo, aceite de oliva refinado, semilla de lino marrón, sal, conservadores E-481 y E-472e, salvado de soja, corrector de acidez E-341i), tomate 12%, lechuga 11,5%, bacon frito 11% (panceta de cerdo, sal, azúcar, dextrosa de maíz, leche en plovo, fécula de patata, proteína de soja, estabilizadores E-451 y E-407, potenciador del sabor E-621, antioxidante E-316, conservador E-250, recubrimiento [gelatina comentible y E-200]), mahonesa (aceite de soja, huevo, agua, vinagre, azúcar, sal, zumo de limón concentrado, aroma, antioxidante E-385 y colorante extracto de pimentón), queso Edam 5,3% (colorante E-160b), queso Cheddar 5,3% (colorante E-160b). Puede contener trazas de frutos de cáscara, mostaza, apio, pescado, crustáceos y/o moluscos."],"conservation":" Conservación en frigorífico entre 1-4°C. Consumase una vez abierto.","ean":"8410662005176"},{"full_name":"TOPLIDER sandwich doble XXL jamón extra vegetal envase 270 g","name":"sandwich doble XXL jamón extra vegetal envase 270 g","brand":"TOPLIDER ","img":"https://sgfm.elcorteingles.es/SGFM/dctm/MEDIA02/CONTENIDOS/201507/15/00118551402979____1__600x600.jpg","price":"3,50 €","price_unit":"(12,96 € / Kilo)","categories":["Supermercado","Alimentación General","Platos preparados","Empanadas y sandwiches","TOPLIDER sandwich doble XXL jamón extra vegetal envase 270 g"],"general_information":["Denominación del alimento: Bocadillo de jamón vegetal","Nombre del operador: Ahumados Domínguez, S.A.)","Dirección del operador: Calle Parque Ferial, 17 Pol. Ind Urtinsa 28923 Alcorcón MADRID","Cantidad Neta: 270 g"],"ingredients":[" Pan Oroweat (harina integral de trigo, agua, azúcar, gluten de trigo, levadura, semillas de sésamo, aceite de oliva refinado, semilla de lino marrón, sal, conservadores E-481 y E-472e, salvado de soja, corrector de acidez E-341i), jamón cocido 17,5% (jamón de cerdo, agua, sal, lactosa, dextrosa de maiz, azúcar, aromas, estabilizadores, E-451 y E-407, potenciador de sabor E-621, antioxidantes E-316 y conservador E-250), tomate, mahonesa (aceite de soja, huevo, agua, vinagre, azúcar, sal, zumo de limón concentrado, aroma, antioxidante E-385 y colorante extracto de pimentón), huevo y lechuga. Puede contener trazas de frutos de cáscara, apio, pescado, mostaza,  crustáceos y/o moluscos."],"conservation":" Conservación en frigorífico entre 1-4°C. Consumase una vez abierto.","ean":"8410662005152"},{"full_name":"TOPLIDER sandwich doble XXL salmón ahumado premium envase 255 g","name":"sandwich doble XXL salmón ahumado premium envase 255 g","brand":"TOPLIDER ","img":"https://sgfm.elcorteingles.es/SGFM/dctm/MEDIA02/CONTENIDOS/201507/15/00118551402987____1__600x600.jpg","price":"3,50 €","price_unit":"(12,96 € / Kilo)","categories":["Supermercado","Alimentación General","Platos preparados","Empanadas y sandwiches","TOPLIDER sandwich doble XXL salmón ahumado premium envase 255 g"],"general_information":["Denominación del alimento: Bocadillo de salmón","Nombre del operador: Ahumados Domínguez, S.A.)","Dirección del operador: Calle Parque Ferial, 17 Pol. Ind Urtinsa 28923 Alcorcón MADRID","Cantidad Neta: 255 g"],"ingredients":[" Pan Oroweat (harina integral de trigo, agua, azúcar, gluten de trigo, levadura, semillas de sésamo, aceite de oliva refinado, semilla de lino marrón, sal, conservadores E-481 y E-472e, salvado de soja, corrector de acidez E-341i), salmón ahumado 9,5%, (salmón, sal, azúcar y humo natural), mahonesa (aceite de soja, huevo, agua, vinagre, azúcar, sal, zumo de limón concentrado, aroma, antioxidante E-385 y colorante extracto de pimentón), huevo, lechuga, cebolla y alcaparras (acidulante E-260, endurecedor E-509 y antioxidante E-300). Puede contener trazas de frutos de cáscara, lactosa, mostaza, apio, crustáceos y/o moluscos."],"conservation":" Conservación en frigorífico entre 1-4°C. Consumase una vez abierto.","ean":"8410662005169"},{"full_name":"TOP LIDER sandwich de atún envase 160 g","name":"sandwich de atún envase 160 g","brand":"TOP LIDER ","img":"https://sgfm.elcorteingles.es/SGFM/dctm/MEDIA02/CONTENIDOS/201511/02/00202851400115____1__600x600.jpg","price":"2,60 €","price_unit":"(16,25 € / Kilo)","categories":["Supermercado","Alimentación General","Platos preparados","Empanadas y sandwiches","TOP LIDER sandwich de atún envase 160 g"],"general_information":["Denominación del alimento: Sandwich de atún","Nombre del operador: Ahumados Domínguez, S.A.)","Dirección del operador: Calle Parque Ferial, 17 Pol. Ind Urtinsa 28923 Alcorcón MADRID","Cantidad Neta: 160 g"],"ingredients":[" Pan Blanco (harina de trigo, agua levadura, azúcar, aceite de girasol, sal, emulgentes E-481, E-471, E-472e, conservadores E-282, E-200, vinagre de vino, corrector de acidez E-341, harina de soja), atún 22% (atún claro, aceite de girasol y sal), mahonesa  (aceite de soja, huevo, agua, vinagre, azúcar, sal, zumo de limón concentrado, aroma, antioxidante E-385 y colorante extracto de pimentón), huevo cocido, cebolla y alcaparra. Puede contener trazas de lactosa, soja, frutos de cáscara, mostaza, sésamo, crustáceos, moluscos y  apio."],"conservation":" Conservación en frigorífico entre 1-4°C. Consumase una vez abierto.","ean":"8410662005121"},{"full_name":"TOPLIDER sandwich club envase 190 g","name":"sandwich club envase 190 g","brand":"TOPLIDER ","img":"https://sgfm.elcorteingles.es/SGFM/dctm/MEDIA02/CONTENIDOS/201511/02/00202851400693____1__600x600.jpg","price":"2,60 €","price_unit":"(13,68 € / Kilo)","categories":["Supermercado","Alimentación General","Platos preparados","Empanadas y sandwiches","TOPLIDER sandwich club envase 190 g"],"general_information":["Denominación del alimento: Sandwich de pollo","Nombre del operador: Ahumados Domínguez, S.A.)","Dirección del operador: Calle Parque Ferial, 17 Pol. Ind Urtinsa 28923 Alcorcón MADRID","Cantidad Neta: 190 g"],"ingredients":[" Pan Blanco (harina de trigo, agua levadura ,sal, aceite de oliva, vinagre, emulgentes E-471, E-472, y conservador E-281), mahonesa, (aceite vegetal, huevo, agua, vinagre ,antioxidante E-385),  pollo asado 9.4% (antioxidantes E-325,E-331, proteína de leche y de soja, sal, lactosa, gelificante E-407a, estabilizante E-451 y aceite vegetal) , tomate 9.4%, bacon frito 5.8%  (panceta de cerdo, sal, azúcar, dextrosa de maíz, leche en polvo, fécula de patata, proteína de soja, estabilizadores E-450, E-407, potenciador del sabor E-621, antioxidante E-316, conservadores E-250,y recubrimiento[ gelatina comestible y E-200]) lechuga 5.4%, queso Cheddar 5.2% (colorante E-160b), huevo cocido 5.2%. Puede contener trazas de frutos de cáscara, mostaza, sésamo, pescado, crustáceos, moluscos y apio."],"conservation":" Conservación en frigorífico entre 1-4°C. Consumase una vez abierto.","ean":"8410662005404"},{"full_name":"TOPLIDER sandwich de atún vegetal envase 185 g","name":"sandwich de atún vegetal envase 185 g","brand":"TOPLIDER ","img":"https://sgfm.elcorteingles.es/SGFM/dctm/MEDIA03/201709/25/00118551400684____2__600x600.jpg","price":"2,60 €","price_unit":"(14,05 € / Kilo)","categories":["Supermercado","Alimentación General","Platos preparados","Empanadas y sandwiches","TOPLIDER sandwich de atún vegetal envase 185 g"],"general_information":["Denominación del alimento: Sandwich de atún y vegetal","Nombre del operador: Ahumados Domínguez, S.A.)","Dirección del operador: Calle Parque Ferial, 17 Pol. Ind Urtinsa 28923 Alcorcón MADRID","Cantidad Neta: 185 g"],"ingredients":[" Pan Blanco ( Harina de trigo, agua levadura ,sal, aceite de girasol, vinagre, azúcar,  emulsionante E-481, E-471, E-472, regulador de la acidez E-341i, harina de haba, conservantes E-200 y E-282), Atún 16%, Tomate, Lechuga,  Mahonesa (aceite de soja, huevo, agua, vinagre, azúcar, sal, zumo de limón concentrado, aroma, antioxidante E-385 y colorante extracto de pimentón), Huevo cocido, Cebolla y Alcaparra. Puede contener trazas de lactosa,mostaza,  frutos de cáscara, sésamo, apio, crustáceos y moluscos."],"conservation":" Conservación en frigorífico entre 0-4ºC. Consumase una vez abierto.","ean":"8410662005145"},{"full_name":"TOPLIDER sandwich de bacon envase 160 g","name":"sandwich de bacon envase 160 g","brand":"TOPLIDER ","img":"https://sgfm.elcorteingles.es/SGFM/dctm/MEDIA03/201709/25/00118551400080____2__600x600.jpg","price":"2,60 €","price_unit":"(16,25 € / Kilo)","categories":["Supermercado","Alimentación General","Platos preparados","Empanadas y sandwiches","TOPLIDER sandwich de bacon envase 160 g"],"general_information":["Denominación del alimento: Sandwich de bacon","Nombre del operador: Ahumados Domínguez, S.A.)","Dirección del operador: Calle Parque Ferial, 17 Pol. Ind Urtinsa 28923 Alcorcón MADRID","Cantidad Neta: 160 g"],"ingredients":[" Pan Blanco (Harina de trigo, agua levadura ,sal, aceite de oliva, vinagre, emulgentes E-471, E-472, y conservador E-281), Bacon frito 25% (Panceta de cerdo, sal ,azúcar, dextrosa de maíz, leche en polvo, fécula de patata, proteína de soja,  estabilizadores E-450, E-407, potenciador del sabor E-621, antioxidante E-316 , conservadores E-250, recubrimiento:  gelatina comestible y E-200), Mahonesa (aceite vegetal, huevo, agua, vinagre,  antioxidante E-385), Huevo cocido. Puede contener trazas de  frutos de cáscara, mostaza, sésamo, apio, pescado, crustáceos y moluscos."],"conservation":" Conservación en frigorífico entre 0-4ºC. Consumase una vez abierto.","ean":"8410662005367"},{"full_name":"TOPLIDER sandwich de cangrejo envase 160 g","name":"sandwich de cangrejo envase 160 g","brand":"TOPLIDER ","img":"https://sgfm.elcorteingles.es/SGFM/dctm/MEDIA02/CONTENIDOS/201511/02/00118551400049____1__600x600.jpg","price":"2,60 €","price_unit":"(16,25 € / Kilo)","categories":["Supermercado","Alimentación General","Platos preparados","Empanadas y sandwiches","TOPLIDER sandwich de cangrejo envase 160 g"],"general_information":["Denominación del alimento: Sandwich de cangrejo","Nombre del operador: Ahumados Domínguez, S.A.)","Dirección del operador: Calle Parque Ferial, 17 Pol. Ind Urtinsa 28923 Alcorcón MADRID","Cantidad Neta: 180 g"],"ingredients":[" Pan Blanco (harina de trigo, agua, levadura, azúcar, aceite de girasol, sal, emulgentes E-481, E-471, E-472e, conservadores E-282, E-200, vinagre de vino, corrector de acidez E-341, harina de soja), mahonesa  (aceite de soja, huevo, agua, vinagre, azúcar, sal, zumo de limón concentrado, aroma, antioxidante E-385 y colorante extracto de pimentón), rallado Krissia 18%(surimi [proteína de pescado y cefalópodo], agua, aceite de girasol, almidón modificado y almidón, aromas y extractos de cangrejo, sal, albúmina de huevo, proteína vegetal, potenciador del sabor E-621, extracto de vino blanco, azúcar, colorantes naturales E-120 y extracto de pimentón), lechuga y carne de cangrejo 1.2%. Puede contener trazas de soja, frutos de cáscara, mostaza, sésamo y  apio."],"conservation":" Conservación en frigorífico entre 1-4°C. Consumase una vez abierto.","ean":"8410662005138"},{"full_name":"TOPLIDER sandwich de tortilla de patata envase 270 g","name":"sandwich de tortilla de patata envase 270 g","brand":"TOPLIDER ","img":"https://sgfm.elcorteingles.es/SGFM/dctm/MEDIA03/201709/25/00118551403001____2__600x600.jpg","price":"1,99 €","price_unit":"(7,37 € / Kilo)","categories":["Supermercado","Alimentación General","Platos preparados","Empanadas y sandwiches","TOPLIDER sandwich de tortilla de patata envase 270 g"],"general_information":["Denominación del alimento: Sandwich de tortilla de patatas","Nombre del operador: Ahumados Domínguez, S.A.)","Dirección del operador: Calle Parque Ferial, 17 Pol. Ind Urtinsa 28923 Alcorcón MADRID","Cantidad Neta: 270 g"],"ingredients":[" Tortilla de patata pasteurizada 62% (patata, huevo pasteurizado, aceite de girasol, aceite de oliva y sal, pan blanco (harina de trigo, agua levadura ,azúcar, aceite de girasol, sal, emulgentes E-481, E-471 y E-472, conservantes E-200 y E-282, vinagre de vino, corrector de la acidez E-341, harina de soja), mahonesa (aceite de soja, huevo, agua, vinagre, azúcar, sal, zumo de limón concentrado, aroma, antioxidante E-385 y colorante extracto de pimentón). Puede contener trazas de frutos de cáscara, lactosa, mostaza, sésamo, apio, pescado, crustáceos y/o moluscos."],"conservation":" Conservación en frigorífico entre 1-4°C. Consumase una vez abierto.","ean":"8410662005497"},{"full_name":"CHACHY sandwich de cangrejo unidad 160 g","name":"sandwich de cangrejo unidad 160 g","brand":"CHACHY ","img":"https://sgfm.elcorteingles.es/SGFM/dctm/MEDIA02/CONTENIDOS/201511/16/00118551402862____1__600x600.jpg","price":"1,95 €","price_unit":"(12,19 € / Kilo)","categories":["Supermercado","Alimentación General","Platos preparados","Empanadas y sandwiches","CHACHY sandwich de cangrejo unidad 160 g"],"general_information":[],"ingredients":[],"ean":"8437015050010"},{"full_name":"CALIDAD ARTESANA mini ponches surtidos bandeja 3 unidades","name":"mini ponches surtidos bandeja 3 unidades","brand":"CALIDAD ARTESANA ","img":"https://sgfm.elcorteingles.es/SGFM/dctm/MEDIA02/CONTENIDOS/201512/04/00118552400014____1__600x600.jpg","price":"8,75 €            ","price_unit":"(19,16 € / Kilo)","categories":["Supermercado","Alimentación General","Platos preparados","Empanadas y sandwiches","CALIDAD ARTESANA mini ponches surtidos bandeja 3 unidades"],"general_information":["Denominación del alimento: Plato preparado refrigerado","País de origen: España"],"ingredients":[" Pan de molde ((harina de TRIGO, agua, levadura, aceites y grasas vegetales  (en proporción variable (palma, coco y girasol), aromas, colorante E-160 a), azúcar, sal, harina de haba, emulgentes (E-471, E-481, E-472e), estabilizante E-412, conservadores (E-282, E-200)), salsas (aceite de soja, HUEVO, puré de tomate, vinagre, azúcar, agua, jarabe de glucosa, sal, whisky, almidón, aromas, especias (MOSTAZA), zumo de limón, ANCHOA, aceites de oliva y de girasol, antioxidante E-385, extracto de pimentón), HUEVO cocido, SALMÓN ahumado, GAMBA cocida, ATÚN en aceite de girasol, LANGOSTINO cocido 28% (LANGOSTINO, sal, agua, potenciador del sabor E-621, acidulante E-330, conservadores E-202 y E-211), recubrimiento (agua, maltitol, estabilizantes (E-410, E-407, E-415), correctores de acidez E-575 y E-330, conservador E-202), tomate frito (tomate, aceite de girasol, sal, almidón, corrector de acidez E-330, azúcar), lechuga, zanahoria rallada, pepinillo, cebolla, alcaparra."],"ean":"0000024590587"},{"full_name":"CALIDAD ARTESANA supermixto envase 650 g","name":"supermixto envase 650 g","brand":"CALIDAD ARTESANA ","img":"https://sgfm.elcorteingles.es/SGFM/dctm/MEDIA03/201707/07/00118551501390____1__600x600.jpg","price":"5,95 €","categories":["Supermercado","Alimentación General","Platos preparados","Empanadas y sandwiches","CALIDAD ARTESANA supermixto envase 650 g"],"general_information":[],"ingredients":[],"ean":"0000024559782"},{"full_name":"CALIDAD ARTESANA ponche de langostinos pieza 750 g","name":"ponche de langostinos pieza 750 g","brand":"CALIDAD ARTESANA ","img":"https://sgfm.elcorteingles.es/SGFM/dctm/MEDIA02/CONTENIDOS/201511/30/00118551501200____1__600x600.jpg","price":"16,95 €","categories":["Supermercado","Alimentación General","Platos preparados","Empanadas y sandwiches","CALIDAD ARTESANA ponche de langostinos pieza 750 g"],"general_information":["Denominación del alimento: Plato preparado refrigerado","País de origen: España","Nombre del operador: Grupo El Corte Inglés","Dirección del operador: Calle Hermosilla 112 - 28009 Madrid - España","Cantidad Neta: 750 g","Otras menciones obligatorias en la etiqueta: Envasado en atmósfera protectora"],"ingredients":[" Pan de molde [harina de TRIGO, agua, levadura, azúcar, aceites y grasas vegetales  (en proporción variable (palma, coco y girasol), aromas, colorante E-160 a), sal, harina de haba, emulgentes (E-471, E-481, E-472e), estabilizador E-412, conservadores (E-282, E-200)], GAMBA cocida (18,8%), salsa coctel [aceite de soja, tomate, vinagre, azúcar, yema de HUEVO, jarabe de glucosa, whisky, sal, almidón, especias (MOSTAZA), aromas, ANCHOA, aceite de oliva, zumo de limón, aceite de girasol], mayonesa (aceite de soja, HUEVO, agua, vinagre de vino, azúcar, sal, zumo de limón, aromas, antioxidante E-385, extracto de pimentón), \nlangostino cocido 7,3% (LANGOSTINO, sal, agua, potenciador del sabor E-621, acidulante E-330, conservadores E-202 y E-211), yema de HUEVO rallada, gelatina de manzana [azúcar, zumo de manzana, jarabe de glucosa y de fructosa, agua, estabilizantes (E-406, E-415), correctores de acidez (E-331, E-330), gelificante E-440i, conservador E-200, aroma]."],"conservation":" CONSERVAR ENTRE 0º - 5º C","ean":"0000024563550"},{"full_name":"CALIDAD ARTESANA ponche de salmón pieza 700 g","name":"ponche de salmón pieza 700 g","brand":"CALIDAD ARTESANA ","img":"https://sgfm.elcorteingles.es/SGFM/dctm/MEDIA02/CONTENIDOS/201511/30/00118551501184____1__600x600.jpg","price":"16,95 €","price_unit":"(24,21 € / Kilo)","categories":["Supermercado","Alimentación General","Platos preparados","Empanadas y sandwiches","CALIDAD ARTESANA ponche de salmón pieza 700 g"],"general_information":["Denominación del alimento: Producto de repostería salada","País de origen: España","Nombre del operador: Grupo El Corte Inglés","Dirección del operador: Calle Hermosilla 112 - 28009 Madrid - España","Cantidad Neta: 700 g","Otras menciones obligatorias en la etiqueta: Envasado en atmósfera protectora"],"ingredients":[" Pan de molde [harina de TRIGO, agua, levadura, azúcar, aceites y grasas vegetales  (en proporción variable (palma, coco y girasol), aromas, colorante E-160 a), sal, harina de haba, emulgentes (E-471, E-481, E-472e), estabilizador E-412, conservadores (E-282, E-200)], mayonesa [aceite de girasol, agua, yema de HUEVO, estabilizantes (E-412, E-415, E-417), vinagre, sal, azúcar, conservador E-202, correctores de acidez E-270 y E-330, aroma], SALMÓN ahumado (13%), HUEVO cocido, recubrimiento [agua, maltitol, estabilizantes (E-410, E-407, E-415), correctores de acidez (E-575, E-330), azúcar, conservador E-202), cebolla, pepinillo, alcaparra."],"conservation":" CONSERVAR ENTRE 0 Y 4 ºC","ean":"0000024563888"},{"full_name":"CALIDAD ARTESANA ponche de verduras envase 600 g","name":"ponche de verduras envase 600 g","brand":"CALIDAD ARTESANA ","img":"https://sgfm.elcorteingles.es/SGFM/dctm/MEDIA03/201606/24/00118551500194____2__600x600.jpg","price":"11,95 €","categories":["Supermercado","Alimentación General","Platos preparados","Empanadas y sandwiches","CALIDAD ARTESANA ponche de verduras envase 600 g"],"general_information":["Denominación del alimento: Producto de repostería salada","País de origen: España","Nombre del operador: Grupo El Corte Inglés","Dirección del operador: Calle Hermosilla 112 - 28009 Madrid - España","Otras menciones obligatorias en la etiqueta: Envasado en atmósfera protectora"],"ingredients":[" Pan de molde [harina de TRIGO, agua, levadura, azúcar, aceites y grasas vegetales  (en proporción variable (palma, coco y girasol), aromas, colorante E-160 a), sal, harina de haba, emulgentes (E-471, E-481, E-472e), estabilizador E-412, conservadores (E-282, E-200)], HUEVO cocido, mayonesa (aceite de soja, HUEVO, agua, vinagre de vino, azúcar, sal, zumo de limón, aromas, antioxidante E-385, extracto de pimentón), ATÚN en aceite de girasol, tomate (10%), recubrimiento [agua, maltitol, estabilizantes (E-410, E-407, E-415), correctores de acidez (E-575, E-330), azúcar, conservador E-202], lechuga (3,4%), tomate frito (tomate, aceite de girasol, sal, almidón, corrector de acidez E-330, ajo y cebolla en polvo, azúcar), zanahoria (2,7%), sal."],"conservation":" CONSERVAR ENTRE 0º - 5º C","ean":"0000024563055"},{"full_name":"EL CORTE INGLES tortilla de patata fresca con cebolla envase 600 g","name":"tortilla de patata fresca con cebolla envase 600 g","brand":"EL CORTE INGLES ","img":"https://sgfm.elcorteingles.es/SGFM/dctm/MEDIA03/201604/04/00118851000614____1__600x600.jpg","price":"1,95 €","price_unit":"(3,25 € / Kilo)","categories":["Supermercado","Alimentación General","Platos preparados","Tortillas","EL CORTE INGLES tortilla de patata fresca con cebolla envase 600 g"],"general_information":["Denominación del alimento: COMIDA PREPARADA REFRIGERADA","Nombre del operador: Elaborado para El Corte Inglés \npor  Grupo Empresarial Palacios Alimentación, S.A.\nCtra. Logroño s/n \n26120 Albelda de Iregua - La Rioja\nEspaña","Cantidad Neta: 600 g","Número de raciones por envase: 4"],"ingredients":[" INGREDIENTES: patata (40%), huevo líquido pasteurizado (33%), cebolla frita (12%)(cebolla, aceite de oliva virgen y sal), aceite de girasol, aceite de oliva (4%), sal, huevo en polvo, estabilizantes (E-410 y E-415 ), almidones modificados, conservador (E-262ii), fermentos, dextrina, aroma de cebolla y acidulante (E-330)."],"conservation":" Mantener entre 0ºC y 4ºC.\nUna vez abierto, mantener siempre en refrigeración y consumir antes de 24 horas","ean":"8433329071086"},{"full_name":"EL CORTE INGLES tortilla de patata fresca sin cebolla envase 600 g","name":"tortilla de patata fresca sin cebolla envase 600 g","brand":"EL CORTE INGLES ","img":"https://sgfm.elcorteingles.es/SGFM/dctm/MEDIA03/201604/04/00118851000622____1__600x600.jpg","price":"1,95 €","price_unit":"(3,25 € / Kilo)","categories":["Supermercado","Alimentación General","Platos preparados","Tortillas","EL CORTE INGLES tortilla de patata fresca sin cebolla envase 600 g"],"general_information":["Denominación del alimento: COMIDA PREPARADA REFRIGERADA","Nombre del operador: Elaborado para El Corte Inglés por  \nGrupo Empresarial Palacios Alimentación, S.A.U.\nCtra. Logroño s/n \n26120 Albelda de Iregua - La Rioja\nEspaña","Cantidad Neta: 600 g","Número de raciones por envase: 4"],"ingredients":[" INGREDIENTES: patata (45%), huevo líquido pasteurizado (38%), aceite de girasol, aceite de oliva (4%), sal, huevo en polvo, estabilizantes ( E-410 y E-415), almidones modificados, conservador (E-262ii), fermentos, dextrina y acidulante (E-330)."],"conservation":" Mantener entre 0ºC y 4ºC.\nUna vez abierto, mantener siempre en refrigeración y consumir antes de 24 horas","ean":"8433329071093"},{"full_name":"HELIOS Torti-ya preparado para tortilla de patata con cebolla frasco 390 g neto escurrido","name":"Torti-ya preparado para tortilla de patata con cebolla frasco 390 g neto escurrido","brand":"HELIOS ","img":"https://sgfm.elcorteingles.es/SGFM/dctm/MEDIA03/201606/22/00118029902519____1__600x600.jpg","price":"3,70 €","price_unit":"(9,49 € / Kilo)","categories":["Supermercado","Alimentación General","Platos preparados","Tortillas","HELIOS Torti-ya preparado para tortilla de patata con cebolla frasco 390 g neto escurrido"],"general_information":["Denominación del alimento: Preparado para tortilla de patata con cebolla","Nombre del operador: DULCES Y CONSERVAS HELIOS S.A.","Dirección del operador: Carretera de Salamanca, nº44, 47195 Arroyo de la Encomienda","Cantidad Neta: 550 g","Peso neto escurrido: 390 g"],"ingredients":[" Patata*, cebolla, aceite de girasol, aceite de oliva, sal * contiene sulfitos"],"conservation":" Conservese en lugar fresco y seco. Una vez abierto conservesé en el frigorifico","ean":"8410095506127"},{"full_name":"COREN tortilla de patata de huevos de corral envase 500 g","name":"tortilla de patata de huevos de corral envase 500 g","brand":"COREN ","img":"https://sgfm.elcorteingles.es/SGFM/00/25/9/0118851000259/0118851000259000g01011.jpg","price":"2,82 €","price_unit":"(5,64 € / Kilo)","categories":["Supermercado","Alimentación General","Platos preparados","Tortillas","COREN tortilla de patata de huevos de corral envase 500 g"],"general_information":[],"ingredients":[],"ean":"8412406015595"},{"full_name":"PALACIOS tortilla fresca con cebolla envase 850 g","name":"tortilla fresca con cebolla envase 850 g","brand":"PALACIOS ","img":"https://sgfm.elcorteingles.es/SGFM/dctm/MEDIA03/201706/14/00118851000655____1__600x600.jpg","price":"4,99 €","categories":["Supermercado","Alimentación General","Platos preparados","Tortillas","PALACIOS tortilla fresca con cebolla envase 850 g"],"general_information":["Denominación del alimento: Comida preparada refrigerada","Nombre del operador: Grupo Empresarial Palacios Alimentación S.A.U.","Dirección del operador: Ctra. de Logroño S/N 26120, Albelda de Iregua (La Rioja) España","Cantidad Neta: 850 g","Otras menciones obligatorias en la etiqueta: Envasado en atmósfera protectora. Una vez abierto el producto, conservar en refrigeración y consumir en menos de 24 horas."],"ingredients":[" Ingredientes: Patata (49%), huevo líquido pasteurizado (26%), cebolla frita (18%) (cebolla, aceite de girasol, zumo de limón y sal), aceite de girasol, aceite de oliva virgen extra (3%), sal, extractos de fermentos lácticos, levaduras y estabilizantes (carragenano, goma garrofín y goma xantana). Contiene huevo"],"conservation":" Mantener entre 0ºC y 4ºC","ean":"8420878590984"},{"full_name":"PALACIOS tortilla fresca con cebolla envase 650 g","name":"tortilla fresca con cebolla envase 650 g","brand":"PALACIOS ","img":"https://sgfm.elcorteingles.es/SGFM/dctm/MEDIA03/201706/14/00118851000663____1__600x600.jpg","price":"3,69 €","categories":["Supermercado","Alimentación General","Platos preparados","Tortillas","PALACIOS tortilla fresca con cebolla envase 650 g"],"general_information":["Denominación del alimento: Comida preparada refrigerada","Nombre del operador: Grupo Empresarial Palacios Alimentación S.A.U.","Dirección del operador: Ctra. de Logroño S/N 26120, Albelda de Iregua (La Rioja) España","Cantidad Neta: 650 g","Otras menciones obligatorias en la etiqueta: Envasado en atmósfera protectora. Una vez abierto el producto, conservar en refrigeración y consumir en menos de 24 horas."],"ingredients":[" Ingredientes: Patata (49%), huevo líquido pasteurizado (26%), cebolla frita (18%) (cebolla, aceite de girasol, zumo de limón y sal), aceite de girasol, aceite de oliva virgen extra (3%), sal, extractos de fermentos lácticos, levaduras y estabilizantes (carragenano, goma garrofín y goma xantana). Contiene huevo"],"conservation":" Mantener entre 0ºC y 4ºC","ean":"8420878590991"},{"full_name":"PALACIOS tortilla fresca con cebolla envase 300 g","name":"tortilla fresca con cebolla envase 300 g","brand":"PALACIOS ","img":"https://sgfm.elcorteingles.es/SGFM/dctm/MEDIA03/201706/14/00118851000697____1__600x600.jpg","price":"1,99 €","categories":["Supermercado","Alimentación General","Platos preparados","Tortillas","PALACIOS tortilla fresca con cebolla envase 300 g"],"general_information":["Denominación del alimento: Comida preparada refrigerada","Nombre del operador: Grupo Empresarial Palacios Alimentación S.A.U.","Dirección del operador: Ctra. de Logroño S/N 26120, Albelda de Iregua (La Rioja) España","Cantidad Neta: 300 g","Otras menciones obligatorias en la etiqueta: Envasado en atmósfera protectora. Una vez abierto el producto, conservar en refrigeración y consumir en menos de 24 horas."],"ingredients":[" Ingredientes: Patata (49%), huevo líquido pasteurizado (26%), cebolla frita (18%) (cebolla, aceite de girasol, zumo de limón y sal), aceite de girasol, aceite de oliva virgen extra (3%), sal, extractos de fermentos lácticos, levaduras y estabilizantes (carragenano, goma garrofín y goma xantana). Contiene huevo"],"conservation":" Mantener entre 0ºC y 4ºC","ean":"8420878591028"},{"full_name":"PALACIOS tortilla fresca con espinacas envase 650 g","name":"tortilla fresca con espinacas envase 650 g","brand":"PALACIOS ","img":"https://sgfm.elcorteingles.es/SGFM/dctm/MEDIA03/201706/14/00118851000689____1__600x600.jpg","price":"4,19 €","categories":["Supermercado","Alimentación General","Platos preparados","Tortillas","PALACIOS tortilla fresca con espinacas envase 650 g"],"general_information":["Denominación del alimento: Comida preparada refrigerada","Nombre del operador: Grupo Empresarial Palacios Alimentación S.A.U.","Dirección del operador: Ctra. de Logroño S/N 26120, Albelda de Iregua (La Rioja) España","Cantidad Neta: 650 g","Otras menciones obligatorias en la etiqueta: Envasado en atmósfera protectora. Una vez abierto el producto, conservar en refrigeración y consumir en menos de 24 horas."],"ingredients":[" Ingredientes: Patata (44%), huevo líquido pasteurizado (28%), espinaca (12%), cebolla frita (8%) [cebolla, aceite de girasol, zumo de limón y sal], aceite de girasol, aceite de oliva virgen extra (3%), sal, extractos de fermentos lácticos, levaduras y estabilizantes (carragenano, goma garrofín y goma xantana). Contiene huevo"],"conservation":" Mantener entre 0ºC y 4ºC","ean":"8420878591011"},{"full_name":"PALACIOS tortilla fresca con espinacas envase 300 g","name":"tortilla fresca con espinacas envase 300 g","brand":"PALACIOS ","img":"https://sgfm.elcorteingles.es/SGFM/dctm/MEDIA03/201706/14/00118851000713____1__600x600.jpg","price":"1,99 €","categories":["Supermercado","Alimentación General","Platos preparados","Tortillas","PALACIOS tortilla fresca con espinacas envase 300 g"],"general_information":["Denominación del alimento: Comida preparada refrigerada","Nombre del operador: Grupo Empresarial Palacios Alimentación S.A.U.","Dirección del operador: Ctra. de Logroño S/N 26120, Albelda de Iregua (La Rioja) España","Cantidad Neta: 300 g","Otras menciones obligatorias en la etiqueta: Envasado en atmósfera protectora. Una vez abierto el producto, conservar en refrigeración y consumir en menos de 24 horas."],"ingredients":[" Ingredientes: Patata (44%), huevo líquido pasteurizado (28%), espinaca (12%), cebolla frita (8%) [cebolla, aceite de girasol, zumo de limón y sal], aceite de girasol, aceite de oliva virgen extra (3%), sal, extractos de fermentos lácticos, levaduras y estabilizantes (carragenano, goma garrofín y goma xantana). Contiene huevo"],"conservation":" Mantener entre 0ºC y 4ºC","ean":"8420878591042"},{"full_name":"PALACIOS tortilla fresca sin cebolla envase 650 g","name":"tortilla fresca sin cebolla envase 650 g","brand":"PALACIOS ","img":"https://sgfm.elcorteingles.es/SGFM/dctm/MEDIA03/201706/14/00118851000671____1__600x600.jpg","price":"3,69 €","categories":["Supermercado","Alimentación General","Platos preparados","Tortillas","PALACIOS tortilla fresca sin cebolla envase 650 g"],"general_information":["Denominación del alimento: Comida preparada refrigerada","Nombre del operador: Grupo Empresarial Palacios Alimentación S.A.U.","Dirección del operador: Ctra. de Logroño S/N 26120, Albelda de Iregua (La Rioja) España","Cantidad Neta: 650 g","Otras menciones obligatorias en la etiqueta: Envasado en atmósfera protectora. Una vez abierto el producto, conservar en refrigeración y consumir en menos de 24 horas."],"ingredients":[" Ingredientes: Patata (61%), huevo líquido pasteurizado (30%), aceite de girasol, aceite de oliva virgen extra (3%), sal, extractos de fermentos lácticos, levaduras y estabilizantes: carragenano, goma garrofín y goma xantana. Contiene huevo"],"conservation":" Mantener entre 0ºC y 4ºC","ean":"8420878591004"},{"full_name":"PALACIOS tortilla fresca sin cebolla envase 300 g","name":"tortilla fresca sin cebolla envase 300 g","brand":"PALACIOS ","img":"https://sgfm.elcorteingles.es/SGFM/dctm/MEDIA03/201706/14/00118851000705____1__600x600.jpg","price":"1,99 €","categories":["Supermercado","Alimentación General","Platos preparados","Tortillas","PALACIOS tortilla fresca sin cebolla envase 300 g"],"general_information":["Denominación del alimento: Comida preparada refrigerada","Nombre del operador: Grupo Empresarial Palacios Alimentación S.A.U.","Dirección del operador: Ctra. de Logroño S/N 26120, Albelda de Iregua (La Rioja) España","Cantidad Neta: 300 g","Otras menciones obligatorias en la etiqueta: Envasado en atmósfera protectora. Una vez abierto el producto, conservar en refrigeración y consumir en menos de 24 horas."],"ingredients":[" Ingredientes: Patata (61%), huevo líquido pasteurizado (30%), aceite de girasol, aceite de oliva virgen extra (3%), sal, extractos de fermentos lácticos, levaduras y estabilizantes (carragenano, goma garrofín y goma xantana). Contiene huevo"],"conservation":" Mantener entre 0ºC y 4ºC","ean":"8420878591035"},{"full_name":"PALACIOS tortilla de patata con cebolla envase 200 g","name":"tortilla de patata con cebolla envase 200 g","brand":"PALACIOS ","img":"https://sgfm.elcorteingles.es/SGFM/dctm/CONTENIDOS/201511/24/00118851000580____1__600x600.jpg","price":"1,20 €","price_unit":"(6 € / Kilo)","categories":["Supermercado","Alimentación General","Platos preparados","Tortillas","PALACIOS tortilla de patata con cebolla envase 200 g"],"general_information":["Denominación del alimento: Comida preparada refrigerada","Nombre del operador: Grupo Empresarial Palacios Alimentación, S.A","Dirección del operador: Ctra de Logroño s/n 26120, Albelda de Iregua (La Rioja) España","Cantidad Neta: 200 g"],"ingredients":[" Patata frita (50%) (patata y aceite de girasol), huevo líquido pasteurizado, cebolla frita(10%)(cebolla, aceite de oliva virgen y sal), aceite de girasol, sal, huevo en polvo, estabilizantes (E-407, E-410, E-415 y E-508), almidones modificados,  maltodextrina, aceite de oliva y acidulante (E-330). Contiene huevo."],"conservation":" Conservar entre 0ºC y 4ºC. Una vez abierto el envase, mantener en refrigeración y consumir en menso de 24 horas","ean":"8420878014855"},{"full_name":"PALACIOS tortilla de patata sin cebolla envase 200 g","name":"tortilla de patata sin cebolla envase 200 g","brand":"PALACIOS ","img":"https://sgfm.elcorteingles.es/SGFM/dctm/MEDIA03/201604/26/00118851000606____1__600x600.jpg","price":"1,20 €","price_unit":"(6 € / Kilo)","categories":["Supermercado","Alimentación General","Platos preparados","Tortillas","PALACIOS tortilla de patata sin cebolla envase 200 g"],"general_information":["Denominación del alimento: Comida preparada refrigerada","Nombre del operador: Grupo Empresarial Palacios Alimentación, S.A","Dirección del operador: Ctra de Logroño s/n 26120, Albelda de Iregua (La Rioja) España","Cantidad Neta: 200 g"],"ingredients":[" Patata (56%), huevo líquido pasteurizado,  aceite de girasol, sal, huevo en polvo, estabilizantes (E-407, E-410, E-415 y E-508), almidones modificados, maltodextrina , aceite de oliva y acidulante (E-330). Contiene huevo."],"conservation":" Conservar entre 0ºC y 4ºC. Una vez abierto el envase, mantener en refrigeración y consumir en menso de 24 horas","ean":"8420878018655"},{"full_name":"PALACIOS tortilla de patata con pimientos envase 500 g","name":"tortilla de patata con pimientos envase 500 g","brand":"PALACIOS ","img":"https://sgfm.elcorteingles.es/SGFM/dctm/MEDIA03/201611/10/00118851000564____2__600x600.jpg","price":"2,49 €","price_unit":"(4,98 € / Kilo)","categories":["Supermercado","Alimentación General","Platos preparados","Tortillas","PALACIOS tortilla de patata con pimientos envase 500 g"],"general_information":["Denominación del alimento: Plato preparado refrigerado","Nombre del operador: Grupo Empresarial Palacios Alimentación, S.A","Dirección del operador: Ctra de Logroño s/n 26120 Albelda de Iregua (La Rioja)","Cantidad Neta: 500 g"],"ingredients":[" Patata (47,8%), huevo líquido pasteurizado, pimiento (14%) [pimiento, agua, sal y acidulante (E-330)], aceite de girasol, sal, huevo en polvo, estabilizantes (E-407, E-410, E-415 y E-508), almidones modificados, maltodextrina y aceite de oliva. CONTENIDO EN ALÉRGENOS: Contiene huevo. Contenido en gluten < 10 ppm|"],"conservation":" Conservar en refrigeración entre 0 y 4 °C.  Una vez abierto el envase, mantener en refrigeración y consumir antes de 24 horas.","ean":"8420878014992"},{"full_name":"PALACIOS tortilla de patata con chorizo envase 500 g","name":"tortilla de patata con chorizo envase 500 g","brand":"PALACIOS ","img":"https://sgfm.elcorteingles.es/SGFM/dctm/MEDIA03/201704/11/00118851000572____7__600x600.jpg","price":"2,49 €","price_unit":"(4,98 € / Kilo)","categories":["Supermercado","Alimentación General","Platos preparados","Tortillas","PALACIOS tortilla de patata con chorizo envase 500 g"],"general_information":["Denominación del alimento: Plato preparado refrigerado","Nombre del operador: Grupo Empresarial Palacios Alimentación, S.A","Dirección del operador: Ctra de Logroño s/n 26120 Albelda de Iregua (La Rioja)","Cantidad Neta: 500 g"],"ingredients":[" Patata (49%), huevo líquido pasteurizado, chorizo (11,8%) (carne de cerdo, pimentón, sal y ajo), aceite de girasol, sal, huevo en polvo, estabilizantes (E-407, E-410, E-415 y E-508), almidones modificados, maltodextrina y aceite de oliva. CONTENIDO EN ALÉRGENOS: Contiene huevo. Contenido en gluten < 10 ppm|"],"conservation":" Conservar en refrigeración entre 0 y 4 °C.  Una vez abierto el envase, mantener en refrigeración y consumir antes de 24 horas.","ean":"8420878020351"},{"full_name":"IBSA Torti-ya preparado de patata para tortilla frasco 350 g","name":"Torti-ya preparado de patata para tortilla frasco 350 g","brand":"IBSA ","img":"https://sgfm.elcorteingles.es/SGFM/dctm/MEDIA03/201704/06/00118029903335____1__600x600.jpg","price":"1,99 €","price_unit":"(5,69 € / Kilo)","categories":["Supermercado","Alimentación General","Platos preparados","Tortillas","IBSA Torti-ya preparado de patata para tortilla frasco 350 g"],"general_information":[],"ingredients":[],"ean":"8412464080108"},{"full_name":"EL CORTE INGLES pimientos del piquillo rellenos de salmón estuche 230 g","name":"pimientos del piquillo rellenos de salmón estuche 230 g","brand":"EL CORTE INGLES ","img":"https://sgfm.elcorteingles.es/SGFM/dctm/MEDIA03/201604/26/00118080900121____2__600x600.jpg","price":"1,89 €            ","price_unit":"(8,04 € / Kilo)","categories":["Supermercado","Alimentación General","Platos preparados","Pimientos rellenos","EL CORTE INGLES pimientos del piquillo rellenos de salmón estuche 230 g"],"general_information":["Denominación del alimento: Pimientos del Piquillo rellenos de salmón.\nIngredientes: Pimientos (45%), agua, $salmón$ (10%), harina de maíz, aceite de oliva (3%), $leche$ de vaca, tomate, cebolla, vino blanco, almidón modificado de maíz, sal, ajo y azúcar","Nombre del operador: Elaborado para El Corte Inglés \npor Bajamar, S.A. \nCtra. Sangüesa, s/n. \n31310 Carcastillo (Navarra) \nEspaña","Lugar de procedencia del alimento: Producto de España","Cantidad Neta: 230 g","Número de raciones por envase: 2.0"],"ingredients":[" Pimientos del Piquillo rellenos de salmón.\nIngredientes: Pimientos (45%), agua, salmón (10%), harina de maíz, aceite de oliva (3%), leche de vaca, tomate, cebolla, vino blanco, almidón modificado de maíz, sal, ajo y azúcar Puede contener"],"conservation":" Conservar en lugar fresco y seco. Una vez abierto, mantener refrigerado un máximo de 48 h.","ean":"8433329014076"},{"full_name":"EL CORTE INGLES pimientos del piquillo rellenos de bacalao estuche 230 g","name":"pimientos del piquillo rellenos de bacalao estuche 230 g","brand":"EL CORTE INGLES ","img":"https://sgfm.elcorteingles.es/SGFM/dctm/MEDIA03/201604/26/00118080900097____2__600x600.jpg","price":"1,89 €            ","price_unit":"(8,04 € / Kilo)","categories":["Supermercado","Alimentación General","Platos preparados","Pimientos rellenos","EL CORTE INGLES pimientos del piquillo rellenos de bacalao estuche 230 g"],"general_information":["Nombre del operador: Elaborado para El Corte Inglés \npor Bajamar, S.A. \nCtra. Sangüesa, s/n. \n31310 Carcastillo (Navarra) \nEspaña","Lugar de procedencia del alimento: Producto de España","Cantidad Neta: 230 g","Número de raciones por envase: 2.0"],"ingredients":[" Ingredientes: Pimientos (45%), agua, bacalao (18%), aceite de oliva (5%), harina de maíz, leche de vaca, tomate, cebolla, almidón modificado de maíz, sal, vino blanco y ajo."],"conservation":" Conservar en lugar fresco y seco. Una vez abierto, mantener refrigerado un máximo de 48 h.","ean":"8433329014045"},{"full_name":"EL CORTE INGLES pimientos del piquillo rellenos de carne y jamón estuche 230 g","name":"pimientos del piquillo rellenos de carne y jamón estuche 230 g","brand":"EL CORTE INGLES ","img":"https://sgfm.elcorteingles.es/SGFM/dctm/MEDIA03/201604/26/00118080900105____2__600x600.jpg","price":"1,89 €            ","price_unit":"(8,04 € / Kilo)","categories":["Supermercado","Alimentación General","Platos preparados","Pimientos rellenos","EL CORTE INGLES pimientos del piquillo rellenos de carne y jamón estuche 230 g"],"general_information":["Denominación del alimento: Pimientos del Piquillo rellenos de carne y jamón.\nIngredientes: Pimientos (45%), agua, carne de cerdo y ternera (13%), aceite de oliva (4%), harina de maíz, $leche$ de vaca, tomate, jamón (1%), cebolla, sal, vino blanco, almidón modificado de maíz, caldo de ternera natural, ajo y azúcar.","Nombre del operador: Elaborado para El Corte Inglés \npor Bajamar, S.A. \nCtra. Sangüesa, s/n. \n31310 Carcastillo (Navarra) \nEspaña","Lugar de procedencia del alimento: Producto de España","Cantidad Neta: 230 g","Número de raciones por envase: 2.0"],"ingredients":[" Pimientos del Piquillo rellenos de carne y jamón.\nIngredientes: Pimientos (45%), agua, carne de cerdo y ternera (13%), aceite de oliva (4%), harina de maíz, leche de vaca, tomate, jamón (1%), cebolla, sal, vino blanco, almidón modificado de maíz, caldo de ternera natural, ajo y azúcar."],"conservation":" Conservar en lugar fresco y seco. Una vez abierto, mantener refrigerado un máximo de 48 h.","ean":"8433329014052"},{"full_name":"EL CORTE INGLES pimientos del piquillo rellenos de gambas y merluza estuche 230 g","name":"pimientos del piquillo rellenos de gambas y merluza estuche 230 g","brand":"EL CORTE INGLES ","img":"https://sgfm.elcorteingles.es/SGFM/dctm/MEDIA03/201605/11/00118080900113____2__600x600.jpg","price":"1,89 €            ","price_unit":"(8,04 € / Kilo)","categories":["Supermercado","Alimentación General","Platos preparados","Pimientos rellenos","EL CORTE INGLES pimientos del piquillo rellenos de gambas y merluza estuche 230 g"],"general_information":["Nombre del operador: Elaborado para El Corte Inglés \npor Bajamar, S.A. \nCtra. Sangüesa, s/n. \n31310 Carcastillo (Navarra) \nEspaña","Lugar de procedencia del alimento: Producto de España","Cantidad Neta: 230 g","Número de raciones por envase: 2.0"],"ingredients":[" Ingredientes: Pimientos (45%), merluza y gamba (20%), agua, aceite de oliva (5%), harina de maíz, leche de vaca, tomate, cebolla, sal, vino blanco, almidón modificado de maíz, caldo de pescado natural, ajo y azúcar."],"conservation":" Conservar en lugar fresco y seco. Una vez abierto, mantener refrigerado un máximo de 48 h.","ean":"8433329014069"},{"full_name":"CARRETILLA pimientos del piquillo rellenos de marisco estuche 280 g","name":"pimientos del piquillo rellenos de marisco estuche 280 g","brand":"CARRETILLA ","img":"https://sgfm.elcorteingles.es/SGFM/dctm/MEDIA03/201607/13/00118080900154____2__600x600.jpg","price":"2,50 €","price_unit":"(8,93 € / Kilo)","categories":["Supermercado","Alimentación General","Platos preparados","Pimientos rellenos","CARRETILLA pimientos del piquillo rellenos de marisco estuche 280 g"],"general_information":["Denominación del alimento: Pimientos del piquillo rellenos de marisco","Nombre del operador: Ind. Alim. de Navarra, S.A.U.","Dirección del operador: Pol.Peñalfons, s/n. 31330 Villafranca. Navarra - España","Cantidad Neta: 280 g","Número de raciones por envase: 4","Otras menciones obligatorias en la etiqueta: Envasado en atmósfera protectora."],"ingredients":[" Pimientos del piquillo (31%), relleno (29%) (crustáceos, pescado, molusco y lácteo) y salsa (lácteos). Relleno: agua, marisco 17%, [carne de buey de mar (crustáceo), de gamba y de mejillón (molusco)], merluza (pescado), cebolla, zanahoria, almidón modificado de maíz, aceite de girasol, preparado lácteo en polvo [nata, leche desnatada y estabilizante (E-450)], sal, ajo, tomate concentrado, especias y estabilizante (carragenato). Salsa: agua, pimiento del piquillo, cebolla, preparado lácteo en polvo [nata, leche desnatada y estabilizante (E-450)], aceite de girasol, almidón modificado de maíz, tomate concentrado, sal, azúcar y ajo. Contiene crustáceos, pescado, leche y derivados y moluscos. Puede contener trazas de huevo, soja, apio y mostaza."],"conservation":" No necesita frio para su conservación. Conservar en ambiente fresco y seco.","ean":"8410416001942"},{"full_name":"CARRETILLA pimientos del piquillo rellenos de bacalao y gambas envase 280 g","name":"pimientos del piquillo rellenos de bacalao y gambas envase 280 g","brand":"CARRETILLA ","img":"https://sgfm.elcorteingles.es/SGFM/dctm/MEDIA03/201607/13/00118080900204____2__600x600.jpg","price":"2,68 €","price_unit":"(9,57 € / Kilo)","categories":["Supermercado","Alimentación General","Platos preparados","Pimientos rellenos","CARRETILLA pimientos del piquillo rellenos de bacalao y gambas envase 280 g"],"general_information":["Denominación del alimento: Pimientos del piquillo rellenos de bacalao y gambas","Nombre del operador: Ind. Alim. de Navarra, S.A.U.","Dirección del operador: Pol.Peñalfons, s/n. 31330 Villafranca. Navarra - España","Cantidad Neta: 280 g","Otras menciones obligatorias en la etiqueta: Envasado en atmósfera protectora."],"ingredients":[" Pimientos del piquillo (31%). Relleno (29%) (pescado, lácteos y crustáceos) y salsa. INGREDIENTES DEL RELLENO: Agua, bacalao (12%), cebolla, zanahoria, merluza, almidón modificado de maíz, aceite de girasol, preparado lácteo en polvo [nata, leche desnatada y estabilizante (E-450)], gambas (1.5%) [gamba y estabilizantes (E-451 y E-452)], vino blanco, ajo, sal, aroma, especias y estabilizante (carragenato). INGREDIENTES DE LA SALSA: Agua, preparado lácteo en polvo [nata, leche desnatada y estabilizante (E-450)], pimiento del piquillo, cebolla, aceite de girasol, almidón modificado de maíz, tomate concentrado, ajo, sal y azúcar. Contiene crustáceos, pescado y leche y derivados. Puede contener trazas de: huevo, soja, apio, moluscos y mostaza."],"conservation":" No necesita frío para su conservación. Conservar en ambiente fresco y seco.","ean":"8410416004899"},{"full_name":"DIE KASEMACHER pimientos rellenos de queso fresco frasco 240 g","name":"pimientos rellenos de queso fresco frasco 240 g","brand":"DIE KASEMACHER ","img":"https://sgfm.elcorteingles.es/SGFM/00/19/6/0118080900196/0118080900196000g01011.jpg","price":"4,15 €","price_unit":"(17,29 € / Kilo)","categories":["Supermercado","Alimentación General","Platos preparados","Pimientos rellenos","DIE KASEMACHER pimientos rellenos de queso fresco frasco 240 g"],"general_information":["Denominación del alimento: PEPPERSWEET. Pimientos dulces rellenos de preparación de queso fresco min. 40% M.G./E.S. en aceite de colza, pasteurizado","País de origen: Austria","Nombre del operador: Casa Westfalia, S.A.","Dirección del operador: C/ Dels Roures 4, Polígono Industrial V2 - 17111 Vulpellac (Girona)","Cantidad Neta: 250 g","Peso neto escurrido: 140 g"],"ingredients":[" 44% aceite de colza, 30% de pimientos dulces, 26% queso fresco de leche pasteurizada de vaca (espesante: goma guar, almidón modificado), sal de mesa, especias. Coservar en un lugar fresco y seco. Una ves abierto, conservar en frío y consumir en 3 días."],"conservation":" Mantener en lugar fresco y seco","ean":"0000090364013"},{"full_name":"MAMIA pimientos de piquillo rellenos de merluza con gambas estuche 230 g","name":"pimientos de piquillo rellenos de merluza con gambas estuche 230 g","brand":"MAMIA ","img":"https://sgfm.elcorteingles.es/SGFM/00/07/1/0118080900071/0118080900071000g01011.jpg","price":"3,35 €","price_unit":"(14,57 € / Kilo)","categories":["Supermercado","Alimentación General","Platos preparados","Pimientos rellenos","MAMIA pimientos de piquillo rellenos de merluza con gambas estuche 230 g"],"general_information":["Denominación del alimento: Pimientos del piquillo rellenos de Merluza con Gambas","Nombre del operador: Bajamar S.A.","Dirección del operador: Ctra. Sangüesa, s/n. 31310 Carcastillo (Navarra)","Lugar de procedencia del alimento: España.","Cantidad Neta: 230 g"],"ingredients":[" Pimientos (45%), merluza y gamba (20%), harina de maíz, aceite de oliva (5%), leche de vaca, cebolla, tomate, sal, caldo de pescado natural, vino blanco y ajo."],"conservation":" Una vez abierto el envase, mantener el producto refrigerado un máximo de 48 horas. A temperatura ambiente, en lugar fresco y seco / No requiere refrigeración.","ean":"8410465008633"},{"full_name":"MAMIA pimientos del piquillo rellenos de bacalao estuche 230 g","name":"pimientos del piquillo rellenos de bacalao estuche 230 g","brand":"MAMIA ","img":"https://sgfm.elcorteingles.es/SGFM/00/06/3/0118080900063/0118080900063000g01011.jpg","price":"3,25 €","price_unit":"(14,13 € / Kilo)","categories":["Supermercado","Alimentación General","Platos preparados","Pimientos rellenos","MAMIA pimientos del piquillo rellenos de bacalao estuche 230 g"],"general_information":["Denominación del alimento: Pimientos del piquillo rellenos de bacalao","Nombre del operador: Bajamar S.A.","Dirección del operador: Ctra. Sangüesa, s/n. 31310 Carcastillo (Navarra)","Lugar de procedencia del alimento: España.","Cantidad Neta: 230 g"],"ingredients":[" Pimiento del piquillo (33%). Relleno: agua, bacalao (29%), aceite de oliva (7%), harina de maíz, leche de vaca, sal, cebolla, almidón modificado de maíz y ajo. Salsa: agua, pimiento (20%), aceite de oliva (5%), tomate, harina de maíz, cebolla, vino blanco, almidón modificado de maíz, caldo de pescado natural, sal, azúcar y ajo."],"conservation":" Una vez abierto el envase, mantener el producto refrigerado un máximo de 48 horas. A temperatura ambiente, en lugar fresco y seco / No requiere refrigeración.","ean":"8410465008619"},{"full_name":"LUKAN GOURMET pimientos rellenos de atún y guindilla envase 240 g","name":"pimientos rellenos de atún y guindilla envase 240 g","brand":"LUKAN GOURMET ","img":"https://sgfm.elcorteingles.es/SGFM/dctm/MEDIA03/201706/14/00118850502354____1__600x600.jpg","price":"5,20 €","price_unit":"(21,67 € / Kilo)","categories":["Supermercado","Alimentación General","Platos preparados","Pimientos rellenos","LUKAN GOURMET pimientos rellenos de atún y guindilla envase 240 g"],"general_information":[],"ingredients":[],"ean":"8980123009116"},{"full_name":"LUKAN GOURMET pimientos rellenos de txangurro envase 240 g","name":"pimientos rellenos de txangurro envase 240 g","brand":"LUKAN GOURMET ","img":"https://sgfm.elcorteingles.es/SGFM/dctm/MEDIA03/201706/14/00118850502347____1__600x600.jpg","price":"5,20 €","price_unit":"(21,67 € / Kilo)","categories":["Supermercado","Alimentación General","Platos preparados","Pimientos rellenos","LUKAN GOURMET pimientos rellenos de txangurro envase 240 g"],"general_information":[],"ingredients":[],"ean":"8980123008461"},{"full_name":"LUKAN GOURMET pimientos rellenos de bacalao envase 240 g","name":"pimientos rellenos de bacalao envase 240 g","brand":"LUKAN GOURMET ","img":"https://sgfm.elcorteingles.es/SGFM/dctm/MEDIA03/201706/14/00118850502339____1__600x600.jpg","price":"5,20 €","price_unit":"(21,67 € / Kilo)","categories":["Supermercado","Alimentación General","Platos preparados","Pimientos rellenos","LUKAN GOURMET pimientos rellenos de bacalao envase 240 g"],"general_information":[],"ingredients":[],"ean":"8980123001707"},{"full_name":"ESPUÑA TAPAS AL MINUTO choricitos envase 80 g 12 unidades","name":"choricitos envase 80 g","brand":"ESPUÑA TAPAS AL MINUTO ","img":"https://sgfm.elcorteingles.es/SGFM/00/18/9/0118855500189/0118855500189000g01011.jpg","price":"1,71 €","price_unit":"(21,38 € / Kilo)","categories":["Supermercado","Alimentación General","Platos preparados","Tapas","ESPUÑA TAPAS AL MINUTO choricitos envase 80 g 12 unidades"],"general_information":["Denominación del alimento: CHORICITOS","Nombre del operador: ESTEBAN ESPUÑA, S.A.","Dirección del operador: C/ MESTRE TURINA, 39-41 17800 OLOT (GIRONA)","Cantidad Neta: 80 g"],"ingredients":[" Magro de cerdo, grasa de cerdo, agua, pimentón, sal, proteínas de la leche, estabilizantes (E-326, E-451 i), aromas naturales, ajo, lactosa (leche), dextrosa, endurecedor (E-509), antioxidante (E-301), especias y gelificante (E-401)."],"conservation":" Manténgase entre 0°C y 5°C. Para más larga conservación, puede congelarse.","ean":"8410060401006"},{"full_name":"ESPUÑA pinchitos al pimentón envase 80 g 4 unidades","name":"pinchitos al pimentón envase 80 g","brand":"ESPUÑA ","img":"https://sgfm.elcorteingles.es/SGFM/00/20/5/0118855500205/0118855500205000g01011.jpg","price":"1,71 €","price_unit":"(21,38 € / Kilo)","categories":["Supermercado","Alimentación General","Platos preparados","Tapas","ESPUÑA pinchitos al pimentón envase 80 g 4 unidades"],"general_information":["Denominación del alimento: PINCHITOS PIMENTON","Nombre del operador: ESTEBAN ESPUÑA, S.A.","Dirección del operador: C/ MESTRE TURINA, 39-41 17800 OLOT (GIRONA)","Cantidad Neta: 80 g"],"ingredients":[" Magro de cerdo, agua, aceite de oliva, aromas, ajo, sal, pimentón (0.5%), estabilizantes (E-451i, E-407, E-420i, E-410, E-415), dextrosa, especias y extracto de levadura."],"conservation":" Manténgase entre 0°C y 5°C. Para más larga conservación, puede congelarse.","ean":"8410060401303"},{"full_name":"ESPUÑA tapas enrolladas de dátiles con bacon envase 80 g 8 unidades","name":"tapas enrolladas de dátiles con bacon envase 80 g","brand":"ESPUÑA ","img":"https://sgfm.elcorteingles.es/SGFM/00/46/0/0118855500460/0118855500460000g01011.jpg","price":"2,09 €","price_unit":"(26,12 € / Kilo)","categories":["Supermercado","Alimentación General","Platos preparados","Tapas","ESPUÑA tapas enrolladas de dátiles con bacon envase 80 g 8 unidades"],"general_information":["Denominación del alimento: DATIL CON BACON","Nombre del operador: ESTEBAN ESPUÑA, S.A.","Dirección del operador: C/ MESTRE TURINA, 39-41 17800 OLOT (GIRONA)","Cantidad Neta: 80 g"],"ingredients":[" DÁTILES SECOS Y SIN HUESO (50 % APROX.). BACON (50 % APROX.): Ingredientes: Carne de cerdo (81%), agua, sal, dextrosa, estabilizante (E-326), antioxidante (E-301) y conservador (E-250)."],"conservation":" Manténgase entre 0°C y 5°C. Para más larga conservación, puede congelarse.","ean":"8410060402607"},{"full_name":"LA SELVA dátiles con bacon sin gluten pack 2 unidades envase 150 g","name":"dátiles con bacon sin gluten pack 2 unidades envase 150 g","brand":"LA SELVA ","img":"https://sgfm.elcorteingles.es/SGFM/dctm/MEDIA03/201709/20/00118855500130____1__600x600.jpg","price":"2,50 €","price_unit":"(16,67 € / Kilo)","categories":["Supermercado","Alimentación General","Platos preparados","Tapas","LA SELVA dátiles con bacon sin gluten pack 2 unidades envase 150 g"],"general_information":["Denominación del alimento: DÁTILES CON BACON","País de origen: España","Nombre del operador: Joaquim Albertí, S.A.","Dirección del operador: C/Església, 9 - 17459 Campllong","Cantidad Neta: 150 g"],"ingredients":[" Bacon (56%): Bacon de cerdo, sal, azúcar, conservadores (E262, E250), extractos de especias, especias, antioxidante (E301).  Ahumado con madera de Haya.  Dátil (44%): dátil desecado.  Puede contener trazas de soja y derivados de leche."],"conservation":" Conservar entre 0 y 5°C","ean":"8410973473305"},{"full_name":"LA SELVA chistorritas pack 2 unidades envase 150 g","name":"chistorritas pack 2 unidades envase 150 g","brand":"LA SELVA ","img":"https://sgfm.elcorteingles.es/SGFM/00/15/5/0118855500155/0118855500155000g01011.jpg","price":"2,50 €","price_unit":"(33,33 € / Kilo)","categories":["Supermercado","Alimentación General","Platos preparados","Tapas","LA SELVA chistorritas pack 2 unidades envase 150 g"],"general_information":["Denominación del alimento: CHISTORRITAS","País de origen: España","Nombre del operador: Joaquim Albertí, S.A.","Dirección del operador: C/Església, 9 - 17459 Campllong","Cantidad Neta: 150 g"],"ingredients":[" Carne, grasa y tejido conjuntivo de cerdo, pimentón, sal, leche en polvo desnatada, azúcar, especias, conservadores (E325, E250), antioxidante (E301). Ahumado con madera de haya.  Puede contener trazas de soja."],"conservation":" Conservar entre 0 y 5°C","ean":"8410973473763"},{"full_name":"ANGULO De Autor surtido de aperitivos sabores provenzales envase 100 g","name":"De Autor surtido de aperitivos sabores provenzales envase 100 g","brand":"ANGULO ","img":"https://sgfm.elcorteingles.es/SGFM/dctm/MEDIA02/CONTENIDOS/201412/04/00118825700190____1__600x600.jpg","price":"2,30 €","price_unit":"(23 € / Kilo)","categories":["Supermercado","Alimentación General","Platos preparados","Tapas","ANGULO De Autor surtido de aperitivos sabores provenzales envase 100 g"],"general_information":["Denominación del alimento: Queso Pasteurizado de vaca con especias y condimentos","Nombre del operador: Mantequerias Arias","Dirección del operador: C/Pedro Teixeira 8-28020 MADRID","Cantidad Neta: 100 g"],"ingredients":[" Ingredientes del queso: leche pasterizada de vaca.nata. sal. fermentos lácticos. Ingredientes de las especias: pimiento rojo. mezcla de 4 bayas (pimienta blanca. negra.verde. pimiento de jamaica). albahaca. tomillo. cebolleta."],"ean":"3480347120505"},{"full_name":"ALTA SIERRA DE TINEO pinchitos de chorizo extra a la sidra lata 800 g","name":"pinchitos de chorizo extra a la sidra lata 800 g","brand":"ALTA SIERRA DE TINEO ","img":"https://sgfm.elcorteingles.es/SGFM/dctm/MEDIA03/201707/17/00200134801026____1__600x600.jpg","price":"7,95 €","categories":["Supermercado","Alimentación General","Platos preparados","Tapas","ALTA SIERRA DE TINEO pinchitos de chorizo extra a la sidra lata 800 g"],"general_information":[],"ingredients":[],"ean":"8437005185272"}]