[{"full_name":"FINDUS Guisantes finos al vapor listos en 3 minutos bolsa 400 g","name":"Guisantes finos al vapor listos en 3 minutos bolsa 400 g","brand":"FINDUS ","img":"https://sgfm.elcorteingles.es/SGFM/dctm/MEDIA02/CONTENIDOS/201410/30/00118926600422____2__600x600.jpg","price":"1,99 €","price_unit":"(4,98 € / Kilo)","categories":["Supermercado","Congelados","Verduras, hortalizas y frutas","Guisantes congelados","FINDUS Guisantes finos al vapor listos en 3 minutos bolsa 400 g"],"general_information":["Denominación del alimento: Guisantes  ultracongelados para preparar en el microondas","Nombre del operador: FINDUS ESPAÑA, S.L.U.","Dirección del operador: P.I. Berroa. C/ Berroa 13, 1ª planta. 31192 Tajonar (Navarra)","Cantidad Neta: 400 g","Número de raciones por envase: 2","Otras menciones obligatorias en la etiqueta: Producto ultracongelado."],"ingredients":[" Guisantes, aceite de oliva 1%, sal."],"conservation":" Producto ultracongelado. Conservar a -18°C o temperaturas inferiores.","ean":"8410092142403"},{"full_name":"FINDUS preparado para paella de mariscos tradicional 2 raciones bandeja 400 g","name":"preparado para paella de mariscos tradicional 2 raciones bandeja 400 g","brand":"FINDUS ","img":"https://sgfm.elcorteingles.es/SGFM/dctm/CONTENIDOS/201511/24/00118947400158____1__600x600.jpg","price":"4,54 €","price_unit":"(11,35 € / Kilo)","categories":["Supermercado","Congelados","Platos preparados congelados","Platos preparados de arroz y pasta","FINDUS preparado para paella de mariscos tradicional 2 raciones bandeja 400 g"],"general_information":["Denominación del alimento: Preparado para paella con marisco, hortalizas y caldo concentrado. Producto ultracongelado.","Nombre del operador: FINDUS ESPAÑA, S.L.U.","Dirección del operador: P.I. Berroa. C/ Berroa 13, 1ª planta. 31192 Tajonar (Navarra)","Cantidad Neta: 400 g","Otras menciones obligatorias en la etiqueta: Producto ultracongelado."],"ingredients":[" Marisco 55% [almeja del Pacífico (Tawera gayi), langostino vannamei (Litopenaeus/Penaeus vannamei) (langostino, sal, antioxidantes: metabisulfito sódico y ácido ascórbico), mejillón (Mytillus galloprovincialis), pota argentina (Illex argentinus) (pota, agua, sal, estabilizante: polifosfatos, corrector de la acidez:  ácido cítrico), camarón boreal (Pandalus borealis)], caldo de marisco 20% [agua, cebolla, pota argentina (Illex argentinus) 20%, pimiento verde, sal, tomate concentrado, aceite de girasol, aromas (contiene moluscos, crustáceos, pescado y leche), almidón modificado de maíz, pimentón, extracto de anchoa, ajo, colorante: riboflavina, romero], tomate, cebolla, pimiento verde."],"conservation":" Producto ultracongelado. Conservar a -18°C o temperaturas inferiores.","ean":"8410092143608"},{"full_name":"FINDUS arroz integral con verduras y pollo plato único 1 ración bolsa 350 g","name":"arroz integral con verduras y pollo plato único 1 ración bolsa 350 g","brand":"FINDUS ","img":"https://sgfm.elcorteingles.es/SGFM/dctm/MEDIA03/201703/31/00118958200505____1__600x600.jpg","price":"2,79 €","price_unit":"(7,97 € / Kilo)","categories":["Supermercado","Congelados","Platos preparados congelados","Platos preparados de arroz y pasta","FINDUS arroz integral con verduras y pollo plato único 1 ración bolsa 350 g"],"general_information":["Denominación del alimento: Mezcla ultracongelada de arroz integral con pechuga de pollo y hortalizas.","Nombre del operador: FINDUS ESPAÑA, S.L.U.","Dirección del operador: P.I. Berroa. C/ Berroa 13, 1ª planta. 31192 Tajonar (Navarra)","Cantidad Neta: 350 g","Otras menciones obligatorias en la etiqueta: Producto ultracongelado."],"ingredients":[" arroz integral cocido 28,7% (agua, arroz integral), berenjena, cebolla frita (cebolla y aceite de girasol), pimiento rojo, calabacín, tomate, pechuga de pollo asada 10% (pechuga de pollo, sal, dextrosa, aceite de palma), albahaca, sal, ajo en polvo, aceite de girasol, extracto de romero."],"conservation":" Producto ultracongelado. Conservar a -18°C o temperaturas inferiores.","ean":"8410092100076"},{"full_name":"FINDUS pasta con verduras y pavo plato único 1 ración bolsa 350 g","name":"pasta con verduras y pavo plato único 1 ración bolsa 350 g","brand":"FINDUS ","img":"https://sgfm.elcorteingles.es/SGFM/dctm/MEDIA03/201703/31/00118958500185____1__600x600.jpg","price":"2,79 €","price_unit":"(7,97 € / Kilo)","categories":["Supermercado","Congelados","Platos preparados congelados","Platos preparados de arroz y pasta","FINDUS pasta con verduras y pavo plato único 1 ración bolsa 350 g"],"general_information":["Denominación del alimento: Mezcla ultracongelada de pasta con hortalizas y pechuga de pavo cocida.","Nombre del operador: FINDUS ESPAÑA, S.L.U.","Dirección del operador: P.I. Berroa. C/ Berroa 13, 1ª planta. 31192 Tajonar (Navarra)","Cantidad Neta: 350 g","Otras menciones obligatorias en la etiqueta: Producto ultracongelado."],"ingredients":[" pasta cocida 30% (agua, harina de trigo duro), brócoli, pimientos rojo y amarillo asados (pimiento rojo, amarillo y aceite de girasol), pechuga de pavo cocida 14% (pechuga de pavo, agua, sal, fibra vegetal, azúcar, antioxidante: extracto de romero), zanahoria, cebolla frita (cebolla y aceite de girasol), sal, aromas (contiene leche), pimienta blanca, aceite de girasol."],"conservation":" Producto ultracongelado. Conservar a -18°C o temperaturas inferiores.","ean":"8410092100090"},{"full_name":"FINDUS noodles con verduras y pollo plato único 1 ración bolsa 350 g","name":"noodles con verduras y pollo plato único 1 ración bolsa 350 g","brand":"FINDUS ","img":"https://sgfm.elcorteingles.es/SGFM/dctm/MEDIA03/201703/31/00201158500221____1__600x600.jpg","price":"2,79 €","price_unit":"(7,97 € / Kilo)","categories":["Supermercado","Congelados","Platos preparados congelados","Platos preparados de arroz y pasta","FINDUS noodles con verduras y pollo plato único 1 ración bolsa 350 g"],"general_information":["Denominación del alimento: Mezcla ultracongelada de pasta con hortalizas, pechuga de pollo y salsa de soja.","Nombre del operador: FINDUS ESPAÑA, S.L.U.","Dirección del operador: P.I. Berroa. C/ Berroa 13, 1ª planta. 31192 Tajonar (Navarra)","Cantidad Neta: 350 g","Otras menciones obligatorias en la etiqueta: Producto ultracongelado."],"ingredients":[" pasta cocida 35,3% (agua, harina de trigo duro), pechuga de pollo asada 12% (pechuga de pollo, agua, sal, azúcar, estabilizantes: E451 y E407), pimiento rojo, espinaca, zanahoria amarilla, brócoli, brotes de judía mungo, seta shiitake (Lentinula edodes), salsa de soja deshidratada (soja, trigo, sal), azúcar, especias, aceite de girasol, extracto de levadura, sal."],"conservation":" Producto ultracongelado. Conservar a -18°C o temperaturas inferiores.","ean":"8410092100083"},{"full_name":"MAHESO fideos orientales yakisoba estuche 270 g","name":"fideos orientales yakisoba estuche 270 g","brand":"MAHESO ","img":"https://sgfm.elcorteingles.es/SGFM/dctm/MEDIA03/201606/06/00118959601537____1__600x600.jpg","price":"2,59 €","price_unit":"(9,59 € / Kilo)","categories":["Supermercado","Congelados","Platos preparados congelados","Platos preparados de arroz y pasta","MAHESO fideos orientales yakisoba estuche 270 g"],"general_information":["Denominación del alimento: Fideos orientales con salsa a base de soja","País de origen: España","Nombre del operador: Gedesco S.A.","Dirección del operador: P.I. La Ferreria,  Avda de La Ferreria 59-71, 08110 Montcada i Reixac, Barcelona","Cantidad Neta: 270 g","Otras menciones obligatorias en la etiqueta: Plato preparado ultracongelado."],"ingredients":[" Fideos orientales (56%) (harina de trigo, agua, sal), brotes de judía mung, agua, salsa de soja (11%) [dextrosa de trigo, agua, habas de soja, vinagre, maltodextrina de trigo, sal, hidrolizado de proteína vegetal (maíz y soja), conservadores (E 211, sorbato potásico), colorante (E 150c)], champiñón, aceite de girasol, puerro, calabacín, zanahoria, cebolla, pimiento rojo y verde, almidón modificado, Boletus edulis, concentrado de vegetales, ajo, azúcar, jarabe de glucosa y fructosa, aromas (contienen soja, apio), potenciadores del sabor (E 621, E 635), sal, especias, vinagre, cebolla deshidratada y caldo deshidratado de pollo. Contiene: gluten, soja y apio. Este producto ha sido elaborado en una fábrica que emplea: leche, huevo, pescado, crustáceos, moluscos, frutos de cáscara y mostaza."],"conservation":" Conservar a -18°C. Una vez descongelado, no volver a congelar.","ean":"8410705033180"},{"full_name":"FINDUS mini crepes de jamón queso y champiñones estuche 250 g","name":"mini crepes de jamón queso y champiñones estuche 250 g","brand":"FINDUS ","img":"https://sgfm.elcorteingles.es/SGFM/dctm/MEDIA03/201608/24/00118931301453____2__600x600.jpg","price":"2,81 €","price_unit":"(11,24 € / Kilo)","categories":["Supermercado","Congelados","Platos preparados congelados","Platos preparados de carne y pollo","FINDUS mini crepes de jamón queso y champiñones estuche 250 g"],"general_information":["Denominación del alimento: Crepes rellenos de champiñones, jamón y queso ultracongelados","Nombre del operador: FINDUS ESPAÑA, S.L.U.","Dirección del operador: P.I. Berroa. C/ Berroa 13, 1ª planta. 31192 Tajonar (Navarra)","Cantidad Neta: 250 g","Número de raciones por envase: 6","Otras menciones obligatorias en la etiqueta: Producto ultracongelado."],"ingredients":[" Crepé (47,6%) [agua, harina de trigo, huevo, leche desnatada en polvo, aceite de girasol y sal], champiñones (22,5%), leche desnatada, jamón cocido (5,3%) (jamón de cerdo, agua, sirope de glucosa, sal, extractos vegetales de zanahoria y apio, aromas naturales y fermentos), harina de trigo, queso Emmental (3,6%), aceite de girasol, nata, cebolla, aromas de pimienta y nuez moscada, sal."],"conservation":" Producto ultracongelado. Conservar a -18°C o temperaturas inferiores.","ean":"8410092142564"},{"full_name":"FINDUS mini crepes de jamón york y queso estuche 250 g","name":"mini crepes de jamón york y queso estuche 250 g","brand":"FINDUS ","img":"https://sgfm.elcorteingles.es/SGFM/dctm/MEDIA03/201608/24/00118931301446____2__600x600.jpg","price":"2,85 €","price_unit":"(11,40 € / Kilo)","categories":["Supermercado","Congelados","Platos preparados congelados","Platos preparados de carne y pollo","FINDUS mini crepes de jamón york y queso estuche 250 g"],"general_information":["Denominación del alimento: Crepes rellenos de jamón y queso ultracongelados","Nombre del operador: FINDUS ESPAÑA, S.L.U.","Dirección del operador: P.I. Berroa. C/ Berroa 13, 1ª planta. 31192 Tajonar (Navarra)","Cantidad Neta: 250 g","Número de raciones por envase: 6","Otras menciones obligatorias en la etiqueta: Producto ultracongelado."],"ingredients":[" Crepé (47,6%) [agua, harina de trigo, huevo, leche desnatada en polvo, aceite de girasol y sal], leche desnatada, jamón cocido (6,7%) (jamón de cerdo, agua, sirope de glucosa, sal, extractos vegetales de zanahoria y apio, aromas naturales y fermentos), harina de trigo, queso Emmental (3,6%), aceite de girasol, nata, agua, aromas de pimienta y nuez moscada y sal."],"conservation":" Producto ultracongelado. Conservar a -18°C o temperaturas inferiores.","ean":"8410092142540"},{"full_name":"IL SOLE carne para kebab de pollo y pavo bolsa 300 g","name":"carne para kebab de pollo y pavo bolsa 300 g","brand":"IL SOLE ","img":"https://sgfm.elcorteingles.es/SGFM/01/01/6/0118928501016/0118928501016000g01011.jpg","price":"3,14 €","price_unit":"(10,47 € / Kilo)","categories":["Supermercado","Congelados","Platos preparados congelados","Platos preparados de carne y pollo","IL SOLE carne para kebab de pollo y pavo bolsa 300 g"],"general_information":[],"ingredients":[],"ean":"8032909903047"},{"full_name":"IL SOLE carne para kebab de ternera y pavo bolsa 300 g","name":"carne para kebab de ternera y pavo bolsa 300 g","brand":"IL SOLE ","img":"https://sgfm.elcorteingles.es/SGFM/01/00/8/0118928501008/0118928501008000g01011.jpg","price":"3,14 €","price_unit":"(10,47 € / Kilo)","categories":["Supermercado","Congelados","Platos preparados congelados","Platos preparados de carne y pollo","IL SOLE carne para kebab de ternera y pavo bolsa 300 g"],"general_information":[],"ingredients":[],"ean":"0803290990309"},{"full_name":"MAHESO albondigas suecas para horno o microondas 4 minutos estuche 480 g","name":"albondigas suecas para horno o microondas 4 minutos estuche 480 g","brand":"MAHESO ","img":"https://sgfm.elcorteingles.es/SGFM/dctm/MEDIA03/201704/26/00118928501511____1__600x600.jpg","price":"2,59 €","price_unit":"(5,40 € / Kilo)","categories":["Supermercado","Congelados","Platos preparados congelados","Platos preparados de carne y pollo","MAHESO albondigas suecas para horno o microondas 4 minutos estuche 480 g"],"general_information":[],"ingredients":[],"ean":"8410705034132"},{"full_name":"LA FAMILIA DE LOLA alitas de pollo deluxe tulipas de pollo asadas y marinadas bolsa 350 g","name":"alitas de pollo deluxe tulipas de pollo asadas y marinadas bolsa 350 g","brand":"LA FAMILIA DE LOLA ","img":"https://sgfm.elcorteingles.es/SGFM/dctm/MEDIA03/201704/26/00118928501495____1__600x600.jpg","price":"3,41 €","price_unit":"(9,74 € / Kilo)","categories":["Supermercado","Congelados","Platos preparados congelados","Platos preparados de carne y pollo","LA FAMILIA DE LOLA alitas de pollo deluxe tulipas de pollo asadas y marinadas bolsa 350 g"],"general_information":[],"ingredients":[],"ean":"8420902035085"},{"full_name":"EUROCHEF Albondigas de ternera con salsa de tomate y albahaca biológicas bandeja 280 g","name":"Albondigas de ternera con salsa de tomate y albahaca biológicas bandeja 280 g","brand":"EUROCHEF ","img":"https://sgfm.elcorteingles.es/SGFM/dctm/MEDIA03/201704/04/00118928501388____1__600x600.jpg","price":"4,55 €","price_unit":"(16,25 € / Kilo)","categories":["Supermercado","Congelados","Platos preparados congelados","Platos preparados de carne y pollo","EUROCHEF Albondigas de ternera con salsa de tomate y albahaca biológicas bandeja 280 g"],"general_information":[],"ingredients":[],"ean":"8013554108704"},{"full_name":"PESCANOVA Tapeo bocados crujientes de merluza sabores teriyaki  marrakech y mexicano 18 unidades estuche 240 g","name":"Tapeo bocados crujientes de merluza sabores teriyaki  marrakech y mexicano 18 unidades estuche 240 g","brand":"PESCANOVA ","img":"https://sgfm.elcorteingles.es/SGFM/dctm/MEDIA03/201709/28/00118949300661____1__600x600.jpg","price":"3,99 €","price_unit":"(16,62 € / Kilo)","categories":["Supermercado","Congelados","Platos preparados congelados","Platos preparados de pescado y marisco","PESCANOVA Tapeo bocados crujientes de merluza sabores teriyaki  marrakech y mexicano 18 unidades estuche 240 g"],"general_information":["Denominación del alimento: Bocados triangulares elaborados a partir de trozos de merluza y con empanado Teriyaki, especias Ras El Hanout y Chile","Nombre del operador: Pescanova España S.L.U","Dirección del operador: Rúa José Fernández López S/N 36320 Chapela-Redondela-Pontevedra-España","Cantidad Neta: 240 g"],"ingredients":[" Bocado mexicano: Merluza (50%), pan rallado (harina de maíz y arroz), pimiento verde, azúcar, fibra vegetal, sal, colorante (caramelo natural), especias (chile), harina de trigo, aceite de girasol, agua, sal, almidón (trigo). Bocado Teriyaki: Merluza (50%), pan rallado (harina de trigo, sal, especias, levadura, malta, dextrosa de maíz), harina de trigo, aceite de girasol, azúcar, agua, sal, fibra de guisante, cebolla, especias, aroma (soja), almidón (trigo), potenciadores de sabor (E 621, E 627, E 361), acidulante (ácido cítrico), colorante (caramelo amónico). Bocado Marrakech: Merluza (50%), pan rallado (harina de arroz, maíz y lentejas), fibra vegetal, sal, almidón, azúcar, colorante (caramelo natural), cacao en polvo, especias), agua, sémola de arroz, harina de trigo, aceite de girasol, almidón (trigo), sal, clavo, canela, comino, nuez moscada, pimienta blanca, jengibre, cúrcuma, cayena, cardamono, cilantro. Puede contener crustáceos, huevo, leche, moluscos."],"conservation":" Mantener a -18° C hasta la fecha de consumo preferente","ean":"8410063077765"},{"full_name":"PESCANOVA Tapeo piruletas con crujiente de maiz rellenas de doble langostino al horno 10 unidades estuche 160 g","name":"Tapeo piruletas con crujiente de maiz rellenas de doble langostino al horno 10 unidades estuche 160 g","brand":"PESCANOVA ","img":"https://sgfm.elcorteingles.es/SGFM/dctm/MEDIA03/201709/28/00118949300653____1__600x600.jpg","price":"3,99 €","price_unit":"(24,94 € / Kilo)","categories":["Supermercado","Congelados","Platos preparados congelados","Platos preparados de pescado y marisco","PESCANOVA Tapeo piruletas con crujiente de maiz rellenas de doble langostino al horno 10 unidades estuche 160 g"],"general_information":["Denominación del alimento: Formas de piruletas elaboradas a partir de trozos de langostino y copos de maíz","Nombre del operador: Pescanova España S.L.U","Dirección del operador: Rúa José Fernández López S/N 36320 Chapela-Redondela-Pontevedra-España","Cantidad Neta: 160 g"],"ingredients":[" Langostino (55%) (sulfitos), copos de maíz y arroz (20%) (harina de maíz de arroz, azúcar, fibra vegetal, sal, colorante (caramelo natural) y especias), aceite de girasol, agua, almidón, sal, espesante (goma xantana), antioxidantes (E 223 (sulfitos), ácido cítrico), estabilizantes (E 450, E 451, E 452). Puede contener gluten, huevo, pescado, leche, moluscos."],"conservation":" Mantener a -18° C hasta la fecha de consumo preferente","ean":"8410063077772"},{"full_name":"PESCANOVA carpaccio de langostinos con salsa incluida mezclar y listo 2 raciones caja 150 g","name":"carpaccio de langostinos con salsa incluida mezclar y listo 2 raciones caja 150 g","brand":"PESCANOVA ","img":"https://sgfm.elcorteingles.es/SGFM/dctm/MEDIA03/201708/18/00118959601677____1__600x600.jpg","price":"4,99 €","price_unit":"(33,27 € / Kilo)","categories":["Supermercado","Congelados","Platos preparados congelados","Platos preparados de pescado y marisco","PESCANOVA carpaccio de langostinos con salsa incluida mezclar y listo 2 raciones caja 150 g"],"general_information":["Denominación del alimento: Carpaccio de langostinos","Nombre del operador: Pescanova España S.L.U","Dirección del operador: Rúa José Fernández López S/N 36320 Chapela-Redondela-Pontevedra-España","Cantidad Neta: 150 g"],"ingredients":[" Langostinos (67%): langostinos, sal, antioxidantes (E 223 (sulfitos), E 330), estabilizantes (E 450, E 451 y E 452)). Salsa (33 %): Aceite de oliva virgen extra, zumo de limón, sal, cebolla, aroma natural (crustáceos, moluscos), extracto de pimentón, especias y aroma de humo. Puede contener: pescado."],"conservation":" Mantener a -18° C hasta la fecha de consumo preferente","ean":"8410063076560"},{"full_name":"PESCANOVA ceviche de langostinos con salsa incluida mezclar y listo 2 raciones caja 150 g","name":"ceviche de langostinos con salsa incluida mezclar y listo 2 raciones caja 150 g","brand":"PESCANOVA ","img":"https://sgfm.elcorteingles.es/SGFM/dctm/MEDIA03/201708/29/00118959601685____1__600x600.jpg","price":"4,99 €","price_unit":"(33,27 € / Kilo)","categories":["Supermercado","Congelados","Platos preparados congelados","Platos preparados de pescado y marisco","PESCANOVA ceviche de langostinos con salsa incluida mezclar y listo 2 raciones caja 150 g"],"general_information":["Denominación del alimento: Ceviche de langostinos","Nombre del operador: Pescanova España S.L.U","Dirección del operador: Rúa José Fernández López S/N 36320 Chapela-Redondela-Pontevedra-España","Cantidad Neta: 150 g"],"ingredients":[" Langostinos (67%): langostinos, sal, antioxidantes (E 223 (sulfitos), E 330), conservador (E 202), estabilizantes (E 450, E 451 y E 452). Salsa (33%): agua, concentrado de zumo de limón (agua, concentrado de zumo de limón y de naranja , acidulante (E 330), extracto de limón), requesón (leche pasteurizada, fermentos lácticos), cebolla, sal, zumo de lima, apio en polvo, cilantro, jengibre, conservador (E 202), guindilla. Puede contener pescado, moluscos."],"conservation":" Mantener a -18° C hasta la fecha de consumo preferente","ean":"8410063076553"},{"full_name":"PESCANOVA tartar de langostinos con salsa incluida mezclar y listo 2 raciones caja 150 g","name":"tartar de langostinos con salsa incluida mezclar y listo 2 raciones caja 150 g","brand":"PESCANOVA ","img":"https://sgfm.elcorteingles.es/SGFM/dctm/MEDIA03/201708/29/00118959601669____1__600x600.jpg","price":"4,99 €","price_unit":"(33,27 € / Kilo)","categories":["Supermercado","Congelados","Platos preparados congelados","Platos preparados de pescado y marisco","PESCANOVA tartar de langostinos con salsa incluida mezclar y listo 2 raciones caja 150 g"],"general_information":["Denominación del alimento: Tartar de langostinos","Nombre del operador: Pescanova España S.L.U","Dirección del operador: Rúa José Fernández López S/N 36320 Chapela-Redondela-Pontevedra-España","Cantidad Neta: 150 g"],"ingredients":[" Langostinos (67%): langostinos, sal, antioxidantes (E 223 (sulfitos), E 330), estabilizantes (E 450, E 451 y E 452)). Salsa (33 %): Salsa de soja (agua, semillas de soja, trigo, sal, azúcar, extracto de levadura), aceite de oliva, mostaza (agua, semillas de mostaza, vinagre, sal, antioxidante (disulfito de potasio), acidulante (E 330)), semillas de sésamo, tomate y cebolla. Puede contener: pescado, moluscos."],"conservation":" Mantener a -18° C hasta la fecha de consumo preferente","ean":"8410063076546"},{"full_name":"CAMPOS filetes de atún con tomate 2 bolsas de 125g estuche 250 g","name":"filetes de atún con tomate 2 bolsas de 125g estuche 250 g","brand":"CAMPOS ","img":"https://sgfm.elcorteingles.es/SGFM/dctm/MEDIA03/201706/16/00118927100760____1__600x600.jpg","price":"4,49 €","price_unit":"(17,96 € / Kilo)","categories":["Supermercado","Congelados","Platos preparados congelados","Platos preparados de pescado y marisco","CAMPOS filetes de atún con tomate 2 bolsas de 125g estuche 250 g"],"general_information":["Denominación del alimento: FILETES DE ATÚN CON TOMATE 8X250G CAMPOS","País de origen: España","Nombre del operador: SALICA ALIMENTOS CONGELADOS","Dirección del operador: POL. IND A TOMADA A( A TOMADA PARCELA 11-12 PUEBLA DE CARAMIÑAL","Cantidad Neta: 225 g","Peso neto escurrido: 225 g","Número de raciones por envase: 2"],"ingredients":[" ATÚN (51%), agua, tomate deshidratado, jarabe de glucosa, almidón modificado de patata (E-1414), azúcar, sal, aceite de girasol, extracto de levaduras, especias, espesante (E-412)"],"conservation":"Modo de empleo: Sacar 3 minutos antes del congelador y dejar atemperar 3 minutos","ean":"8425663001515"},{"full_name":"CAMPOS filetes de atún en salsa teriyaki 2 bolsas de 125g estuche 250 g","name":"filetes de atún en salsa teriyaki 2 bolsas de 125g estuche 250 g","brand":"CAMPOS ","img":"https://sgfm.elcorteingles.es/SGFM/dctm/MEDIA03/201706/16/00118927100778____1__600x600.jpg","price":"4,49 €","price_unit":"(17,96 € / Kilo)","categories":["Supermercado","Congelados","Platos preparados congelados","Platos preparados de pescado y marisco","CAMPOS filetes de atún en salsa teriyaki 2 bolsas de 125g estuche 250 g"],"general_information":["Denominación del alimento: ATUN EN SALSA TERIYAKI","País de origen: España","Nombre del operador: SALICA ALIMENTOS CONGELADOS","Dirección del operador: POL. IND. A TOMADA, AV A TOMADA PARCELA 11-12 PUEBLA DE CARAMIÑAL,","Cantidad Neta: 125 g","Peso neto escurrido: 125 g","Número de raciones por envase: 2"],"ingredients":[" INGREDIENTES:\n  ATUN(51%), agua, jarabe de glucosa, salsa de SOJA( malaza, agua, proteina\n  vegetal, hidrolizada) (SOJA,\n  maiz), sal, vinagre, mirin (agua, arroz, trigo) , sake(agua, arroz, levadura\n  de arroz) almidon, modificado de maiz, vinagre,\n  azucar, acidulantes (E325,E270) conservantes (E202, E211) almidón\n  modificado de patata, aceite de girasol, especias, espesantes (E412)"],"conservation":"Modo de empleo: Sacar 3 minutos antes del congelador y dejar 3 minutos atemperar.","ean":"8425663001508"},{"full_name":"DELFIN salpicón de marisco estuche 270 g neto escurrido","name":"salpicón de marisco estuche 270 g neto escurrido","brand":"DELFIN ","img":"https://sgfm.elcorteingles.es/SGFM/dctm/MEDIA03/201607/13/00118946900513____1__600x600.jpg","price":"4,10 €","price_unit":"(15,19 € / Kilo)","categories":["Supermercado","Congelados","Platos preparados congelados","Platos preparados de pescado y marisco","DELFIN salpicón de marisco estuche 270 g neto escurrido"],"general_information":["Denominación del alimento: SALPICÓN DE MARISCO ULTRACONGELADO","País de origen: España","Nombre del operador: DELFIN ULTRACONGELADOS S.A.","Dirección del operador: C/ COLMENAS Nº 35 P.I LOS ALBARDIALES ONTIGOLA TOLEDO","Lugar de procedencia del alimento: ESPAÑA","Cantidad Neta: 270 g","Peso neto escurrido: 270 g","Número de raciones por envase: 2","Otras menciones obligatorias en la etiqueta: Producto cocido ultracongelado."],"ingredients":[" Ingredientes: Marisco (35%), (Carne de mejillón cocido (antioxidante\n    (ácido cítrico), gambón cocido pelado (sal, antioxidante\n    (metabisulfito sódico,ácido cítrico,ácido ascórbico), corrector),\n    estabilizante (citratos de sodio) y azúcar))). Tronkito de mar\n    (surimi 36%) ((pescado blanco, azúcar, estabilizadores (sorbitoles,\n    trifosfatos y difosfatos), clara de huevo), agua, extracto y aroma\n    de cangrejo (2,25%), almidón de patata, almidón de tapioca, sal,\n    azúcar, bebida fermentada de arroz, aceite de soja y colorante\n    (cochinilla)), rodaja de potón cocida (sal, estabilizadores (ácido\n    cítrico, citratos de sodio, carbonatos de sodio)), pimiento y\n    cebolla."],"conservation":" Mantener a -18ºC. No recongelar.","ean":"8410547923823"},{"full_name":"FRIDELA pimientos del piquillo rellenos de marisco bolsa 120 g","name":"pimientos del piquillo rellenos de marisco bolsa 120 g","brand":"FRIDELA ","img":"https://sgfm.elcorteingles.es/SGFM/dctm/MEDIA03/201702/21/00201131302166____1__600x600.jpg","price":"1,00 €","price_unit":"(8,33 € / Kilo)","categories":["Supermercado","Congelados","Platos preparados congelados","Platos preparados de pescado y marisco","FRIDELA pimientos del piquillo rellenos de marisco bolsa 120 g"],"general_information":["Denominación del alimento: Piquillo de Marisco","Nombre del operador: Precocinados Fridela.","Dirección del operador: P.Industrial Canraso, Vial Transversal, 1 - 31500 Tudela (Navarra) -España.","Cantidad Neta: 120 g","Peso neto escurrido: 120 g"],"ingredients":[" Relleno (66%): Leche (45%), harina de trigo, margarina [grasas y aceites vegetales de coco, palma y girasol en proporcion variable, agua, emulgente(mono y diglicéridos de ácidos grasos), sal, acidulante (ácido cítrico) ], merluza, cebolla frita [cebolla, aceite de oliva, sal, corrector acidez (ácido cítrico)], gamba (5%)(sulfitos) [gamba pelada sin cabeza, agua, ácido cítrico, estabilizadores (difosfato,trifosfato, polifosfato), conservante (citrato de sodio, metabisulfito de sodio)], pasta de gamba cocida (5%), sal, tomate frito [tomate, azúcar, aceite de girasol, sal, almidon de maíz, cebolla, ajo, acidulante (ácido cítrico)], ajo y aceite de oliva. Pimiento piquillo (33%) [pimiento del piquillo, azúcar, sal, acidulante (ácido cítrico)]. Contiene leche, gluten (trigo), pescado, crustáceos y sulfitos."],"conservation":" Conservar a  -18°C. No volver a congelar una vez descongelado.","ean":"8436531100568"},{"full_name":"MARVANEJO bacalao dorado estuche 240 g","name":"bacalao dorado estuche 240 g","brand":"MARVANEJO ","img":"https://sgfm.elcorteingles.es/SGFM/dctm/MEDIA02/CONTENIDOS/201510/19/00118927100687____2__600x600.jpg","price":"2,77 €","price_unit":"(11,54 € / Kilo)","categories":["Supermercado","Congelados","Platos preparados congelados","Platos preparados de pescado y marisco","MARVANEJO bacalao dorado estuche 240 g"],"general_information":[],"ingredients":[],"ean":"5607127000033"},{"full_name":"LA COCINERA sopa de pescado mediterránea estuche 500 g","name":"sopa de pescado mediterránea estuche 500 g","brand":"LA COCINERA ","img":"https://sgfm.elcorteingles.es/SGFM/dctm/MEDIA03/201704/04/00118927100752____1__600x600.jpg","price":"3,30 €","price_unit":"(6,60 € / Kilo)","categories":["Supermercado","Congelados","Platos preparados congelados","Platos preparados de pescado y marisco","LA COCINERA sopa de pescado mediterránea estuche 500 g"],"general_information":[],"ingredients":[],"ean":"8410200052709"},{"full_name":"FINDUS menestra gourmet al vapor 2 bolsas individuales bolsa 350 g","name":"menestra gourmet al vapor 2 bolsas individuales bolsa 350 g","brand":"FINDUS ","img":"https://sgfm.elcorteingles.es/SGFM/dctm/MEDIA02/CONTENIDOS/201410/14/00201126600525____1__600x600.jpg","price":"1,99 €","price_unit":"(5,69 € / Kilo)","categories":["Supermercado","Congelados","Platos preparados congelados","Platos preparados de verduras y vegetales","FINDUS menestra gourmet al vapor 2 bolsas individuales bolsa 350 g"],"general_information":["Denominación del alimento: Mezcla ultracongelada de hortalizas para preparar en el microondas","Nombre del operador: FINDUS ESPAÑA, S.L.U.","Dirección del operador: P.I. Berroa. C/ Berroa 13, 1ª planta. 31192 Tajonar (Navarra)","Cantidad Neta: 350 g","Número de raciones por envase: 2","Otras menciones obligatorias en la etiqueta: Producto ultracongelado."],"ingredients":[" calabacín, berenjena, pimiento amarillo, pimiento rojo, aceite de oliva 1%, sal."],"conservation":" Producto ultracongelado. Conservar a -18°C o temperaturas inferiores.","ean":"8410092142380"},{"full_name":"FINDUS salteado campesina al vapor 2 bolsas individuales bolsa 350 g","name":"salteado campesina al vapor 2 bolsas individuales bolsa 350 g","brand":"FINDUS ","img":"https://sgfm.elcorteingles.es/SGFM/dctm/MEDIA03/201604/14/00118926600562____1__600x600.jpg","price":"2,04 €","price_unit":"(5,83 € / Kilo)","categories":["Supermercado","Congelados","Platos preparados congelados","Platos preparados de verduras y vegetales","FINDUS salteado campesina al vapor 2 bolsas individuales bolsa 350 g"],"general_information":["Denominación del alimento: Mezcla de hortalizas ultracongeladas aliñadas con aceite de oliva y hierbas aromáticas para preparar en el microondas.","Nombre del operador: FINDUS ESPAÑA, S.L.U.","Dirección del operador: P.I. Berroa. C/ Berroa 13, 1ª planta. 31192 Tajonar (Navarra)","Cantidad Neta: 350 g","Otras menciones obligatorias en la etiqueta: Producto ultracongelado."],"ingredients":[" patata, pimientos amarillo y rojo, cebolla frita (cebolla y aceite de girasol), aceite de oliva 3,5%, hierbas aromáticas 0,8%, sal."],"conservation":" Producto ultracongelado. Conservar a -18°C o temperaturas inferiores.","ean":"8410092100069"},{"full_name":"FINDUS palitos de verdura chirivia y boniato sin gluten bolsa 250 g","name":"palitos de verdura chirivia y boniato sin gluten bolsa 250 g","brand":"FINDUS ","img":"https://sgfm.elcorteingles.es/SGFM/dctm/MEDIA03/201705/12/00118926600604____1__600x600.jpg","price":"2,15 €","price_unit":"(8,60 € / Kilo)","categories":["Supermercado","Congelados","Platos preparados congelados","Platos preparados de verduras y vegetales","FINDUS palitos de verdura chirivia y boniato sin gluten bolsa 250 g"],"general_information":["Denominación del alimento: Palitos de hortalizas rebozados y ultracongelados.","Nombre del operador: FINDUS ESPAÑA, S.L.U.","Dirección del operador: P.I. Berroa. C/ Berroa 13, 1ª planta. 31192 Tajonar (Navarra)","Cantidad Neta: 250 g","Otras menciones obligatorias en la etiqueta: Producto ultracongelado."],"ingredients":[" hortalizas 86% (chirivía, boniato), rebozado (harina de arroz y de maíz, almidón modificado de patata, dextrina de patata, sal, gasificantes: difosfato y carbonato de sodio, estabilizante: goma xantana, extractos de especias), aceite de girasol."],"conservation":" Producto ultracongelado. Conservar a -18°C o temperaturas inferiores.","ean":"8410092100243"},{"full_name":"FRIDELA pimientos del piquillo rellenos de bacalao 2 unidades estuche 120 g","name":"pimientos del piquillo rellenos de bacalao 2 unidades estuche 120 g","brand":"FRIDELA ","img":"https://sgfm.elcorteingles.es/SGFM/dctm/MEDIA03/201604/18/00118931301727____1__600x600.jpg","price":"1,00 €","price_unit":"(8,33 € / Kilo)","categories":["Supermercado","Congelados","Platos preparados congelados","Platos preparados de verduras y vegetales","FRIDELA pimientos del piquillo rellenos de bacalao 2 unidades estuche 120 g"],"general_information":["Denominación del alimento: Pimientos del piquillo rellenos de bacalao.","Nombre del operador: Precocinados Fridela.","Dirección del operador: P.Industrial Canraso, Vial Transversal, 1 - 31500 Tudela (Navarra) -España.","Cantidad Neta: 120,0 g","Peso neto escurrido: 120,0 g","Otras menciones obligatorias en la etiqueta: Producto ultracongelado. Sin grasas hidrogenadas."],"ingredients":[" Relleno 66%: leche (46%), harina de trigo, bacalao (Gadus Morhua) (11%), merluza, margarina (grasas y aceites vegetales, agua, emulgente, sal, ácido cítrico), cebolla frita [cebolla,, aceite de oliva, sal, corrector acidez (ácido cítrico)], tomate [tomate, azúcar, aceite vegetal, sal, fécula de maíz, cebolla, ajo], sal, ajo y aceite de oliva. Pimiento del piquillo 33% [pimiento del piquillo, sal, acidulante (ácido cítrico)]."],"conservation":" No volver a congelar una vez descongelado. Mantener a -18°C.","ean":"8436531109998"},{"full_name":"LA COCINERA CREMAS SELECTAS de calabacín asado y zanahoria con queso de Burgos estuche 230 g","name":"de calabacín asado y zanahoria con queso de Burgos estuche 230 g","brand":"LA COCINERA CREMAS SELECTAS ","img":"https://sgfm.elcorteingles.es/SGFM/dctm/MEDIA03/201603/01/00118926600315____1__600x600.jpg","price":"1,95 €","price_unit":"(8,48 € / Kilo)","categories":["Supermercado","Congelados","Platos preparados congelados","Platos preparados de verduras y vegetales","LA COCINERA CREMAS SELECTAS de calabacín asado y zanahoria con queso de Burgos estuche 230 g"],"general_information":["Denominación del alimento: Crema de zanahoria, calabacín asado y queso fresco de Burgos ultracongelada.","Nombre del operador: FINDUS ESPAÑA, S.L.U.","Dirección del operador: P.I. Berroa. C/ Berroa 13, 1ª planta. 31192 Tajonar (Navarra)","Cantidad Neta: 230 g","Otras menciones obligatorias en la etiqueta: Producto ultracongelado."],"ingredients":[" Agua, zanahoria (27,6%), cebolla, calabacín asado (6,6%), leche desnatada en polvo, queso fresco de Burgos (2,6%), mantequilla, almidón modificado de maíz, aceite de oliva, sal y pimienta blanca."],"conservation":" Producto ultracongelado. Conservar a -18°C o temperaturas inferiores.","ean":"7613033701436"},{"full_name":"LA COCINERA CREMAS SELECTAS de champiñones y boletus estuche 230 g","name":"de champiñones y boletus estuche 230 g","brand":"LA COCINERA CREMAS SELECTAS ","img":"https://sgfm.elcorteingles.es/SGFM/dctm/MEDIA03/201603/01/00118926600281____1__600x600.jpg","price":"1,95 €","price_unit":"(8,48 € / Kilo)","categories":["Supermercado","Congelados","Platos preparados congelados","Platos preparados de verduras y vegetales","LA COCINERA CREMAS SELECTAS de champiñones y boletus estuche 230 g"],"general_information":["Denominación del alimento: Crema de champiñones ultracongelada.","Nombre del operador: FINDUS ESPAÑA, S.L.U.","Dirección del operador: P.I. Berroa. C/ Berroa 13, 1ª planta. 31192 Tajonar (Navarra)","Cantidad Neta: 230 g","Otras menciones obligatorias en la etiqueta: Producto ultracongelado."],"ingredients":[" Champiñones cultivados (Agaricus bisporus) (43,1%), agua, cebolla, leche desnatada en polvo, mantequilla, almidón modificado de maíz, sal, aceite de oliva, seta silvestre (Boletus edulis) en polvo (0,17%), cebollino y pimienta blanca."],"conservation":" Producto ultracongelado. Conservar a -18°C o temperaturas inferiores.","ean":"7613033701405"},{"full_name":"LA COCINERA CREMAS SELECTAS de espárragos trigueros al toque de queso manchego estuche 230 g","name":"de espárragos trigueros al toque de queso manchego estuche 230 g","brand":"LA COCINERA CREMAS SELECTAS ","img":"https://sgfm.elcorteingles.es/SGFM/00/29/9/0118926600299/0118926600299000g01011.jpg","price":"1,95 €","price_unit":"(8,48 € / Kilo)","categories":["Supermercado","Congelados","Platos preparados congelados","Platos preparados de verduras y vegetales","LA COCINERA CREMAS SELECTAS de espárragos trigueros al toque de queso manchego estuche 230 g"],"general_information":["Denominación del alimento: Crema de espárragos verdes con queso manchego","Nombre del operador: FINDUS ESPAÑA, S.L.U.","Dirección del operador: P.I. Berroa. C/ Berroa 13, 1ª planta. 31192 Tajonar (Navarra)","Cantidad Neta: 230 g","Otras menciones obligatorias en la etiqueta: Producto ultracongelado."],"ingredients":[" Agua, espárragos verdes (30,7%), cebolla, leche desnatada en polvo, queso manchego (1,7%) (contiene clara de huevo), almidón modificado de maíz, mantequilla, aceite de oliva, sal, pimienta blanca."],"conservation":" Producto ultracongelado. Conservar a -18°C o temperaturas inferiores.","ean":"7613033701412"},{"full_name":"LA COCINERA CREMAS SELECTAS de guisantes con jamón ibérico estuche 230 g","name":"de guisantes con jamón ibérico estuche 230 g","brand":"LA COCINERA CREMAS SELECTAS ","img":"https://sgfm.elcorteingles.es/SGFM/dctm/MEDIA03/201603/01/00118926600323____1__600x600.jpg","price":"1,95 €","price_unit":"(8,48 € / Kilo)","categories":["Supermercado","Congelados","Platos preparados congelados","Platos preparados de verduras y vegetales","LA COCINERA CREMAS SELECTAS de guisantes con jamón ibérico estuche 230 g"],"general_information":["Denominación del alimento: CREMA DE GUISANTES, JAMÓN Y PALETA IBÉRICOS ULTRACONGELADA.","Nombre del operador: FINDUS ESPAÑA, S.L.U.","Dirección del operador: P.I. Berroa. C/ Berroa 13, 1ª planta. 31192 Tajonar (Navarra)","Cantidad Neta: 230 g","Otras menciones obligatorias en la etiqueta: Producto ultracongelado."],"ingredients":[" Agua, guisantes (36,6%), cebolla, leche desnatada en polvo, jamón y paleta ibéricos (3%) (jamón y paleta, sal, antioxidantes: nitrato potásico, eritorbato sódico y nitrito sódico y azúcar), mantequilla, almidón modificado de maíz, aceite de oliva, sal y pimienta blanca."],"conservation":" Producto ultracongelado. Conservar a -18°C o temperaturas inferiores.","ean":"7613033702143"},{"full_name":"MAHESO mussaka lasaña de berenjena estuche 300 g","name":"mussaka lasaña de berenjena estuche 300 g","brand":"MAHESO ","img":"https://sgfm.elcorteingles.es/SGFM/01/46/5/0201159601465/0201159601465000g01011.jpg","price":"2,99 €","price_unit":"(9,97 € / Kilo)","categories":["Supermercado","Congelados","Platos preparados congelados","Platos preparados de verduras y vegetales","MAHESO mussaka lasaña de berenjena estuche 300 g"],"general_information":["Denominación del alimento: Mussaka. Lasaña de berenjena","País de origen: España","Nombre del operador: Gedesco S.A.","Dirección del operador: P.I. La Ferreria,  Avda de La Ferreria 59-71, 08110 Montcada i Reixac, Barcelona","Cantidad Neta: 300 g","Otras menciones obligatorias en la etiqueta: Plato preparado ultracongelado."],"ingredients":[" Berenjena (33%), agua, leche desnatada en polvo reconstituida, calabacín aceite de girasol, tomate, carne de ave (pollo y/o pavo), queso fundido [queso, grasa de palma, proteína láctea, almidón, sales de fundido (E 452, E 340, E 331), sal, gelatina, aroma, colorantes (caramelo natural, carotenos, extracto de pimentón)], harina de trigo, margarina, cerdo*, cebolla, suero de leche, grasa de palma y/o coco, pan rallado (contiene gluten), almidón modificado, vino, sal, caldo deshidratado sabor pollo (contiene gluten), potenciador del sabor (glutamato monosódico), almidón, especias y aroma. *Carne separada mecánicamente de cerdo. Consultar trazas de alérgenos. Contiene gluten y leche.Este producto ha sido elaborado en una fábrica que emplea: huevo, soja, pescado, crustáceos, moluscos, frutos de cáscara, apio, mostaza y sésamo."],"conservation":" Conservar a -18°C. Una vez descongelado, no volver a congelar.","ean":"8410705022740"},{"full_name":"MAHESO cous cous con quinoa y verduras bolsa 300 g","name":"cous cous con quinoa y verduras bolsa 300 g","brand":"MAHESO ","img":"https://sgfm.elcorteingles.es/SGFM/dctm/MEDIA03/201710/19/00118958300743____1__600x600.jpg","price":"2,59 €","price_unit":"(8,63 € / Kilo)","categories":["Supermercado","Congelados","Platos preparados congelados","Platos preparados diversos","MAHESO cous cous con quinoa y verduras bolsa 300 g"],"general_information":["Denominación del alimento: Plato preparado a base de vegetales, semola de cuscús y quinoa.","País de origen: España","Nombre del operador: Gedesco S.A.","Dirección del operador: P.I. La Ferreria,  Avda de La Ferreria 59-71, 08110 Montcada i Reixac, Barcelona","Cantidad Neta: 300 g","Otras menciones obligatorias en la etiqueta: Plato preparado ultracongelado."],"ingredients":[" mezcla de vegetales (59%) (judía verde, brócoli, zanahoria, cebolla frita, calabacín frito, berenjena frita, pimiento rojo frito), sémola de cuscús precocida (31%) (sémola de trigo, agua), quínoa (8%), sal, especias, aromas (contiene gluten, leche y soja), potenciadores del sabor (E 621, E 627, E 631). Contiene: gluten, leche y soja. Este producto ha sido elaborado en una fábrica que emplea: huevo, pescado, crustáceos, moluscos, frutos de cáscara y apio."],"conservation":" Conservar a -18°C. Una vez descongelado, no volver a congelar.","ean":"8410705034316"},{"full_name":"LA COCINA DE SENEN pintxo de huevo frito con patatas y bacon sin gluten bandeja 6 unidades","name":"pintxo de huevo frito con patatas y bacon sin gluten bandeja 6 unidades","brand":"LA COCINA DE SENEN ","img":"https://sgfm.elcorteingles.es/SGFM/dctm/MEDIA03/201602/10/00118931301180____1__600x600.jpg","price":"9,25 €","price_unit":"(67,03 € / Kilo)","categories":["Supermercado","Congelados","Platos preparados congelados","Platos preparados diversos","LA COCINA DE SENEN pintxo de huevo frito con patatas y bacon sin gluten bandeja 6 unidades"],"general_information":["Denominación del alimento: Pintxo de huevo frito con patatas y bacon congelado","Nombre del operador: Taller de Pintxos y Tapas, S.LU.","Dirección del operador: C/Alberca Vieja 2, 01001 Vitoria","Cantidad Neta: 138 g","Número de raciones por envase: 6"],"ingredients":[" Yemas de huevo pasteurizado, sal, manteca de cerdo, panceta de cerdo: agua, almidón, sal, proteína de soja, emulgentes (E451), E450), fibra vegetal, antioxidantes (E331, E301), estabilizantes (E407a, E417, E415), aromas, conservador (E250) y colorante (E120), agua, aceite de girasol, dextrosa, lámina de patata, sorbitol. Contiene huevo y soja"],"conservation":" Conservación: Temperatura =-18°C. Una vez descongelado, conservar el producto refrigerado. Consumir en un plazo de 5-6 días.","ean":"8414606782635"},{"full_name":"LA COCINA DE SENEN pintxo de huevo frito con patatas y chistorra sin gluten bandeja 138 g","name":"pintxo de huevo frito con patatas y chistorra sin gluten bandeja 138 g","brand":"LA COCINA DE SENEN ","img":"https://sgfm.elcorteingles.es/SGFM/dctm/MEDIA03/201612/20/00118931301818____1__600x600.jpg","price":"9,25 €","price_unit":"(67,03 € / Kilo)","categories":["Supermercado","Congelados","Platos preparados congelados","Platos preparados diversos","LA COCINA DE SENEN pintxo de huevo frito con patatas y chistorra sin gluten bandeja 138 g"],"general_information":[],"ingredients":[],"ean":"8414606782369"},{"full_name":"LA COCINA DE SENEN Gourmet tortilla de patata con cebolla sin gluten bandeja 700 g","name":"Gourmet tortilla de patata con cebolla sin gluten bandeja 700 g","brand":"LA COCINA DE SENEN ","img":"https://sgfm.elcorteingles.es/SGFM/dctm/MEDIA03/201606/24/00118931301172____3__600x600.jpg","price":"8,50 €","price_unit":"(12,14 € / Kilo)","categories":["Supermercado","Congelados","Platos preparados congelados","Platos preparados diversos","LA COCINA DE SENEN Gourmet tortilla de patata con cebolla sin gluten bandeja 700 g"],"general_information":["Denominación del alimento: Tortilla de patata con cebolla","Nombre del operador: Taller de Pintxos y Tapas, S.LU.","Dirección del operador: C/Alberca Vieja 2, 01001 Vitoria","Cantidad Neta: 700 g","Número de raciones por envase: 1"],"ingredients":[" Patata, huevo pasteurizado, aceite de oliva virgen extra, aceite de girasol, cebolla deshidratada, gelatina y sal. Contiene huevo."],"conservation":" Conservación: Temperatura =-18°C. Una vez descongelado, conservar el producto refrigerado. Consumir en un plazo de 5-6 días.","ean":"8414606782321"},{"full_name":"LA COCINA DE SENEN Gourmet tortilla de patata sin cebolla y sin gluten bandeja 700 g","name":"Gourmet tortilla de patata sin cebolla y sin gluten bandeja 700 g","brand":"LA COCINA DE SENEN ","img":"https://sgfm.elcorteingles.es/SGFM/dctm/MEDIA03/201606/24/00118931301214____3__600x600.jpg","price":"8,50 €","price_unit":"(12,14 € / Kilo)","categories":["Supermercado","Congelados","Platos preparados congelados","Platos preparados diversos","LA COCINA DE SENEN Gourmet tortilla de patata sin cebolla y sin gluten bandeja 700 g"],"general_information":[],"ingredients":[],"ean":"7722222200091"},{"full_name":"LA COCINA DE SENEN Spanish burger pack 2 tortillas baby sin cebolla sin gluten estuche 360 g + sartén","name":"Spanish burger pack 2 tortillas baby sin cebolla sin gluten estuche 360 g","brand":"LA COCINA DE SENEN ","img":"https://sgfm.elcorteingles.es/SGFM/dctm/MEDIA03/201602/08/00118931301602____1__600x600.jpg","price":"7,90 €","price_unit":"(21,94 € / Kilo)","categories":["Supermercado","Congelados","Platos preparados congelados","Platos preparados diversos","LA COCINA DE SENEN Spanish burger pack 2 tortillas baby sin cebolla sin gluten estuche 360 g + sartén"],"general_information":["Denominación del alimento: Tortilla de patata sin cebolla \"Spanish Burguer\"","Nombre del operador: Taller de Pintxos y Tapas, S.LU.","Dirección del operador: C/Alberca Vieja 2, 01001 Vitoria","Cantidad Neta: 360 g","Número de raciones por envase: 2"],"ingredients":[" Patata, huevo pasteurizado, aceite de oliva virgem extra, aceite de girasol, gelatina, sal. Contiene huevo."],"conservation":" Conservación: Temperatura =-18°C. Una vez descongelado, conservar el producto refrigerado. Consumir en un plazo de 5-6 días.","ean":"8414606782314"},{"full_name":"LA COCINA DE SENEN Spanish burger pack 2 tortillas baby sin gluten estuche 360 g + sartén","name":"Spanish burger pack 2 tortillas baby sin gluten estuche 360 g","brand":"LA COCINA DE SENEN ","img":"https://sgfm.elcorteingles.es/SGFM/dctm/MEDIA03/201602/08/00118931301594____1__600x600.jpg","price":"7,90 €","price_unit":"(21,94 € / Kilo)","categories":["Supermercado","Congelados","Platos preparados congelados","Platos preparados diversos","LA COCINA DE SENEN Spanish burger pack 2 tortillas baby sin gluten estuche 360 g + sartén"],"general_information":["Denominación del alimento: Tortilla de patata con cebolla \"Spanish Burguer\"","Nombre del operador: Taller de Pintxos y Tapas, S.LU.","Dirección del operador: C/Alberca Vieja 2, 01001 Vitoria","Cantidad Neta: 360 g","Número de raciones por envase: 2"],"ingredients":[" Patata, huevo pasteurizado, aceite de oliva virgem extra, aceite de girasol, cebolla deshidratada, gelatina, sal. Contiene huevo."],"conservation":" Conservación: Temperatura =-18°C. Una vez descongelado, conservar el producto refrigerado. Consumir en un plazo de 5-6 días.","ean":"8414606782307"},{"full_name":"LA COCINA DE SENEN tortilla de patata con cebolla lista en 5 minutos sin gluten envase 360 g","name":"tortilla de patata con cebolla lista en 5 minutos sin gluten envase 360 g","brand":"LA COCINA DE SENEN ","img":"https://sgfm.elcorteingles.es/SGFM/dctm/MEDIA03/201611/21/00118931301511____3__600x600.jpg","price":"4,90 €","price_unit":"(13,61 € / Kilo)","categories":["Supermercado","Congelados","Platos preparados congelados","Platos preparados diversos","LA COCINA DE SENEN tortilla de patata con cebolla lista en 5 minutos sin gluten envase 360 g"],"general_information":["Denominación del alimento: Tortilla de patata con cebolla \"Spanish Burguer\"","Nombre del operador: Taller de Pintxos y Tapas, S.LU.","Dirección del operador: C/Alberca Vieja 2, 01001 Vitoria","Cantidad Neta: 360 g","Número de raciones por envase: 2"],"ingredients":[" Patata, huevo pasteurizado, aceite de oliva virgem extra, aceite de girasol, cebolla deshidratada, gelatina, sal. Contiene huevo."],"conservation":" Conservación: Temperatura =-18°C. Una vez descongelado, conservar el producto refrigerado. Consumir en un plazo de 5-6 días.","ean":"8414606782154"},{"full_name":"LA COCINA DE SENEN tortilla de patata con morcilla de Burgos sin gluten estuche 360 g","name":"tortilla de patata con morcilla de Burgos sin gluten estuche 360 g","brand":"LA COCINA DE SENEN ","img":"https://sgfm.elcorteingles.es/SGFM/dctm/MEDIA03/201611/21/00118931301750____2__600x600.jpg","price":"5,20 €","categories":["Supermercado","Congelados","Platos preparados congelados","Platos preparados diversos","LA COCINA DE SENEN tortilla de patata con morcilla de Burgos sin gluten estuche 360 g"],"general_information":[],"ingredients":[],"ean":"8414606782383"},{"full_name":"LA COCINA DE SENEN tortilla de patata rellena de queso de cabra sin gluten estuche 360 g","name":"tortilla de patata rellena de queso de cabra sin gluten estuche 360 g","brand":"LA COCINA DE SENEN ","img":"https://sgfm.elcorteingles.es/SGFM/dctm/MEDIA03/201611/21/00118931301768____2__600x600.jpg","price":"5,20 €","categories":["Supermercado","Congelados","Platos preparados congelados","Platos preparados diversos","LA COCINA DE SENEN tortilla de patata rellena de queso de cabra sin gluten estuche 360 g"],"general_information":[],"ingredients":[],"ean":"8414606782390"},{"full_name":"LA COCINA DE SENEN tortilla de patata sin cebolla lista en 5 minutos sin gluten envase 360 g","name":"tortilla de patata sin cebolla lista en 5 minutos sin gluten envase 360 g","brand":"LA COCINA DE SENEN ","img":"https://sgfm.elcorteingles.es/SGFM/dctm/MEDIA03/201611/21/00118931301529____2__600x600.jpg","price":"4,90 €","price_unit":"(13,61 € / Kilo)","categories":["Supermercado","Congelados","Platos preparados congelados","Platos preparados diversos","LA COCINA DE SENEN tortilla de patata sin cebolla lista en 5 minutos sin gluten envase 360 g"],"general_information":[],"ingredients":[],"ean":"8414606782161"},{"full_name":"LA COCINERA mini crepes jamón y queso 6 unidades estuche 255 g","name":"mini crepes jamón y queso 6 unidades estuche 255 g","brand":"LA COCINERA ","img":"https://sgfm.elcorteingles.es/SGFM/dctm/MEDIA03/201603/01/00118931301354____3__600x600.jpg","price":"3,44 €","price_unit":"(13,49 € / Kilo)","categories":["Supermercado","Congelados","Platos preparados congelados","Platos preparados diversos","LA COCINERA mini crepes jamón y queso 6 unidades estuche 255 g"],"general_information":["Denominación del alimento: Crêpes ultracongeladas de jamón y quesos.","Nombre del operador: FINDUS ESPAÑA, S.L.U.","Dirección del operador: P.I. Berroa. C/ Berroa 13, 1ª planta. 31192 Tajonar (Navarra)","Cantidad Neta: 255 g","Otras menciones obligatorias en la etiqueta: Producto ultracongelado."],"ingredients":[" Agua, harina de trigo, jamón cocido (14,4%)(jamón, agua, sal, azúcar, estabilizantes: trifosfato de pentasodio y carragenano, antioxidante: eritorbato sódico, aroma de humo, cebolla), quesos (10,7%)(queso emmental y queso mozzarella), huevo, aceite de girasol, leche desnatada en polvo, almidón de trigo, suero de leche en polvo, almidón modificado de maíz, sal, estabilizantes: goma Guar y goma Xantana, aromas."],"conservation":" Producto ultracongelado. Conservar a -18°C o temperaturas inferiores.","ean":"7613032046279"},{"full_name":"LA FAMILIA DE LOLA huevos con bechamel en rodajas bolsa 400 g","name":"huevos con bechamel en rodajas bolsa 400 g","brand":"LA FAMILIA DE LOLA ","img":"https://sgfm.elcorteingles.es/SGFM/dctm/MEDIA03/201704/26/00118931301891____1__600x600.jpg","price":"3,41 €","price_unit":"(8,52 € / Kilo)","categories":["Supermercado","Congelados","Platos preparados congelados","Platos preparados diversos","LA FAMILIA DE LOLA huevos con bechamel en rodajas bolsa 400 g"],"general_information":[],"ingredients":[],"ean":"8420902035092"}]