[{"full_name":"EL CORTE INGLES nuggets de pollo con salsa barbacoa estuche 350 g","name":"nuggets de pollo con salsa barbacoa estuche 350 g","brand":"EL CORTE INGLES ","img":"https://sgfm.elcorteingles.es/SGFM/dctm/MEDIA03/201606/13/00118928500596____1__600x600.jpg","price":"2,60 €","price_unit":"(7,43 € / Kilo)","categories":["Supermercado","Congelados","Precocinados","Precocinados de carne y pollo congelados","EL CORTE INGLES nuggets de pollo con salsa barbacoa estuche 350 g"],"general_information":[],"ingredients":[],"ean":"8427318475030"},{"full_name":"EL CORTE INGLES cordón bleu bolsa 360 g","name":"cordón bleu bolsa 360 g","brand":"EL CORTE INGLES ","img":"https://sgfm.elcorteingles.es/SGFM/dctm/MEDIA03/201706/15/00118928501610____1__600x600.jpg","price":"3,05 €","price_unit":"(8,47 € / Kilo)","categories":["Supermercado","Congelados","Precocinados","Precocinados de carne y pollo congelados","EL CORTE INGLES cordón bleu bolsa 360 g"],"general_information":["Denominación del alimento: Lomo de cerdo con jamón cocido y queso.\nProducto ultracongelado","Nombre del operador: Elaborado para\nEl Corte Inglés\npor Clavo Food Factory S.A.\nBemil s/n 36650 Caldas de Reis\nPontevedra- España","Cantidad Neta: 360 g","Número de raciones por envase: 4"],"ingredients":[" Ingredientes: Lomo adobado (45%) (lomo de cerdo, pimentón, sal, agua, aceite de girasol, ajo (sulfitos), especias, estabilizante (E 451i), \ngelificante (E 407)), jamón cocido (9%) (jamón de cerdo, agua, sal, leche en polvo, azúcar, maltodextrina de maíz, aromas, \nestabilizantes (E 451 y E 407), antioxidantes (E 316 y E 331), conservador (E 250)) queso (9%) (contiene lisozima de huevo), cobertura [pan rallado (harina de trigo, \nlevadura, grasa de palma, sal, dextrosa de maíz, cacao en polvo y especias), agua, harina de trigo, almidón de maíz y sal. Puede contener trazas de apio, soja, mostaza, pescado, moluscos y crustáceos."],"conservation":" CONSERVACIÓN MÁXIMA EN EL CONGELADOR DE SU FRIGORÍFICO\nConservación en frigorífico casero: 1 día\nEn el congelador del frigorífico\n**** Ver fecha de consumo preferente\n*** Varios meses\n** Un mes\n* Una semana\nConsérvese a temperaturas inferiores a - 18ºC.\nMantenga la calidad respetando las condiciones de conservación.\nProducto ultracongelado, no volver a congelar una vez descongelado.","ean":"8433329077255"},{"full_name":"EL CORTE INGLES empanado de pollo estuche 300 g","name":"empanado de pollo estuche 300 g","brand":"EL CORTE INGLES ","img":"https://sgfm.elcorteingles.es/SGFM/dctm/MEDIA03/201702/02/00118928501370____1__600x600.jpg","price":"1,65 €","price_unit":"(5,50 € / Kilo)","categories":["Supermercado","Congelados","Precocinados","Precocinados de carne y pollo congelados","EL CORTE INGLES empanado de pollo estuche 300 g"],"general_information":["Denominación del alimento: PRODUCTO A BASE DE PECHUGA DE POLLO, EMPANADO, PREFRITO Y ULTRACONGELADO","Nombre del operador: Elaborado para\nEl Corte Inglés por\nEurofrits, S.A.\nC/ López Bravo nº 45 - Polígono Ind. Villalonquéjar\n09001 Burgos\nEspaña","Cantidad Neta: 300 g","Número de raciones por envase: 4"],"ingredients":[" Ingredientes: Carne de pechuga de pollo (60%), harina de trigo,  aceite de girasol, agua, sal, harina de maíz, gluten de trigo, especias, tocino, espesantes (E 407, E 407a, E 412 y E 415), antioxidante E 301, dextrosa, azúcar, fibra de soja, aroma de limón y acidulante E 330."],"conservation":" Condiciones de conservación:\nConservación en frigorífico casero : 1 día\nEn el congelador del frigorífico\n**** Ver fecha de consumo preferente\n*** Varios meses\n** Un mes\n* Una semana\nConsérvese a temperaturas inferiores a -18ºC.\nMantenga la calidad respetando las condiciones de conservación.\nProducto ultracongelado, no volver a congelar una vez descongelado","ean":"8433329076623"},{"full_name":"EL CORTE INGLES fingers de pollo marinado estuche 400 g","name":"fingers de pollo marinado estuche 400 g","brand":"EL CORTE INGLES ","img":"https://sgfm.elcorteingles.es/SGFM/dctm/MEDIA03/201610/28/00118928501289____1__600x600.jpg","price":"3,49 €","price_unit":"(8,72 € / Kilo)","categories":["Supermercado","Congelados","Precocinados","Precocinados de carne y pollo congelados","EL CORTE INGLES fingers de pollo marinado estuche 400 g"],"general_information":["Denominación del alimento: Finger de pollo marinado.\nProducto precocinado ultracongelado","Nombre del operador: Elaborado para\nEl Corte Inglés por\nEurofrits, S.A.\nC/ López Bravo nº 45 - Polígono Ind. Villalonquéjar\n09001 Burgos\nEspaña","Cantidad Neta: 400 g","Número de raciones por envase: aproximadament"],"ingredients":[" Ingredientes: Solomillo de pollo (70%), harina de trigo, aceite de girasol, harina de maíz, sal, especias, azúcar,  espesantes E412 y E415, colorantes E160a y E160e, aromas, potenciador del sabor E621."],"conservation":" Condiciones de conservación:\nConservación en frigorífico casero : 1 día\nEn el congelador del frigorífico\n**** Ver fecha de consumo preferente\n*** Varios meses\n** Un mes\n* Una semana\nConsérvese a temperaturas inferiores a -18ºC.\nMantenga la calidad respetando las condiciones de conservación.\nProducto ultracongelado, no volver a congelar una vez descongelado","ean":"8433329069830"},{"full_name":"EL CORTE INGLES pechuga villaroy 2 unidades bolsa 300 g","name":"pechuga villaroy 2 unidades bolsa 300 g","brand":"EL CORTE INGLES ","img":"https://sgfm.elcorteingles.es/SGFM/dctm/MEDIA03/201706/15/00118928501628____1__600x600.jpg","price":"2,60 €","price_unit":"(8,67 € / Kilo)","categories":["Supermercado","Congelados","Precocinados","Precocinados de carne y pollo congelados","EL CORTE INGLES pechuga villaroy 2 unidades bolsa 300 g"],"general_information":["Denominación del alimento: Pechugas de pollo recubiertas con bechamel. Producto ultracongelado","Nombre del operador: Elaborado para\nEl Corte Inglés\npor Clavo Food Factory S.A.\nBemil s/n 36650 Caldas de Reis\nPontevedra- España","Cantidad Neta: 300 g","Número de raciones por envase: 2"],"ingredients":[" Ingredientes: Pechuga de pollo (40%), cobertura [bechamel (agua, lactosuero, leche en polvo, almidón, aceite de girasol, almidón de trigo, espesante (E 401), endurecedor (E 516), estabilizantes (E 450iii y E 451i), sal y especia), pan rallado (harina de trigo, agua, sal, levadura, grasa de palma, azúcar, malta de cebada y especias), agua, almidón, harina de trigo, sal y potenciador del sabor (E 621)]. Puede contener trazas de huevo, soja, apio, mostaza, sulfitos, pescado, moluscos y crustáceos."],"conservation":" CONSERVACIÓN MÁXIMA EN EL CONGELADOR DE SU FRIGORÍFICO\nConservación en frigorífico casero: 1 día\nEn el congelador del frigorífico\n**** Ver fecha de consumo preferente\n*** Varios meses\n** Un mes\n* Una semana\nConsérvese a temperaturas inferiores a - 18ºC.\nMantenga la calidad respetando las condiciones de conservación.\nProducto ultracongelado, no volver a congelar una vez descongelado.","ean":"8433329077248"},{"full_name":"EL CORTE INGLES nugget de pollo empanado fino y crujiente estuche 350 g","name":"nugget de pollo empanado fino y crujiente estuche 350 g","brand":"EL CORTE INGLES ","img":"https://sgfm.elcorteingles.es/SGFM/dctm/MEDIA03/201702/02/00118928501362____1__600x600.jpg","price":"2,60 €","price_unit":"(7,43 € / Kilo)","categories":["Supermercado","Congelados","Precocinados","Precocinados de carne y pollo congelados","EL CORTE INGLES nugget de pollo empanado fino y crujiente estuche 350 g"],"general_information":["Denominación del alimento: NUGGETS DE PECHUGA DE POLLO. PRODUCTO PRECOCINADO ULTRACONGELADO","Nombre del operador: Elaborado para\nEl Corte Inglés por\nEurofrits, S.A.\nC/ López Bravo nº 45 - Polígono Ind. Villalonquéjar\n09001 Burgos\nEspaña","Cantidad Neta: 350 g","Número de raciones por envase: 5"],"ingredients":[" Ingredientes: Carne de pechuga de pollo (55%), harina de trigo, aceite de girasol, fibra de soja, almidón de maíz, sal, azúcar, especias, espesante (E 412), antioxidante (E 301), dextrosa, aroma de limón y acidulante (E 330)."],"conservation":" Condiciones de conservación:\nConservación en frigorífico casero : 1 día\nEn el congelador del frigorífico\n**** Ver fecha de consumo preferente\n*** Varios meses\n** Un mes\n* Una semana\nConsérvese a temperaturas inferiores a -18ºC.\nMantenga la calidad respetando las condiciones de conservación.\nProducto ultracongelado, no volver a congelar una vez descongelado","ean":"8433329077088"},{"full_name":"ALIADA nuggets de pollo bolsa 450 g","name":"nuggets de pollo bolsa 450 g","brand":"ALIADA ","img":"https://sgfm.elcorteingles.es/SGFM/00/67/3/0201128500673/0201128500673000g01011.jpg","price":"2,10 €","price_unit":"(4,67 € / Kilo)","categories":["Supermercado","Congelados","Precocinados","Precocinados de carne y pollo congelados","ALIADA nuggets de pollo bolsa 450 g"],"general_information":["Denominación del alimento: Nugget de Pollo. Producto Precocinado Ultracongelado","Nombre del operador: Elaborado para\nEl  Grupo El Corte Inglés\nHermosilla, 112   28009 Madrid - España\npor NIF: A-09292640","Cantidad Neta: 450 g","Número de raciones por envase: aproximadament"],"ingredients":[" Ingredientes: Carne de pollo 45%, harina de trigo, aceite girasol, tocino, almidón de maíz, proteína soja, sal, gasificantes (E450, E500, E575), espesantes (E407, E461), colorante E101, dextrosa, azúcar, emulgente E471, especias, antioxidante E301, aroma de limón, acidulante E330."],"conservation":" Condiciones de conservación:\nConservación en frigorífico casero : 1 día\nEn el congelador del frigorífico\n**** Ver fecha de consumo preferente\n*** Varios meses\n** Un mes\n* Una semana\nConsérvese a temperaturas inferiores a -18ºC.\nMantenga la calidad respetando las condiciones de conservación.\nProducto ultracongelado, no volver a congelar una vez descongelado","ean":"8433329044134"},{"full_name":"ALIADA san jacobo empanado 4 unidades bolsa 320 g","name":"san jacobo empanado 4 unidades bolsa 320 g","brand":"ALIADA ","img":"https://sgfm.elcorteingles.es/SGFM/dctm/MEDIA03/201605/18/00118928501271____1__600x600.jpg","price":"0,96 €","price_unit":"(3 € / Kilo)","categories":["Supermercado","Congelados","Precocinados","Precocinados de carne y pollo congelados","ALIADA san jacobo empanado 4 unidades bolsa 320 g"],"general_information":["Denominación del alimento: Producto precocinado ultracongelado. San Jacobo de fiambre de magro de cerdo y preparado lácteo","Nombre del operador: Elaborado para\nEl Grupo El Corte Inglés\nHermosilla, 112 28009 Madrid - España\npor NIF: A-09292640","Cantidad Neta: 320 g","Número de raciones por envase: 4"],"ingredients":[" Ingredientes: Fiambre de carne de cerdo (40%) (carne de cerdo, agua, almidón, sal, proteína de soja, dextrosa, estabilizante E451, antioxidantes (E331, E316), aroma, especias, gelificantes (E415, E410), conservador E250 y colorante E120)), harina de trigo, preparado lácteo (9%) (queso, agua, almidón (trigo), acidulante E331, aromas (derivados lácteos), espesante E461, potenciadores del sabor (E621, E635)), almidón modificado, sal, grasa vegetal (girasol y palma), especias, emulgente E471."],"conservation":" CONSERVACIÓN MÁXIMA EN EL CONGELADOR DE SU FRIGORÍFICO\nConservación en frigorífico casero: 1 día\nEn el congelador del frigorífico\n**** Ver fecha de consumo preferente\n*** Varios meses\n** Un mes\n* Una semana\nConsérvese a temperaturas inferiores a - 18ºC.\nMantenga la calidad respetando las condiciones de conservación.\nProducto ultracongelado, no volver a congelar una vez descongelado.","ean":"8433329065375"},{"full_name":"DON PANCHO taco locco de pollo y queso con salsa 4 unidades estuche 233 g","name":"taco locco de pollo y queso con salsa 4 unidades estuche 233 g","brand":"DON PANCHO ","img":"https://sgfm.elcorteingles.es/SGFM/dctm/MEDIA03/201607/27/00118959601602____1__600x600.jpg","price":"3,70 €","price_unit":"(15,88 € / Kilo)","categories":["Supermercado","Congelados","Precocinados","Precocinados de carne y pollo congelados","DON PANCHO taco locco de pollo y queso con salsa 4 unidades estuche 233 g"],"general_information":["Denominación del alimento: Taco locco de pollo y queso","Nombre del operador: Grupo Industrial Pancho Mex S.L","Dirección del operador: Carretera Candeleda a Oropesa, km 2.6 - 05480 Candeleda (Ávila) España","Cantidad Neta: 233 g"],"ingredients":[" Guiso de relleno 46%: [salsa de tomate (tomate, aceite de girasol, sal, azúcar, almidón modificado de maíz, especias, acidulante (E-330)), pollo (26%) (pechuga de pollo, agua, almidón, sal, maltodextrina, dextrosa, sirope de glucosa), cebolla asada, pimiento verde asado, queso Gouda (5%) (leche pasteurizada de vaca, sal, ácido láctico, cuajo, colorante (E-160a)), puré de habanero (pimiento habanero, agua, vinagre de alcohol, sal), conservador (E-202)]; Tortilla de trigo 36%: [Harina de trigo, agua, grasa vegetal de palma, estabilizantes (E-422, E-412), dextrosa, sal, acidulantes (E-296, E-330), emulgente (E-471), conservadores (E-202, E-282), gasificante (E-500ii)]; Rebozo 17%: [Agua, harina de trigo, harina  de maíz, sal, gasificantes (E-450i, E-500ii), espesantes (E-466, E-412, colorante (E-101i), cerveza (agua, malta de cebada, maíz, lúpulo), espesante (E-461)] y aceite de girasol alto oleico.  Puede contener trazas de soja y sulfitos.Salsa brava (25g): Tomate, jarabe de glucosa y fructosa, vinagre de alcohol, almidón modificado de maíz, sal, estabilizantes (E-412, E-410, E-407), aromas naturales, acidulante (E-330), extracto de cayena, conservadores (E-211, E-202)."],"conservation":" Producto congelado. Conservar a -18°C. No volver a congelar tras su descongelación. Una vez descongelado el producto, conservar en refrigeración entre 0°C y 7°C, y consumir antes de 24 horas.","ean":"8437003629440"},{"full_name":"IL SOLE tiritas de pollo asado 3 porciones bolsa 300 g","name":"tiritas de pollo asado 3 porciones bolsa 300 g","brand":"IL SOLE ","img":"https://sgfm.elcorteingles.es/SGFM/dctm/MEDIA02/CONTENIDOS/201505/13/00118928501206____2__600x600.jpg","price":"3,14 €","price_unit":"(10,47 € / Kilo)","categories":["Supermercado","Congelados","Precocinados","Precocinados de carne y pollo congelados","IL SOLE tiritas de pollo asado 3 porciones bolsa 300 g"],"general_information":[],"ingredients":[],"ean":"8032909904204"},{"full_name":"WALL'S salchichas de cerdo gruesas 16 unidades envase 725 g","name":"salchichas de cerdo gruesas 16 unidades envase 725 g","brand":"WALL'S ","img":"https://sgfm.elcorteingles.es/SGFM/dctm/MEDIA03/201704/12/00201113400236____1__600x600.jpg","price":"5,79 €","price_unit":"(7,99 € / Kilo)","categories":["Supermercado","Congelados","Precocinados","Precocinados de carne y pollo congelados","WALL'S salchichas de cerdo gruesas 16 unidades envase 725 g"],"general_information":[],"ingredients":[],"ean":"5000187104657"},{"full_name":"LA COCINERA pollo empanado 4 unidades estuche 330","name":"pollo empanado 4 unidades estuche 330 ","brand":"LA COCINERA ","img":"https://sgfm.elcorteingles.es/SGFM/dctm/MEDIA03/201603/01/00118928500091____2__600x600.jpg","price":"3,48 €            ","price_unit":"(9,85 € / Kilo)","categories":["Supermercado","Congelados","Precocinados","Precocinados de carne y pollo congelados","LA COCINERA pollo empanado 4 unidades estuche 330"],"general_information":["Denominación del alimento: Porciones empanadas de preparado de  pechuga de gallina picada, prefrita y ultracongelada.","Nombre del operador: FINDUS ESPAÑA, S.L.U.","Dirección del operador: P.I. Berroa. C/ Berroa 13, 1ª planta. 31192 Tajonar (Navarra)","Cantidad Neta: 330 g","Otras menciones obligatorias en la etiqueta: Producto ultracongelado."],"ingredients":[" Pechuga de gallina, agua, pan rallado (harina de trigo, grasa de palma (contiene antioxidante: extracto rico en tocoferoles), sal, extracto de malta de cebada, gasificantes: E500 y E503, levadura (contiene huevo), corrector de acidez: E341, agente de tratamiento de la harina: E223 y antioxidante: E306), aceite de girasol, extrusionado de trigo (harina de trigo, dextrosa y sal), grasa vegetal (palma, girasol y coco en proporción variable), harina de trigo, proteínas de la leche, fécula de patata, sal, acidulante: ácido cítrico, pimienta. Puede contener trazas de soja, sésamo, frutos de cáscara, pescado, moluscos y crustáceos."],"conservation":" Producto ultracongelado. Conservar a -18°C o temperaturas inferiores.","ean":"8410200051252"},{"full_name":"LA COCINERA nuggets de pollo rebozado fino familiar 25 unidades estuche 400 g","name":"nuggets de pollo rebozado fino familiar 25 unidades estuche 400 g","brand":"LA COCINERA ","img":"https://sgfm.elcorteingles.es/SGFM/dctm/MEDIA03/201611/10/00118928500745____2__600x600.jpg","price":"3,48 €            ","price_unit":"(8,12 € / Kilo)","categories":["Supermercado","Congelados","Precocinados","Precocinados de carne y pollo congelados","LA COCINERA nuggets de pollo rebozado fino familiar 25 unidades estuche 400 g"],"general_information":["Denominación del alimento: Porciones empanadas de preparado de pechuga de gallina picada, prefritas y ultracongeladas.","Nombre del operador: FINDUS ESPAÑA, S.L.U.","Dirección del operador: P.I. Berroa. C/ Berroa 13, 1ª planta. 31192 Tajonar (Navarra)","Cantidad Neta: 400 g","Otras menciones obligatorias en la etiqueta: Producto ultracongelado."],"ingredients":[" Pechuga de gallina (31,5%), agua, pan rallado (harina de trigo, agua, sal, levadura y especias), aceite de girasol, harina de trigo, cebolla frita (cebolla y aceite de girasol), extrusionado de trigo (harina de trigo, dextrosa y sal), grasa vegetal (palma, girasol y coco en proporción variable), almidón de trigo, sal, proteínas de la leche, almidón modificado de maíz, correctores de acidez: bicarbonato de sodio y glucono-delta-lactona, azúcar, acidulante: ácido cítrico y especias. Puede contener trazas de huevo, soja, sésamo, pescado, moluscos y crustáceos."],"conservation":" Producto ultracongelado. Conservar a -18°C o temperaturas inferiores.","ean":"7613033275869"},{"full_name":"LA COCINERA nuggets de pavo estuche 350 g","name":"nuggets de pavo estuche 350 g","brand":"LA COCINERA ","img":"https://sgfm.elcorteingles.es/SGFM/dctm/MEDIA03/201603/01/00118928500893____1__600x600.jpg","price":"3,39 €            ","price_unit":"(9,29 € / Kilo)","categories":["Supermercado","Congelados","Precocinados","Precocinados de carne y pollo congelados","LA COCINERA nuggets de pavo estuche 350 g"],"general_information":["Denominación del alimento: Porciones empanadas de preparado de  pechugas de pavo picadas, prefritas y ultracongeladas.","Nombre del operador: FINDUS ESPAÑA, S.L.U.","Dirección del operador: P.I. Berroa. C/ Berroa 13, 1ª planta. 31192 Tajonar (Navarra)","Cantidad Neta: 350 g","Otras menciones obligatorias en la etiqueta: Producto ultracongelado."],"ingredients":[" Pechuga de pavo (33,5%), agua, pan rallado (harina de trigo, agua, sal, levadura y especias), aceite de girasol, harina de trigo, cebolla, extrusionado de trigo (harina de trigo, dextrosa, sal), grasa vegetal (palma, coco y girasol en proporción variable), almidón de trigo, sal, proteinas de leche, almidón modificado de maíz, azúcar, correctores de la acidez: bicarbonato de sodio, glucono-delta-lactona y ácido cítrico, especias. Puede contener trazas de huevo, frutos secos, soja, sesamo, pescado, crustáceos y moluscos."],"conservation":" Producto ultracongelado. Conservar a -18°C o temperaturas inferiores.","ean":"7613034203663"},{"full_name":"LA COCINERA nuggets de pollo con queso estuche 350 g","name":"nuggets de pollo con queso estuche 350 g","brand":"LA COCINERA ","img":"https://sgfm.elcorteingles.es/SGFM/dctm/MEDIA03/201603/01/00118928500380____1__600x600.jpg","price":"3,48 €            ","price_unit":"(9,29 € / Kilo)","categories":["Supermercado","Congelados","Precocinados","Precocinados de carne y pollo congelados","LA COCINERA nuggets de pollo con queso estuche 350 g"],"general_information":["Denominación del alimento: PORCIONES EMPANADAS, PREFRITAS Y ULTRACONGELADAS CON PECHUGA PICADA DE GALLINA Y QUESO.","Nombre del operador: FINDUS ESPAÑA, S.L.U.","Dirección del operador: P.I. Berroa. C/ Berroa 13, 1ª planta. 31192 Tajonar (Navarra)","Cantidad Neta: 350 g","Otras menciones obligatorias en la etiqueta: Producto ultracongelado."],"ingredients":[" Carne de gallina (22,1%), pan rallado (harina de trigo, sal, levadura y especias), agua, queso Cheddar (15,2%) (contiene colorante: E160b), aceite de girasol, harina de trigo, cebolla, extrusionado de trigo (harina de trigo, dextrosa y sal), grasa vegetal (palma, girasol y coco en proporción variable), sal, proteínas de la leche, almidón modificado de maíz y aroma natural. Puede contener trazas de huevo, frutos de cáscara, soja, sésamo, pescado, moluscos y crustáceos."],"conservation":" Producto ultracongelado. Conservar a -18°C o temperaturas inferiores.","ean":"8410100053301"},{"full_name":"LA COCINERA nuggets de pollo con salsa barbacoa 12 unidades estuche 350 g","name":"nuggets de pollo con salsa barbacoa 12 unidades estuche 350 g","brand":"LA COCINERA ","img":"https://sgfm.elcorteingles.es/SGFM/dctm/MEDIA03/201603/01/00118928500166____2__600x600.jpg","price":"3,48 €            ","price_unit":"(9,29 € / Kilo)","categories":["Supermercado","Congelados","Precocinados","Precocinados de carne y pollo congelados","LA COCINERA nuggets de pollo con salsa barbacoa 12 unidades estuche 350 g"],"general_information":["Denominación del alimento: Porciones empanadas, prefritas y ultracongeladas con pechuga picada de gallina y salsa barbacoa.","Nombre del operador: FINDUS ESPAÑA, S.L.U.","Dirección del operador: P.I. Berroa. C/ Berroa 13, 1ª planta. 31192 Tajonar (Navarra)","Cantidad Neta: 350 g","Otras menciones obligatorias en la etiqueta: Producto ultracongelado."],"ingredients":[" Nuggets (305g): pechuga de gallina (28,7%), pan rallado (harina de trigo, agua, sal, levadura y especias), agua, aceite de girasol, harina de trigo, cebolla frita (cebolla y aceite de girasol), extrusionado de trigo (harina de trigo, dextrosa y sal), grasa vegetal (palma, girasol y coco en proporción variable), cebolla en polvo, almidón de trigo, sal, ajo, proteínas de la leche (contiene lactosa), especias y hierbas aromáticas, almidón modificado de maíz, aroma, aroma de humo. Puede contener trazas de huevo, frutos de cáscara, soja, sésamo, pescados, moluscos y crustáceos. Salsa barbacoa (45g): tomate, azúcar, jarabe de glucosa y fructosa, vinagre de alcohol, colorante: E150d, sal, mostaza, aroma de humo, aroma, ajo en polvo, estabilizante: goma xantana y especias. Contiene sulfitos."],"conservation":" Producto ultracongelado. Conservar a -18°C o temperaturas inferiores.","ean":"8410200081860"},{"full_name":"LA COCINERA alitas de pollo asadas a la barbacoa estuche 300 g","name":"alitas de pollo asadas a la barbacoa estuche 300 g","brand":"LA COCINERA ","img":"https://sgfm.elcorteingles.es/SGFM/dctm/MEDIA03/201603/01/00118928501131____2__600x600.jpg","price":"3,48 €            ","price_unit":"(10,83 € / Kilo)","categories":["Supermercado","Congelados","Precocinados","Precocinados de carne y pollo congelados","LA COCINERA alitas de pollo asadas a la barbacoa estuche 300 g"],"general_information":["Denominación del alimento: Alas de pollo adobadas, asadas y ultracongeladas.","Nombre del operador: FINDUS ESPAÑA, S.L.U.","Dirección del operador: P.I. Berroa. C/ Berroa 13, 1ª planta. 31192 Tajonar (Navarra)","Cantidad Neta: 300 g","Otras menciones obligatorias en la etiqueta: Producto ultracongelado."],"ingredients":[" Alas de pollo (86%), agua, sal, almidón modificado, almidón, dextrosa, especias y plantas aromáticas, tomate en polvo, aromas naturales, azúcares y estabilizantes: E451 y E452. Puede contener trazas de gluten, leche, huevo y soja."],"conservation":" Producto ultracongelado. Conservar a -18°C o temperaturas inferiores.","ean":"7613033338144"},{"full_name":"LA COCINERA fingers de pollo 16 unidades aprox estuche 320 g","name":"fingers de pollo 16 unidades aprox estuche 320 g","brand":"LA COCINERA ","img":"https://sgfm.elcorteingles.es/SGFM/dctm/MEDIA03/201603/01/00118928500836____2__600x600.jpg","price":"3,48 €            ","price_unit":"(10,16 € / Kilo)","categories":["Supermercado","Congelados","Precocinados","Precocinados de carne y pollo congelados","LA COCINERA fingers de pollo 16 unidades aprox estuche 320 g"],"general_information":["Denominación del alimento: Porciones empanadas de preparado de pechuga picada de gallina, prefritas y ultracongeladas.","Nombre del operador: FINDUS ESPAÑA, S.L.U.","Dirección del operador: P.I. Berroa. C/ Berroa 13, 1ª planta. 31192 Tajonar (Navarra)","Cantidad Neta: 320 g","Otras menciones obligatorias en la etiqueta: Producto ultracongelado."],"ingredients":[" Pechuga de gallina (50,9%), pan rallado (harina de trigo, grasa de palma (con extractos ricos en tocoferoles), sal, extracto de malta de cebada, gasificantes: carbonatos de sodio y de amonio, levadura (contiene lisozima de huevo), corrector de la acidez: fosfatos de calcio y agente de tratamiento de la harina: metabisulfito sódico), agua, harina de trigo, aceite de girasol, almidon de trigo, sal, ajo, especias, aroma. Puede contener trazas de soja, leche, sésamo, pescado, moluscos y crustáceos."],"conservation":" Producto ultracongelado. Conservar a -18°C o temperaturas inferiores.","ean":"7613034003034"},{"full_name":"LA COCINERA cordon bleu de cerdo jamón y queso 4 unidades estuche 376 g","name":"cordon bleu de cerdo jamón y queso 4 unidades estuche 376 g","brand":"LA COCINERA ","img":"https://sgfm.elcorteingles.es/SGFM/dctm/MEDIA03/201603/01/00118928501263____2__600x600.jpg","price":"4,40 €            ","price_unit":"(8,64 € / Kilo)","categories":["Supermercado","Congelados","Precocinados","Precocinados de carne y pollo congelados","LA COCINERA cordon bleu de cerdo jamón y queso 4 unidades estuche 376 g"],"general_information":["Denominación del alimento: PORCIONES DE PREPARADO DE CARNE PICADA DE CERDO, FIAMBRE DE JAMÓN Y QUESO FUNDIDO, EMPANADAS, PREFRITAS Y ULTRACONGELADAS.","Nombre del operador: FINDUS ESPAÑA, S.L.U.","Dirección del operador: P.I. Berroa. C/ Berroa 13, 1ª planta. 31192 Tajonar (Navarra)","Cantidad Neta: 376 g","Otras menciones obligatorias en la etiqueta: Producto ultracongelado."],"ingredients":[" Carne de cerdo (34,5%), pan rallado [harina de trigo, grasa de palma (con antioxidante: extracto rico en tocoferoles), sal, extracto de malta de cebada, gasificantes: carbonatos de sodio y de amonio, levadura (contiene lisozima de huevo), corrector de la acidez: fosfatos de calcio y agente de tratamiento de la harina: metabisulfito sódico], fiambre de jamón (jamón de cerdo, agua, almidón de trigo, sal, emulgentes: E451, E452, E407 y E410, dextrosa, antioxidantes: E316 y 250), aceite de girasol, agua, queso fundido (8,8%) (queso, proteínas de leche, mantequilla, agua, sales de fundido: E330, E339, E452 y E331, sal), harina de trigo, grasa vegetal (palma, girasol y coco en proporción variable), fécula de patata, concentrado de proteína de trigo, almidón de trigo, almidón modificado de maíz, sal, leche desnatada en polvo, acidulante: ácido cítrico y aroma. Puede contener trazas de soja, sésamo, frutos de cáscara, pescado, moluscos y crustáceos."],"conservation":" Producto ultracongelado. Conservar a -18°C o temperaturas inferiores.","ean":"8410200051276"},{"full_name":"LA COCINERA San Jacobos jamón y queso empanado 5 unidades estuche 388 g","name":"San Jacobos jamón y queso empanado 5 unidades estuche 388 g","brand":"LA COCINERA ","img":"https://sgfm.elcorteingles.es/SGFM/dctm/MEDIA03/201603/01/00118928500075____1__600x600.jpg","price":"3,48 €            ","price_unit":"(8,38 € / Kilo)","categories":["Supermercado","Congelados","Precocinados","Precocinados de carne y pollo congelados","LA COCINERA San Jacobos jamón y queso empanado 5 unidades estuche 388 g"],"general_information":["Denominación del alimento: Porciones prefritas de fiambre de magro rellenas de crema de queso, empanadas y ultracongeladas.","Nombre del operador: FINDUS ESPAÑA, S.L.U.","Dirección del operador: P.I. Berroa. C/ Berroa 13, 1ª planta. 31192 Tajonar (Navarra)","Cantidad Neta: 388 g","Otras menciones obligatorias en la etiqueta: Producto ultracongelado."],"ingredients":[" Fiambre de magro de cerdo (47,5%) [magro de cerdo, agua, almidón de trigo, sal, estabilizantes: E451, E452, E407, E410 y E508, dextrosa de trigo, antioxidantes: E316 y E250], pan rallado (harina de trigo, grasa de palma, sal, extracto de malta de cebada, gasificantes: E500 y E503, levadura (contiene huevo), corrector de acidez: E341, antioxidante: E306, agente de tratamiento de la harina: metabisulfito sódico), aceite de girasol, leche desnatada en polvo reconstituida, harina de trigo, almidón de trigo, almidón modificado de maíz, queso fundido (1,6%) (queso, proteínas de la leche , agua, sales fundentes: E331, E330, E452i y E339, sal), grasa vegetal (palma, coco, girasol en proporción variable), queso emmental (0,5%), sal, estabilizante: E451i, corrector de acidez: ácido citrico. Puede contener trazas de pescado, moluscos, crustaceos, frutos de cáscara, soja y sésamo."],"conservation":" Producto ultracongelado. Conservar a -18°C o temperaturas inferiores.","ean":"7613034625847"},{"full_name":"LA COCINERA mini San Jacobos 16 unidades estuche 300 g","name":"mini San Jacobos 16 unidades estuche 300 g","brand":"LA COCINERA ","img":"https://sgfm.elcorteingles.es/SGFM/dctm/MEDIA03/201603/01/00118928500695____2__600x600.jpg","price":"3,48 €            ","price_unit":"(10,83 € / Kilo)","categories":["Supermercado","Congelados","Precocinados","Precocinados de carne y pollo congelados","LA COCINERA mini San Jacobos 16 unidades estuche 300 g"],"general_information":["Denominación del alimento: Porciones prefritas de fiambre de magro rellenas de crema de queso y rebozadas con pan crujiente, ultracongeladas.","Nombre del operador: FINDUS ESPAÑA, S.L.U.","Dirección del operador: P.I. Berroa. C/ Berroa 13, 1ª planta. 31192 Tajonar (Navarra)","Cantidad Neta: 300 g","Otras menciones obligatorias en la etiqueta: Producto ultracongelado."],"ingredients":[" Fiambre de magro de cerdo 50,6% [magro de cerdo, agua, almidón de trigo, sal, estabilizantes (E451, E452, E407, E410, E508), dextrosa, antioxidantes (E316 y E250)], aceite de girasol, pan rallado (harina de trigo, grasa de palma (con extractos ricos en tocoferoles), sal, extracto de malta de cebada, gasificantes: carbonatos de sodio y de amonio, levadura (contiene lisozima de huevo), corrector de la acidez: fosfatos de calcio y agente de tratamiento de la harina: metabisulfito sódico), harina de trigo, almidón de trigo, almidón modificado de maíz, queso fundido (1,8%) (queso, proteínas de leche, estabilizantes: E330, E339, E452, E331), grasa vegetal (palma, coco, girasol), leche desnatada en polvo, queso emmental (0,6%), sal, estabilizante: E451, acidulante: ácido cítrico. Puede contener trazas de frutos de cáscara, soja, sésamo, pescado, moluscos y crustáceos."],"conservation":" Producto ultracongelado. Conservar a -18°C o temperaturas inferiores.","ean":"7613032594916"},{"full_name":"MAHESO nuggets de pollo 2 minutos bolsa 500 g","name":"nuggets de pollo 2 minutos bolsa 500 g","brand":"MAHESO ","img":"https://sgfm.elcorteingles.es/SGFM/dctm/MEDIA02/CONTENIDOS/201503/20/00118928501198____1__600x600.jpg","price":"2,99 €","price_unit":"(5,98 € / Kilo)","categories":["Supermercado","Congelados","Precocinados","Precocinados de carne y pollo congelados","MAHESO nuggets de pollo 2 minutos bolsa 500 g"],"general_information":["Denominación del alimento: Nuggets de pollo (porciones de pollo rebozadas)","País de origen: España","Nombre del operador: Gedesco S.A.","Dirección del operador: P.I. La Ferreria,  Avda de La Ferreria 59-71, 08110 Montcada i Reixac, Barcelona","Cantidad Neta: 500 g","Otras menciones obligatorias en la etiqueta: Plato preparado ultracongelado."],"ingredients":[" Relleno (62%): Pollo* (62%), agua, proteína vegetal (soja y trigo), copo de patata, pan rallado (harina de trigo, agua, levadura, sal), sal, harina y fibra de trigo, huevo en polvo, estabilizante (E 464), aroma (contiene huevo) y potenciadores del sabor (E 621, E 631, E 627). *Carne separada mecánicamente de pollo (recorte de pechuga de pollo). (Porcentajes calculados en base al relleno). Empanado: aceite de girasol, agua, pan rallado (harina de trigo, agua, levadura, sal),  harina de trigo y de maíz, gasificantes (bicarbonato sódico, E 450), almidón de trigo, sal, espesante (goma de guar), concentrado de vegetales y almidón modificado. Consultar trazas de alérgenos. Contiene gluten, soja, huevo. Este producto ha sido elaborado en una fábrica que emplea: leche, pescado, crustáceos, moluscos, frutos de cáscara, apio, mostaza y sésamo."],"conservation":" Conservar a -18°C. Una vez descongelado, no volver a congelar.","ean":"8410705003640"},{"full_name":"MAHESO pechuguitas de pollo empanadas 8 unidades aprox estuche 300 g","name":"pechuguitas de pollo empanadas 8 unidades aprox estuche 300 g","brand":"MAHESO ","img":"https://sgfm.elcorteingles.es/SGFM/dctm/MEDIA02/CONTENIDOS/201601/27/00118928501032____1__600x600.jpg","price":"2,99 €","price_unit":"(9,97 € / Kilo)","categories":["Supermercado","Congelados","Precocinados","Precocinados de carne y pollo congelados","MAHESO pechuguitas de pollo empanadas 8 unidades aprox estuche 300 g"],"general_information":["Denominación del alimento: Porciones de pechuga de pollo marinadas, empanadas y prefritas elaboradas a partir de piezas de carne.","País de origen: España","Nombre del operador: Gedesco S.A.","Dirección del operador: P.I. La Ferreria,  Avda de La Ferreria 59-71, 08110 Montcada i Reixac, Barcelona","Cantidad Neta: 300 g","Otras menciones obligatorias en la etiqueta: Plato preparado ultracongelado."],"ingredients":[" Pechuga de pollo marinada (62%): Pechuga de pollo (82%)*, agua, sal, maltodextrina, estabilizantes (E 451, E 450), azúcar, cebolla en polvo, aceites esenciales, especias). *Porcentaje calculado en base al total de pechuga marinada. Empanado: pan rallado (harina de trigo, agua, sal, levadura), aceite de girasol, agua, almidón de trigo, fécula de patata, harina y gluten de trigo, sal y especias. Consultar trazas de alérgenos. Contiene gluten. Este producto ha sido elaborado en una fábrica que emplea: leche, huevo, soja, pescado, crustáceos, moluscos, frutos de cáscara, apio, mostaza y sésamo."],"conservation":" Conservar a -18°C. Una vez descongelado, no volver a congelar.","ean":"8410705007877"},{"full_name":"MAHESO nuggets de pollo sin gluten estuche 300 g","name":"nuggets de pollo sin gluten estuche 300 g","brand":"MAHESO ","img":"https://sgfm.elcorteingles.es/SGFM/dctm/MEDIA03/201602/12/00118928500927____1__600x600.jpg","price":"2,99 €","price_unit":"(9,97 € / Kilo)","categories":["Supermercado","Congelados","Precocinados","Precocinados de carne y pollo congelados","MAHESO nuggets de pollo sin gluten estuche 300 g"],"general_information":["Denominación del alimento: Nuggets de pollo sin gluten.","País de origen: España","Nombre del operador: Gedesco S.A.","Dirección del operador: P.I. La Ferreria,  Avda de La Ferreria 59-71, 08110 Montcada i Reixac, Barcelona","Cantidad Neta: 300 g","Otras menciones obligatorias en la etiqueta: Plato preparado ultracongelado."],"ingredients":[" Relleno (62%): pollo* (61%), agua, proteína de soja, harina de arroz y maíz, copo de patata, fibra de bambú, sal, aromas (contiene huevo), huevo en polvo y albúmina de huevo. (Porcentajes calculados en base al relleno). *Carne separada mecánicamente de pollo. Rebozado: preparado para rebozar [harinas de maíz y de arroz, almidón de maíz, almidón modificado, sal, gasificantes (bicarbonato sódico y difosfato disódico), espesantes (goma guar, metil celulosa)], agua, aceite de girasol, fécula de patata, harina de maíz, sal, almidón de maíz, espesante (goma xantana) y concentrado de vegetales. Contiene: huevo y soja. Este producto ha sido elaborado en una fábrica que emplea: leche, pescado, crustáceos, moluscos, frutos de cáscara, apio, mostaza y sésamo."],"conservation":" Conservar a -18°C. Una vez descongelado, no volver a congelar.","ean":"8410705022184"},{"full_name":"MAHESO Pop nuggets palomitas de pollo 4 raciones de 10 unidades estuche 300 g","name":"Pop nuggets palomitas de pollo 4 raciones de 10 unidades estuche 300 g","brand":"MAHESO ","img":"https://sgfm.elcorteingles.es/SGFM/dctm/MEDIA03/201602/12/00118928500802____1__600x600.jpg","price":"2,99 €","price_unit":"(9,97 € / Kilo)","categories":["Supermercado","Congelados","Precocinados","Precocinados de carne y pollo congelados","MAHESO Pop nuggets palomitas de pollo 4 raciones de 10 unidades estuche 300 g"],"general_information":["Denominación del alimento: Nuggets pop","País de origen: España","Nombre del operador: Gedesco S.A.","Dirección del operador: P.I. La Ferreria,  Avda de La Ferreria 59-71, 08110 Montcada i Reixac, Barcelona","Cantidad Neta: 300 g","Otras menciones obligatorias en la etiqueta: Plato preparado ultracongelado."],"ingredients":[" Empanado: pan rallado [harina de trigo, levadura, sal], agua, patata deshidratada, almidón de patata, antioxidante (E223), gluten de trigo, sal, aceite de girasol, almidón de trigo, fécula de patata, harina de trigo, especias y caldo deshidratado sabor pollo (contiene gluten y potenciador del sabor (glutamato monosódico)). Relleno (45%): Pechuga de pollo (82%)*, agua, sal, maltodextrina, estabilizantes (E451, E450), azúcar, cebolla en polvo, aceites esenciales, extractos de especia. *Porcentaje calculado en base al total del relleno. Contiene gluten. Este producto ha sido elaborado en una fábrica que emplea: leche, huevo, soja, pescado, crustáceos, moluscos, frutos de cáscara, apio, mostaza y sésamo."],"conservation":" Conservar a -18°C. Una vez descongelado, no volver a congelar.","ean":"8410705007853"},{"full_name":"MAHESO finger de pollo con pechuga entera sin gluten bolsa 300 g","name":"finger de pollo con pechuga entera sin gluten bolsa 300 g","brand":"MAHESO ","img":"https://sgfm.elcorteingles.es/SGFM/dctm/MEDIA02/CONTENIDOS/201505/21/00118928501214____1__600x600.jpg","price":"2,99 €","price_unit":"(9,97 € / Kilo)","categories":["Supermercado","Congelados","Precocinados","Precocinados de carne y pollo congelados","MAHESO finger de pollo con pechuga entera sin gluten bolsa 300 g"],"general_information":["Denominación del alimento: Fingers de pollo sin gluten","País de origen: España","Nombre del operador: Gedesco S.A.","Dirección del operador: P.I. La Ferreria,  Avda de La Ferreria 59-71, 08110 Montcada i Reixac, Barcelona","Cantidad Neta: 300 g","Otras menciones obligatorias en la etiqueta: Plato preparado ultracongelado."],"ingredients":[" Relleno (50%): pechuga de pollo (82%), agua, sal, aroma (contiene huevo) y potenciadores del sabor (E 621, E 631, E 627). (Porcentajes calculados en base al relleno). Empanado: aceite de girasol, agua, pan rallado [harina de arroz, dextrosa, fibra vegetal, sal, emulgente (E 471), colorante (caramelo natural), especias], harina de arroz, dextrosa y harina de maíz, fécula de patata, sal, almidón, almidón modificado, gasificantes (bicarbonato sódico, E 450i) y espesantes (goma de guar, E 461, E 415). Contiene: huevo. Este producto ha sido elaborado en una fábrica que emplea: leche, soja, pescado, crustáceos, moluscos, frutos de cáscara, apio y mostaza."],"conservation":" Conservar a -18°C. Una vez descongelado, no volver a congelar.","ean":"8410705020951"},{"full_name":"MAHESO nuggets de pollo para microondas 10 unidades aprox estuche 260 g","name":"nuggets de pollo para microondas 10 unidades aprox estuche 260 g","brand":"MAHESO ","img":"https://sgfm.elcorteingles.es/SGFM/dctm/MEDIA03/201602/12/00118928500976____1__600x600.jpg","price":"2,99 €","price_unit":"(11,50 € / Kilo)","categories":["Supermercado","Congelados","Precocinados","Precocinados de carne y pollo congelados","MAHESO nuggets de pollo para microondas 10 unidades aprox estuche 260 g"],"general_information":["Denominación del alimento: Nuggets de pollo (porciones de pechuga de pollo rebozada)","País de origen: España","Nombre del operador: Gedesco S.A.","Dirección del operador: P.I. La Ferreria,  Avda de La Ferreria 59-71, 08110 Montcada i Reixac, Barcelona","Cantidad Neta: 260 g","Otras menciones obligatorias en la etiqueta: Plato preparado ultracongelado."],"ingredients":[" Relleno (52%): pollo* (57%), agua, proteína vegetal (soja y trigo), copo de patata, pan rallado (harina de trigo, agua, levadura, sal), sal, harina de trigo, huevo en polvo, aroma (contiene huevo) y potenciadores del sabor (E 621, E 631, E 627). *Carne separada mecánicamente de pollo (recorte de pechuga de pollo). (Porcentajes calculados en base al relleno). Empanado: pan rallado [harina de trigo, agua, levadura, sal, gluten, grasa de palma, gasificantes (E 450, bicarbonato sódico), emulgente (E 471)], aceite de girasol, agua, harina de trigo y de maíz, sal, gasificantes (E 450, bicarbonato sódico),  espesante (E 461) y fibra de trigo. Consultar trazas de alérgenos. Contiene gluten, soja, huevo. Este producto ha sido elaborado en una fábrica que emplea: leche, pescado, crustáceos, moluscos, frutos de cáscara, apio, mostaza y sésamo."],"conservation":" Conservar a -18°C. Una vez descongelado, no volver a congelar.","ean":"8410705001523"},{"full_name":"MAHESO nuggets de pollo 13 unidades aprox estuche 300 g","name":"nuggets de pollo 13 unidades aprox estuche 300 g","brand":"MAHESO ","img":"https://sgfm.elcorteingles.es/SGFM/dctm/MEDIA03/201606/06/00118928501297____1__600x600.jpg","price":"2,99 €","price_unit":"(9,97 € / Kilo)","categories":["Supermercado","Congelados","Precocinados","Precocinados de carne y pollo congelados","MAHESO nuggets de pollo 13 unidades aprox estuche 300 g"],"general_information":["Denominación del alimento: Nuggets de pollo (porciones de pollo rebozadas)","País de origen: España","Nombre del operador: Gedesco S.A.","Dirección del operador: P.I. La Ferreria,  Avda de La Ferreria 59-71, 08110 Montcada i Reixac, Barcelona","Cantidad Neta: 300 g","Número de raciones por envase: 13","Otras menciones obligatorias en la etiqueta: Plato preparado ultracongelado."],"ingredients":[" Relleno (59%): Pechuga de pollo (72%), agua, fécula de patata, sal, caldo concentrado de pollo, fibras vegetales (trigo, bambú), aroma (contiene huevo), potenciadores del sabor (E 621, E 631, E 627), estabilizantes (E 451i, E 450iii), proteína de soja, caldo deshidratado de verduras, cebolla deshidratada, azúcar y extracto de levadura. (Porcentajes calculados en base al relleno). Empanado: pan rallado (harina de trigo, agua, sal, levadura), aceite de girasol, agua, harina y almidón de trigo, sal, gasificantes (E 450, bicarbonato sódico) y harina de maíz. Contiene: gluten, huevo y soja. Este producto ha sido elaborado en una fábrica que emplea: leche, pescado, crustáceos, moluscos, frutos de cáscara, apio y mostaza."],"conservation":" Conservar a -18°C. Una vez descongelado, no volver a congelar.","ean":"8410705033166"},{"full_name":"SIMON'S albóndigas caseras mixtas bolsa 1000 g","name":"albóndigas caseras mixtas bolsa 1000 g","brand":"SIMON'S ","img":"https://sgfm.elcorteingles.es/SGFM/dctm/MEDIA03/201604/20/00201135100079____1__600x600.jpg","price":"3,99 €","price_unit":"(3,99 € / Kilo)","categories":["Supermercado","Congelados","Precocinados","Precocinados de carne y pollo congelados","SIMON'S albóndigas caseras mixtas bolsa 1000 g"],"general_information":[],"ingredients":[],"ean":"8423128000271"},{"full_name":"EL CORTE INGLES colas de langostino rebozadas bolsa 280 g neto escurrido","name":"colas de langostino rebozadas bolsa 280 g neto escurrido","brand":"EL CORTE INGLES ","img":"https://sgfm.elcorteingles.es/SGFM/dctm/MEDIA03/201701/16/00118946900588____1__600x600.jpg","price":"2,79 €","price_unit":"(9,96 € / Kilo)","categories":["Supermercado","Congelados","Precocinados","Precocinados de pescado congelados","EL CORTE INGLES colas de langostino rebozadas bolsa 280 g neto escurrido"],"general_information":["Denominación del alimento: Colas de langostino peladas, rebozadas, prefritas y ultracongeladas.","Nombre del operador: Elaborado para\nEl Corte Inglés\npor Clavo Food Factory S.A.\nBemil s/n 36650 Caldas de Reis\nPontevedra- España","Cantidad Neta: 280 g","Número de raciones por envase: aproximadament"],"ingredients":[" Ingredientes: Colas de langostino (40%) (langostino, agua, sal, estabilizante (E 451i), antioxidante (metabisulfito sódico)), harina de trigo, agua, aceite de girasol, gasificantes (E 450i y E 500ii), sal, potenciador del sabor (E 621), emulgente(E 471) y colorantes (E 100 y E 101ii). Puede contener trazas de pescado, moluscos, huevo, leche, soja, apio y mostaza."],"conservation":" CONSERVACIÓN MÁXIMA EN EL CONGELADOR DE SU FRIGORÍFICO\nConservación en frigorífico casero: 1 día\nEn el congelador del frigorífico\n**** Ver fecha de consumo preferente\n*** Varios meses\n** Un mes\n* Una semana\nConsérvese a temperaturas inferiores a - 18ºC.\nMantenga la calidad respetando las condiciones de conservación.\nProducto ultracongelado, no volver a congelar una vez descongelado.","ean":"8433329076807"},{"full_name":"ALIADA varitas de merluza empanadas estuche 400 g","name":"varitas de merluza empanadas estuche 400 g","brand":"ALIADA ","img":"https://sgfm.elcorteingles.es/SGFM/00/41/4/0118949300414/0118949300414000g01011.jpg","price":"2,10 €","price_unit":"(5,25 € / Kilo)","categories":["Supermercado","Congelados","Precocinados","Precocinados de pescado congelados","ALIADA varitas de merluza empanadas estuche 400 g"],"general_information":[],"ingredients":[],"ean":"8432145001758"},{"full_name":"LA COCINERA filete de pescado gratinado con hierbas provenzales estuche 380 g","name":"filete de pescado gratinado con hierbas provenzales estuche 380 g","brand":"LA COCINERA ","img":"https://sgfm.elcorteingles.es/SGFM/dctm/MEDIA03/201706/02/00201129001838____1__600x600.jpg","price":"4,23 €","price_unit":"(11,13 € / Kilo)","categories":["Supermercado","Congelados","Precocinados","Precocinados de pescado congelados","LA COCINERA filete de pescado gratinado con hierbas provenzales estuche 380 g"],"general_information":["Denominación del alimento: Plato ultracongelado elaborado a partir de piezas de filetes de Abadejo de Alaska (Theragra chalcogramma) con hierbas provenzales.","Nombre del operador: FINDUS ESPAÑA, S.L.U.","Dirección del operador: P.I. Berroa. C/ Berroa 13, 1ª planta. 31192 Tajonar (Navarra)","Cantidad Neta: 380 g","Otras menciones obligatorias en la etiqueta: Producto ultracongelado."],"ingredients":[" Abadejo de Alaska (Theragra Chalcogramma) 52%, pan rallado (harina de trigo, agua, levadura, sal, dextrosa), agua, aceite de nabina, grasa de palma, hierbas aromáticas 0,97%(albahaca, romero, tomillo, perejil, orégano), almidón de arroz, sal, aceite de oliva virgen extra, zumo de limón a partir de concentrado."],"conservation":" Producto ultracongelado. Conservar a -18°C o temperaturas inferiores.","ean":"8410092100359"},{"full_name":"FINDUS bacalao rebozado 100% filete 4 piezas estuche 280 g","name":"bacalao rebozado 100% filete 4 piezas estuche 280 g","brand":"FINDUS ","img":"https://sgfm.elcorteingles.es/SGFM/00/55/4/0118949300554/0118949300554000g01011.jpg","price":"4,16 €","price_unit":"(14,86 € / Kilo)","categories":["Supermercado","Congelados","Precocinados","Precocinados de pescado congelados","FINDUS bacalao rebozado 100% filete 4 piezas estuche 280 g"],"general_information":["Denominación del alimento: Barritas de filete de bacalao (Gadus morua) rebozadas ultracongeladas","Nombre del operador: FINDUS ESPAÑA, S.L.U.","Dirección del operador: P.I. Berroa. C/ Berroa 13, 1ª planta. 31192 Tajonar (Navarra)","Cantidad Neta: 280 g","Número de raciones por envase: 4","Otras menciones obligatorias en la etiqueta: Producto ultracongelado."],"ingredients":[" Filete de bacalao (Gadus morhua) 58%, rebozado (harina de trigo, agua, almidón de trigo, sal, aromas (contienen mostaza), aceites de palma y girasol, mostaza en polvo, harina de maíz, gasificantes: E 450i y E500i, dextrosa, leche desnatada en polvo, chile en polvo, colorantes: curcumina y extracto de pimentón) y aceites vegetales (nabina, palma y girasol)."],"conservation":" Producto ultracongelado. Conservar a -18°C o temperaturas inferiores.","ean":"8410092139793"},{"full_name":"LA COCINERA filete de pescado gratinado con patata y romero estuche 380 g","name":"filete de pescado gratinado con patata y romero estuche 380 g","brand":"LA COCINERA ","img":"https://sgfm.elcorteingles.es/SGFM/dctm/MEDIA03/201706/02/00201129001820____1__600x600.jpg","price":"4,15 €","price_unit":"(10,92 € / Kilo)","categories":["Supermercado","Congelados","Precocinados","Precocinados de pescado congelados","LA COCINERA filete de pescado gratinado con patata y romero estuche 380 g"],"general_information":["Denominación del alimento: Plato ultracongelado elaborado a partir de piezas de filetes de Abadejo de Alaska (Theragra chalcogramma), patata y romero.","Nombre del operador: FINDUS ESPAÑA, S.L.U.","Dirección del operador: P.I. Berroa. C/ Berroa 13, 1ª planta. 31192 Tajonar (Navarra)","Cantidad Neta: 380 g","Otras menciones obligatorias en la etiqueta: Producto ultracongelado."],"ingredients":[" Abadejo de Alaska (Theragra chalcogramma) 52%, patata 25%, agua, tomates deshidratados, aceite de nabina, grasa de palma, pan rallado (harina de trigo, agua, levadura, sal), aceite de girasol, sal, zumo de limón a partir de concentrado, romero 0,29%, almidón de arroz, especias (pimienta)."],"conservation":" Producto ultracongelado. Conservar a -18°C o temperaturas inferiores.","ean":"8410092100342"},{"full_name":"LA COCINERA filete de pescado gratinado con tomate y albahaca estuche 380 g","name":"filete de pescado gratinado con tomate y albahaca estuche 380 g","brand":"LA COCINERA ","img":"https://sgfm.elcorteingles.es/SGFM/dctm/MEDIA03/201706/02/00201129001812____1__600x600.jpg","price":"3,99 €","price_unit":"(10,50 € / Kilo)","categories":["Supermercado","Congelados","Precocinados","Precocinados de pescado congelados","LA COCINERA filete de pescado gratinado con tomate y albahaca estuche 380 g"],"general_information":["Denominación del alimento: Plato preparado ultracongelado a partir de piezas de filetes de Abadejo de Alaska (Theragra chalcogramma), tomates deshidratados y albahaca.","Nombre del operador: FINDUS ESPAÑA, S.L.U.","Dirección del operador: P.I. Berroa. C/ Berroa 13, 1ª planta. 31192 Tajonar (Navarra)","Cantidad Neta: 380 g","Otras menciones obligatorias en la etiqueta: Producto ultracongelado."],"ingredients":[" Abadejo de Alaska (Theragra chalcogramma) 52%, agua, pan rallado (harina de trigo, agua, levadura, sal, dextrosa), aceite de nabina, tomates deshidratados 3,9%, grasa de palma, albahaca 1,6%, almidón de arroz, sal, zumo de limón a partir de concentrado, aceite de oliva virgen extra, aceite de girasol, especia (pimienta)."],"conservation":" Producto ultracongelado. Conservar a -18°C o temperaturas inferiores.","ean":"8410092100335"},{"full_name":"FRUDESA muslitos de mar sabor cangrejo estuche 250 g","name":"muslitos de mar sabor cangrejo estuche 250 g","brand":"FRUDESA ","img":"https://sgfm.elcorteingles.es/SGFM/dctm/MEDIA02/CONTENIDOS/201510/29/00118940700026____1__600x600.jpg","price":"2,53 €","price_unit":"(10,12 € / Kilo)","categories":["Supermercado","Congelados","Precocinados","Precocinados de pescado congelados","FRUDESA muslitos de mar sabor cangrejo estuche 250 g"],"general_information":["Denominación del alimento: Preparado de surimi empanado ultracongelado","Nombre del operador: FINDUS ESPAÑA, S.L.U.","Dirección del operador: P.I. Berroa. C/ Berroa 13, 1ª planta. 31192 Tajonar (Navarra)","Cantidad Neta: 250 g","Número de raciones por envase: 2","Otras menciones obligatorias en la etiqueta: Producto ultracongelado."],"ingredients":[" Surimi (38%) (pescado blanco), agua, pan rallado (harina de trigo, almidón modificado de patata, almidón de trigo, sal, clara de huevo, espesante: E415, especias (cúrcuma y pimentón), levadura, colorante: extracto de pimentón), almidón (contiene gluten), pinza de cangrejo, clara de huevo, aceite de nabina, proteína de soja, azúcar, sal, aroma de cangrejo, almidón modificado, potenciadores del sabor: E621, E631 y E635."],"conservation":" Producto ultracongelado. Conservar a -18°C o temperaturas inferiores.","ean":"8410480201972"},{"full_name":"PESCANOVA Peskitos merluza empanada 10 unidades estuche 400 g","name":"Peskitos merluza empanada 10 unidades estuche 400 g","brand":"PESCANOVA ","img":"https://sgfm.elcorteingles.es/SGFM/dctm/MEDIA03/201602/19/00118949300265____1__600x600.jpg","price":"2,79 €","price_unit":"(6,98 € / Kilo)","categories":["Supermercado","Congelados","Precocinados","Precocinados de pescado congelados","PESCANOVA Peskitos merluza empanada 10 unidades estuche 400 g"],"general_information":["Denominación del alimento: Formas empanadas elaboradas a partir de trozos de merluza.","Nombre del operador: Pescanova España S.L.U","Dirección del operador: Rúa José Fernández López S/N 36320 Chapela-Redondela-Pontevedra-España","Cantidad Neta: 400 g"],"ingredients":[" Merluza  (50%), harina de trigo, agua, aceite de girasol, almidón (trigo), almidón modificado de maíz, dextrosa de maíz, sal, azúcar, levadura, albúmina de huevo, espesante (carragenanos) y especias (pimentón y cúrcuma).  Puede contener trazas de leche"],"conservation":" Mantener a -18° C hasta la fecha de consumo preferente","ean":"8410063006154"},{"full_name":"PESCANOVA Surfers merluza rebozada 12 unidades estuche 400 g","name":"Surfers merluza rebozada 12 unidades estuche 400 g","brand":"PESCANOVA ","img":"https://sgfm.elcorteingles.es/SGFM/00/06/7/0118949300067/0118949300067000g01011.jpg","price":"3,24 €","price_unit":"(8,10 € / Kilo)","categories":["Supermercado","Congelados","Precocinados","Precocinados de pescado congelados","PESCANOVA Surfers merluza rebozada 12 unidades estuche 400 g"],"general_information":["Denominación del alimento: Formas rebozadas elaboradas a partir de trozos de merluza .","Nombre del operador: Pescanova España S.L.U","Dirección del operador: Rúa José Fernández López S/N 36320 Chapela-Redondela-Pontevedra-España","Cantidad Neta: 400 g"],"ingredients":[" Merluza  (58%), harina (trigo, maíz y arroz), aceite de girasol, agua, sal, almidón (trigo), gasificantes (difosfatos, carbonatos de sodio), dextrosa de maíz, espesante (goma guar) y almidón modificado de maíz. Puede contener trazas de leche y huevo."],"conservation":" Mantener a -18° C hasta la fecha de consumo preferente","ean":"8410063004938"},{"full_name":"PESCANOVA filetes de merluza rebozados al huevo 4 unidades estuche 320 g","name":"filetes de merluza rebozados al huevo 4 unidades estuche 320 g","brand":"PESCANOVA ","img":"https://sgfm.elcorteingles.es/SGFM/dctm/MEDIA02/CONTENIDOS/201406/24/00118949300588____1__600x600.jpg","price":"4,19 €","price_unit":"(13,09 € / Kilo)","categories":["Supermercado","Congelados","Precocinados","Precocinados de pescado congelados","PESCANOVA filetes de merluza rebozados al huevo 4 unidades estuche 320 g"],"general_information":["Denominación del alimento: Formas de filete rebozadas al huevo elaboradas a partir de trozos de merluza.","Nombre del operador: Pescanova España S.L.U","Dirección del operador: Rúa José Fernández López S/N 36320 Chapela-Redondela-Pontevedra-España","Cantidad Neta: 320 g"],"ingredients":[" Merluza (70%), huevo entero líquido (12%), aceite de girasol, harina de trigo, agua, sal estabilizante (metil celulosa), espesante (goma guar), gasificantes (difosfatos, carbonatos de sodio), dextrosa de maíz, aroma de huevo y especias (cúrcuma y pimentón). Puede contener trazas de leche ."],"conservation":" Mantener a -18° C hasta la fecha de consumo preferente","ean":"8410063043890"},{"full_name":"PESCANOVA filetes de merluza empanados 4 unidades estuche 340 g","name":"filetes de merluza empanados 4 unidades estuche 340 g","brand":"PESCANOVA ","img":"https://sgfm.elcorteingles.es/SGFM/dctm/MEDIA03/201603/17/00201149300426____1__600x600.jpg","price":"2,99 €","price_unit":"(8,79 € / Kilo)","categories":["Supermercado","Congelados","Precocinados","Precocinados de pescado congelados","PESCANOVA filetes de merluza empanados 4 unidades estuche 340 g"],"general_information":["Denominación del alimento: Formas de filete empanadas elaboradas a partir de trozos de merluza.Horneable.","Nombre del operador: Pescanova España S.L.U","Dirección del operador: Rúa José Fernández López S/N 36320 Chapela-Redondela-Pontevedra-España","Cantidad Neta: 340 g"],"ingredients":[" Merluza (61%), harina de trigo, aceite de girasol, agua, almidón (trigo), azúcar, dextrosa de maíz, sal, levadura, albúmina de huevo, espesante (carragenanos) y extractos vegetales (pimentón y cúrcuma). Puede contener  trazas de leche."],"conservation":" Mantener a -18° C hasta la fecha de consumo preferente","ean":"8410063052861"},{"full_name":"PESCANOVA Chanquitos enharinados sin gluten y sin lactosa bolsa 150 g","name":"Chanquitos enharinados sin gluten y sin lactosa bolsa 150 g","brand":"PESCANOVA ","img":"https://sgfm.elcorteingles.es/SGFM/00/45/9/0201149300459/0201149300459000g01011.jpg","price":"1,30 €","price_unit":"(8,67 € / Kilo)","categories":["Supermercado","Congelados","Precocinados","Precocinados de pescado congelados","PESCANOVA Chanquitos enharinados sin gluten y sin lactosa bolsa 150 g"],"general_information":["Denominación del alimento: Producto de la pesca transformado enharinado sin gluten y sin lactosa. Precocinado Ultracongelado","Nombre del operador: Pescanova España S.L.U","Dirección del operador: Rúa José Fernández López S/N 36320 Chapela-Redondela-Pontevedra-España","Cantidad Neta: 150 g"],"ingredients":[" Surimi (pescado, cefalópodos (moluscos)), pan rallado (harina de maíz y arroz, dextrosa de maíz, sal, pimentón y cacao), agua, aceite de girasol, almidón de maíz, almidones modificados (sin gluten), aroma (soja, trazas de crustáceos) y extracto de pescado, clara de huevo, proteína vegetal (sin gluten), sal, potenciador del sabor (glutamato de monosodio, E 635), tinta de sepia (moluscos)."],"conservation":" Mantener en el congelador  a -18° C hasta la fecha de consumo preferente","ean":"8410063054780"},{"full_name":"PESCANOVA palitos rebozados de merluza envase 300 g","name":"palitos rebozados de merluza envase 300 g","brand":"PESCANOVA ","img":"https://sgfm.elcorteingles.es/SGFM/dctm/MEDIA03/201603/17/00118949300422____1__600x600.jpg","price":"1,58 €","price_unit":"(5,27 € / Kilo)","categories":["Supermercado","Congelados","Precocinados","Precocinados de pescado congelados","PESCANOVA palitos rebozados de merluza envase 300 g"],"general_information":["Denominación del alimento: Palitos rebozados elaborados a partir de trozos de merluza .","Nombre del operador: Pescanova España S.L.U","Dirección del operador: Rúa José Fernández López S/N 36320 Chapela-Redondela-Pontevedra-España","Cantidad Neta: 300 g"],"ingredients":[" Merluza (35%), harina de trigo, agua, aceite de girasol, almidón de trigo, levadura, sal, almidón modificado de maíz, azúcar, albúmina de huevo, gasificantes (difosfatos y carbonatos de sodio), espesantes (carragenanos y goma guar) y colorante (riboflavina). Puede contener trazas de leche y moluscos."],"conservation":" Mantener a -18° C hasta la fecha de consumo preferente","ean":"8410063053967"},{"full_name":"PESCANOVA varitas de merluza empanada 10 unidades estuche 300 g","name":"varitas de merluza empanada 10 unidades estuche 300 g","brand":"PESCANOVA ","img":"https://sgfm.elcorteingles.es/SGFM/dctm/MEDIA03/201602/12/00118949300026____1__600x600.jpg","price":"3,15 €","price_unit":"(10,50 € / Kilo)","categories":["Supermercado","Congelados","Precocinados","Precocinados de pescado congelados","PESCANOVA varitas de merluza empanada 10 unidades estuche 300 g"],"general_information":["Denominación del alimento: Varitas empanadas elaboradas a partir de filete de merluza","Nombre del operador: Pescanova España S.L.U","Dirección del operador: Rúa José Fernández López S/N 36320 Chapela-Redondela-Pontevedra-España","Cantidad Neta: 300 g"],"ingredients":[" Merluza (55%), harina de trigo, aceite de girasol, sémola de maíz, agua, almidón de trigo, dextrosa de maíz, levadura, sal y especias. Puede contener crustáceos, huevo, leche, moluscos."],"conservation":" Mantener a -18° C hasta la fecha de consumo preferente","ean":"8410063003962"},{"full_name":"PESCANOVA varitas de merluza rebozadas con queso 10 unidades estuche 300 g","name":"varitas de merluza rebozadas con queso 10 unidades estuche 300 g","brand":"PESCANOVA ","img":"https://sgfm.elcorteingles.es/SGFM/00/13/3/0118949300133/0118949300133000g01011.jpg","price":"3,31 €","price_unit":"(11,03 € / Kilo)","categories":["Supermercado","Congelados","Precocinados","Precocinados de pescado congelados","PESCANOVA varitas de merluza rebozadas con queso 10 unidades estuche 300 g"],"general_information":["Denominación del alimento: Varitas empanadas elaboradas a partir de trozos de merluza con queso.","Nombre del operador: Pescanova España S.L.U","Dirección del operador: Rúa José Fernández López S/N 36320 Chapela-Redondela-Pontevedra-España","Cantidad Neta: 300 g"],"ingredients":[" Merluza (30%), [queso fundido (16,5%) [queso Emmental (20%), sólidos lácteos (proteínas de leche, lactosuero), mantequilla, almidón, sal, sales fundentes (E 339, E 331) y colorante (E 101b)], harina de trigo, agua, aceite de girasol, dextrosa de maíz, sémola de maíz, almidón (trigo), almidón modificado, sal, azúcar, levadura, albúmina de huevo, espesante (carragenanos) y especias (páprika y cúrcuma)."],"conservation":" Mantener a -18° C hasta la fecha de consumo preferente","ean":"8410063014388"},{"full_name":"PESCANOVA lomos a la romana de merluza rebozada 5 unidades estuche 325 g","name":"lomos a la romana de merluza rebozada 5 unidades estuche 325 g","brand":"PESCANOVA ","img":"https://sgfm.elcorteingles.es/SGFM/dctm/MEDIA03/201602/19/00118949300109____1__600x600.jpg","price":"3,79 €","price_unit":"(11,66 € / Kilo)","categories":["Supermercado","Congelados","Precocinados","Precocinados de pescado congelados","PESCANOVA lomos a la romana de merluza rebozada 5 unidades estuche 325 g"],"general_information":["Denominación del alimento: Formas de lomo rebozadas elaboradas a partir de filete de merluza.","Nombre del operador: Pescanova España S.L.U","Dirección del operador: Rúa José Fernández López S/N 36320 Chapela-Redondela-Pontevedra-España","Cantidad Neta: 325 g"],"ingredients":[" Merluza (75%), harina de trigo, agua, aceite de girasol, huevo entero en polvo, sal, azúcar, dextrosa, almidón de trigo, espesantes (goma xantana, goma guar y almidón modificado de maíz) y levadura. Puede contener trazas de  leche."],"conservation":" Mantener a -18° C hasta la fecha de consumo preferente","ean":"8410063066172"},{"full_name":"PESCANOVA varitas de merluza empanada Popcorn al horno 10 unidades estuche 300 g","name":"varitas de merluza empanada Popcorn al horno 10 unidades estuche 300 g","brand":"PESCANOVA ","img":"https://sgfm.elcorteingles.es/SGFM/00/39/8/0118949300398/0118949300398000g01011.jpg","price":"3,14 €","price_unit":"(10,47 € / Kilo)","categories":["Supermercado","Congelados","Precocinados","Precocinados de pescado congelados","PESCANOVA varitas de merluza empanada Popcorn al horno 10 unidades estuche 300 g"],"general_information":["Denominación del alimento: Varitas con empanado súper crujiente sin gluten, elaboradas a partir de trozos de merluza","Nombre del operador: Pescanova España S.L.U","Dirección del operador: Rúa José Fernández López S/N 36320 Chapela-Redondela-Pontevedra-España","Cantidad Neta: 300 g"],"ingredients":[" Merluza (55%), pan rallado [harina de maíz, harina de arroz, dextrosa de maíz, sal, y colorante (caramelo natural)], agua, aceite de girasol, harina de maíz, almidón, sal, espesante (goma xantana) y aroma natural.Puede contener trazas de leche y huevo"],"conservation":" Mantener a -18° C hasta la fecha de consumo preferente","ean":"8410063050188"},{"full_name":"PESCANOVA delicias de merluza rebozadas 12 unidades estuche 250 g","name":"delicias de merluza rebozadas 12 unidades estuche 250 g","brand":"PESCANOVA ","img":"https://sgfm.elcorteingles.es/SGFM/00/07/5/0118949300075/0118949300075000g01011.jpg","price":"2,60 €","price_unit":"(10,40 € / Kilo)","categories":["Supermercado","Congelados","Precocinados","Precocinados de pescado congelados","PESCANOVA delicias de merluza rebozadas 12 unidades estuche 250 g"],"general_information":["Denominación del alimento: Porciones rebozadas elaboradas a partir de trozos de merluza.","Nombre del operador: Pescanova España S.L.U","Dirección del operador: Rúa José Fernández López S/N 36320 Chapela-Redondela-Pontevedra-España","Cantidad Neta: 250 g"],"ingredients":[" Merluza (50%) harina de trigo y maíz, agua, pan rallado (harina de trigo, levadura y sal ), aceite de girasol, sal, almidón de trigo, gasificantes (bicarbonato sódico, pirofosfato ácido de sodio), proteína láctea, espesante (goma guar), almidón modificado de maíz. Puede contener  trazas de huevo."],"conservation":" Mantener a -18° C hasta la fecha de consumo preferente","ean":"8410063001449"},{"full_name":"PESCANOVA Crocante de merluza con tomate y orégano 2 raciones sin gluten estuche 370 g","name":"Crocante de merluza con tomate y orégano 2 raciones sin gluten estuche 370 g","brand":"PESCANOVA ","img":"https://sgfm.elcorteingles.es/SGFM/dctm/MEDIA02/CONTENIDOS/201409/09/00118949300596____1__600x600.jpg","price":"3,70 €","price_unit":"(10 € / Kilo)","categories":["Supermercado","Congelados","Precocinados","Precocinados de pescado congelados","PESCANOVA Crocante de merluza con tomate y orégano 2 raciones sin gluten estuche 370 g"],"general_information":["Denominación del alimento: Porción con empanado crujiente sin gluten con tomate y orégano, elaborada a partir de filete  de merluza.","Nombre del operador: Pescanova España S.L.U","Dirección del operador: Rúa José Fernández López S/N 36320 Chapela-Redondela-Pontevedra-España","Cantidad Neta: 370 g"],"ingredients":[" Merluza (65%), harina de arroz, maíz y garbanzos, agua, aceite de girasol, almidón, tomate en polvo (1%), sal, fibra vegetal, dextrosa de maíz, orégano, especias, ajo en polvo, espesante (goma xantana), emulgente (mono y diglicéridos de ácidos grasos), regulador de pH (ácido cítrico), potenciador de sabor (glutamato de monosodio). Puede contener trazas de huevo y leche."],"conservation":" Mantener a -18° C hasta la fecha de consumo preferente","ean":"8410063067988"},{"full_name":"PESCANOVA mini burguers de merluza empanada sabor bacon 12 unidades aprox sin gluten bolsa 360 g","name":"mini burguers de merluza empanada sabor bacon 12 unidades aprox sin gluten bolsa 360 g","brand":"PESCANOVA ","img":"https://sgfm.elcorteingles.es/SGFM/dctm/MEDIA02/CONTENIDOS/201409/09/00118949300604____1__600x600.jpg","price":"2,60 €","price_unit":"(7,22 € / Kilo)","categories":["Supermercado","Congelados","Precocinados","Precocinados de pescado congelados","PESCANOVA mini burguers de merluza empanada sabor bacon 12 unidades aprox sin gluten bolsa 360 g"],"general_information":["Denominación del alimento: Mini hamburguesas con empanado sin gluten sabor bacon elaboradas a partir de trozos de merluza","Nombre del operador: Pescanova España S.L.U","Dirección del operador: Rúa José Fernández López S/N 36320 Chapela-Redondela-Pontevedra-España","Cantidad Neta: 360 g"],"ingredients":[" Merluza (60%), harina de maíz y arroz, aceite de girasol, agua, almidón, sal, dextrosa de maíz, azúcar, espesantes (carragenanos y goma xantana), almidón modificado de maíz, especias, emulgente (monoglicéridos y diglicéridos de ácidos grasos), aroma, aroma de humo y antioxidante (extracto rico en tocoferoles). Puede contener trazas de leche y huevo"],"conservation":" Mantener a -18° C hasta la fecha de consumo preferente","ean":"8410063067421"},{"full_name":"PESCANOVA muslitos de mar sin gluten y sin lactosa estuche 250 g","name":"muslitos de mar sin gluten y sin lactosa estuche 250 g","brand":"PESCANOVA ","img":"https://sgfm.elcorteingles.es/SGFM/dctm/MEDIA02/CONTENIDOS/201511/10/00118940700240____1__600x600.jpg","price":"1,25 €","price_unit":"(5 € / Kilo)","categories":["Supermercado","Congelados","Precocinados","Precocinados de pescado congelados","PESCANOVA muslitos de mar sin gluten y sin lactosa estuche 250 g"],"general_information":["Denominación del alimento: Producto empanado sin gluten y sin lactosa elaborado a base de productos de la pesca. Precocinado Ultracongelado.","Nombre del operador: Pescanova España S.L.U","Dirección del operador: Rúa José Fernández López S/N 36320 Chapela-Redondela-Pontevedra-España","Cantidad Neta: 250 g"],"ingredients":[" Surimi (pescado, cefalópodos (moluscos)), agua, pan rallado (harina de arroz, dextrosa, sal, extracto de pimentón, cúrcuma), almidón y harina de maíz, aceite de girasol, almidones modificados (sin gluten), proteína vegetal (sin gluten), azúcar, clara de huevo, sal, espesante (E 415) aroma de cangrejo (crustáceos, soja, potenciador del sabor (glutamato de monosodio, E635)), aroma natural, colorantes (extracto de pimentón, E 171)."],"conservation":" Mantener en el congelador  a -18° C hasta la fecha de consumo preferente","ean":"8410063027524"},{"full_name":"CAMPOS hamburguesa de bonito del norte 2 unidades estuche 160 g","name":"hamburguesa de bonito del norte 2 unidades estuche 160 g","brand":"CAMPOS ","img":"https://sgfm.elcorteingles.es/SGFM/dctm/MEDIA03/201706/16/00118927100786____1__600x600.jpg","price":"2,95 €","price_unit":"(18,44 € / Kilo)","categories":["Supermercado","Congelados","Precocinados","Precocinados de pescado congelados","CAMPOS hamburguesa de bonito del norte 2 unidades estuche 160 g"],"general_information":[],"ingredients":[],"ean":"8425663001546"},{"full_name":"TERRANOVA pavías de merluza artesanas bolsa 400 g","name":"pavías de merluza artesanas bolsa 400 g","brand":"TERRANOVA ","img":"https://sgfm.elcorteingles.es/SGFM/00/52/1/0118949300521/0118949300521000g01011.jpg","price":"3,74 €","price_unit":"(9,35 € / Kilo)","categories":["Supermercado","Congelados","Precocinados","Precocinados de pescado congelados","TERRANOVA pavías de merluza artesanas bolsa 400 g"],"general_information":[],"ingredients":[],"ean":"8437002729325"},{"full_name":"TERRANOVA tortillitas de camarón bolsa 300 g","name":"tortillitas de camarón bolsa 300 g","brand":"TERRANOVA ","img":"https://sgfm.elcorteingles.es/SGFM/00/25/7/0118949300257/0118949300257000g01011.jpg","price":"3,19 €","price_unit":"(10,63 € / Kilo)","categories":["Supermercado","Congelados","Precocinados","Precocinados de pescado congelados","TERRANOVA tortillitas de camarón bolsa 300 g"],"general_information":[],"ingredients":[],"ean":"8437005429499"},{"full_name":"LA FAMILIA DE LOLA gambón rebozado con una fina tempura bolsa 250 g","name":"gambón rebozado con una fina tempura bolsa 250 g","brand":"LA FAMILIA DE LOLA ","img":"https://sgfm.elcorteingles.es/SGFM/dctm/MEDIA03/201612/28/00118946900570____1__600x600.jpg","price":"4,95 €","price_unit":"(19,80 € / Kilo)","categories":["Supermercado","Congelados","Precocinados","Precocinados de pescado congelados","LA FAMILIA DE LOLA gambón rebozado con una fina tempura bolsa 250 g"],"general_information":["Denominación del alimento: Gambón en Tempura","Nombre del operador: Grupo El Corte Inglés","Dirección del operador: C/Hermosilla 127, 3ª planta. 28009. Madrid","Cantidad Neta: 250 g"],"ingredients":[" GAMBÓN (70%) (GAMBÓN, agua, sal, antioxidante (METABISULFITOS sódico)), agua, aceite de girasol, harina de maíz, almidón modificado (contiene SULFITOS), harina de TRIGO, sal, GLUTEN de TRIGO y gasificantes (E-450i, E- 500ii). Contiene CRUSTÉCEOS, GLUTEN y SULFITOS. Puede contener trazas de MOLUSCOS, PESCADO, SOJA, APIO, MOSTAZA, HUEVO y LECHE."],"conservation":" Mantener a =-18°C","ean":"8420902034675"},{"full_name":"LA FAMILIA DE LOLA langostino rebozado a mano estilo gabardina bolsa 250 g","name":"langostino rebozado a mano estilo gabardina bolsa 250 g","brand":"LA FAMILIA DE LOLA ","img":"https://sgfm.elcorteingles.es/SGFM/dctm/MEDIA03/201612/28/00118946900562____1__600x600.jpg","price":"3,41 €","price_unit":"(13,64 € / Kilo)","categories":["Supermercado","Congelados","Precocinados","Precocinados de pescado congelados","LA FAMILIA DE LOLA langostino rebozado a mano estilo gabardina bolsa 250 g"],"general_information":["Denominación del alimento: Gambardina","Nombre del operador: Grupo El Corte Inglés","Dirección del operador: C/Hermosilla 127, 3ª planta. 28009. Madrid","Cantidad Neta: 250 g"],"ingredients":[" LANGOSTINO  (40%) (LANGOSTINO, agua, sal, estabilizante (E 451i), antioxidante (METABISULFITO sódico)), harina de TRIGO, agua, aceite de girasol, gasificantes (E 450i, E 500ii), sal, potenciador del sabor (E 621), emulgente (E 471), colorantes (E 100, E 101ii).  Contiene CRUSTÁCEOS, GLUTEN y SULFITOS. Puede contener trazas de HUEVO, APIO, MOSTAZA, SOJA, LECHE, PESCADO y MOLUSCOS."],"conservation":" Mantener a =-18°C","ean":"8420902034392"},{"full_name":"FRIDELA MEJILLON TIGRE bandeja 300 g","name":"MEJILLON TIGRE bandeja 300 g","brand":"FRIDELA ","img":"https://sgfm.elcorteingles.es/SGFM/dctm/MEDIA03/201701/20/00118946900596____1__600x600.jpg","price":"2,99 €","price_unit":"(9,97 € / Kilo)","categories":["Supermercado","Congelados","Precocinados","Precocinados de pescado congelados","FRIDELA MEJILLON TIGRE bandeja 300 g"],"general_information":["Denominación del alimento: Mejillones Tigre.","Nombre del operador: Precocinados Fridela.","Dirección del operador: P.Industrial Canraso, Vial Transversal, 1 - 31500 Tudela (Navarra) -España.","Cantidad Neta: 300 g","Peso neto escurrido: 300 g","Otras menciones obligatorias en la etiqueta: Sin grasas hidrogenadas."],"ingredients":[" Leche, harina de trigo, margarina (soja), [grasas y aceites vegetales, agua, emulgentes (mono y diglicéridos de ácidos grasos, lecitina de soja), sal, acidulante (ácido cítrico), conservador (sorbato potásico), aromas, colorante (betacaroteno)], carne de mejillón (13%), merluza, cebolla (aceite de oliva, sal, corrector acidez (ácido cítrico)], ajo, pimiento verde, tomate [azucar, aceite vegetal, sal, fécula de maiz, cebolla, ajo), sal, especias, ajo, aceite de oliva y pan rallado. Contiene leche, gluten (trigo), soja, molusco y pescado."],"conservation":" Conservación: Frigoríficos 3 dias. Congelador -18°C 24 meses","ean":"8437000619123"},{"full_name":"PAW PATROL patrullitas de merluza estuche 300 g","name":"patrullitas de merluza estuche 300 g","brand":"PAW PATROL ","img":"https://sgfm.elcorteingles.es/SGFM/dctm/MEDIA03/201705/17/00118949300646____1__600x600.jpg","price":"2,49 €","price_unit":"(8,30 € / Kilo)","categories":["Supermercado","Congelados","Precocinados","Precocinados de pescado congelados","PAW PATROL patrullitas de merluza estuche 300 g"],"general_information":[],"ingredients":[],"ean":"8436552521304"},{"full_name":"EL CORTE INGLES croquetas de jamón ibérico artesanas bolsa 500 g","name":"croquetas de jamón ibérico artesanas bolsa 500 g","brand":"EL CORTE INGLES ","img":"https://sgfm.elcorteingles.es/SGFM/dctm/MEDIA03/201603/02/00118924700919____2__600x600.jpg","price":"2,10 €","price_unit":"(4,20 € / Kilo)","categories":["Supermercado","Congelados","Precocinados","Croquetas congeladas","EL CORTE INGLES croquetas de jamón ibérico artesanas bolsa 500 g"],"general_information":["Denominación del alimento: Croquetas de jamón ibérico. Alimento preparado ultracongelado","Nombre del operador: Elaborado para El Corte Inglés por PRECOCINADOS FRISA, S.L.                               Pol. Ind. Alesves II, calle A - nave 2. 31.330 Villafranca - Navarra - España","Cantidad Neta: 500 g","Número de raciones por envase: aproximadament"],"ingredients":[" Ingredientes: Leche en polvo rehidratado, harina de trigo, jamón ibérico (10%) [jamón ibérico de cebo, sal, conservante (nitrato potásico)], jamón y paleta curados (10%) [jamón y paleta de cerdo, sal, conservantes (nitrito sódico y nitrato potásico) y antioxidante (ascorbato sódico)], pan rallado (harina de trigo, agua, levadura), mantequilla, preparado para empanar [harina de trigo, proteína de soja, proteína animal, espesante (goma guar), estabilizante (hidroxipropilmetilcelulosa)] y sal. Puede contener trazas de crustáceos, moluscos, huevo, pescado, apio y sulfitos"],"conservation":" Mantener a -18ºC. No volver a congelar una vez descongelado\nEn frigorífico: 24 horas\nEn congelador sin estrellas: 3 días\nEn congelador: * 1 semana\n** 1 mes\n*** y **** (A-18º C).Ver fecha de consumo preferente\nNo congelar de nuevo tras la descongelación.","ean":"8433329063890"},{"full_name":"EL CORTE INGLES croquetas de jamón bolsa 500 g","name":"croquetas de jamón bolsa 500 g","brand":"EL CORTE INGLES ","img":"https://sgfm.elcorteingles.es/SGFM/dctm/MEDIA03/201602/10/00118924700885____1__600x600.jpg","price":"1,04 €","price_unit":"(2,08 € / Kilo)","categories":["Supermercado","Congelados","Precocinados","Croquetas congeladas","EL CORTE INGLES croquetas de jamón bolsa 500 g"],"general_information":["Denominación del alimento: Croquetas de jamón. Alimento preparado ultracongelado","Nombre del operador: Elaborado para El Corte Inglés por PRECOCINADOS FRISA, S.L.                               Pol. Ind. Alesves II, calle A - nave 2. 31.330 Villafranca - Navarra - España","Cantidad Neta: 500 g","Número de raciones por envase: aproximadament"],"ingredients":[" Ingredientes: Leche en polvo rehidratado, harina de trigo, jamón y paleta curados (12%) [jamón y paleta de cerdo, sal, conservantes (nitrito sódico y nitrato potásico) y antioxidante (ascorbato sódico)], cebolla, pan rallado (harina de trigo, agua, levadura), almidón de maíz, margarina vegetal [aceites y grasas vegetales (palma y girasol), agua, sal, emulgentes (mono y diglicéridos de los ácidos grasos y lecitina), aromas, acidulante (ácido cítrico), conservador (ácido sórbico), antioxidantes (estearato de ascorbilo y tocoferol) y colorante (betacaroteno)], aceite de girasol, preparado para empanar [harina de trigo, proteína de soja, proteína animal, espesante (goma guar), estabilizante (hidroxipropilmetilcelulosa)], sal, espesante (carragenato y goma garrofín), caldo concentrado de carne (carne de vacuno, caldo de vacuno, sal) y nuez moscada. Puede contener trazas de crustáceos, moluscos, huevo, pescado, apio y sulfitos"],"conservation":" Mantener a -18ºC. No volver a congelar una vez descongelado\nEn frigorífico: 24 horas\nEn congelador sin estrellas: 3 días\nEn congelador: * 1 semana\n** 1 mes\n*** y **** (A-18º C).Ver fecha de consumo preferente\nNo congelar de nuevo tras la descongelación.","ean":"8433329067751"},{"full_name":"EL CORTE INGLES croquetas de bacalao artesanas bolsa 500 g","name":"croquetas de bacalao artesanas bolsa 500 g","brand":"EL CORTE INGLES ","img":"https://sgfm.elcorteingles.es/SGFM/dctm/MEDIA03/201603/02/00118924700927____2__600x600.jpg","price":"2,10 €","price_unit":"(4,20 € / Kilo)","categories":["Supermercado","Congelados","Precocinados","Croquetas congeladas","EL CORTE INGLES croquetas de bacalao artesanas bolsa 500 g"],"general_information":["Denominación del alimento: Croquetas de bacalao. Alimento preparado ultracongelado","Nombre del operador: Elaborado para El Corte Inglés por PRECOCINADOS FRISA, S.L.                               Pol. Ind. Alesves II, calle A - nave 2. 31.330 Villafranca - Navarra - España","Cantidad Neta: 500 g","Número de raciones por envase: aproximadament"],"ingredients":[" Ingredientes: Lactosuero en polvo rehidratado, harina de trigo, bacalao \"Gadus morua\" (15%), cebolla, pan rallado (harina de trigo, agua, levadura), mantequilla, aceite de girasol, preparado para empanar [harina de trigo, proteína de soja, proteína animal, espesante (goma guar), estabilizante (hidroxipropilmetilcelulosa)], ajo y perejil. Puede contener trazas de crustáceos, moluscos, huevo, apio y sulfitos"],"conservation":" Mantener a -18ºC. No volver a congelar una vez descongelado\nEn frigorífico: 24 horas\nEn congelador sin estrellas: 3 días\nEn congelador: * 1 semana\n** 1 mes\n*** y **** (A-18º C).Ver fecha de consumo preferente\nNo congelar de nuevo tras la descongelación.","ean":"8433329063906"},{"full_name":"EL CORTE INGLES croquetas de pollo bolsa 500 g","name":"croquetas de pollo bolsa 500 g","brand":"EL CORTE INGLES ","img":"https://sgfm.elcorteingles.es/SGFM/dctm/MEDIA03/201602/24/00118924700893____1__600x600.jpg","price":"1,04 €","price_unit":"(2,08 € / Kilo)","categories":["Supermercado","Congelados","Precocinados","Croquetas congeladas","EL CORTE INGLES croquetas de pollo bolsa 500 g"],"general_information":["Denominación del alimento: Croquetas de pollo.  Alimento preparado ultracongelado","Nombre del operador: Elaborado para El Corte Inglés por PRECOCINADOS FRISA, S.L.                               Pol. Ind. Alesves II, calle A - nave 2. 31.330 Villafranca - Navarra - España","Cantidad Neta: 500 g","Número de raciones por envase: aproximadament"],"ingredients":[" Ingredientes: Leche en polvo reconstituida, carne de pollo (19%), cebolla, harina de trigo, pan rallado (harina de trigo, agua, levadura), almidón de maíz, aceite de oliva, mantequilla, sal, preparado para empanar [harina de trigo, proteína de soja, proteína animal, espesante (goma guar), estabilizante (hidroxipropilmetilcelulosa)], ajo y pimienta blanca Puede contener trazas de crustáceos, moluscos, huevo, pescado, apio y sulfitos"],"conservation":" Mantener a -18ºC. No volver a congelar una vez descongelado\nEn frigorífico: 24 horas\nEn congelador sin estrellas: 3 días\nEn congelador: * 1 semana\n** 1 mes\n*** y **** (A-18º C).Ver fecha de consumo preferente\nNo congelar de nuevo tras la descongelación.","ean":"8433329067768"},{"full_name":"EL CORTE INGLES croquetas de cocido artesanas bolsa 500 g","name":"croquetas de cocido artesanas bolsa 500 g","brand":"EL CORTE INGLES ","img":"https://sgfm.elcorteingles.es/SGFM/dctm/MEDIA03/201602/24/00118924700901____2__600x600.jpg","price":"2,10 €","price_unit":"(4,20 € / Kilo)","categories":["Supermercado","Congelados","Precocinados","Croquetas congeladas","EL CORTE INGLES croquetas de cocido artesanas bolsa 500 g"],"general_information":["Denominación del alimento: Croquetas de cocido. Alimento preparado ultracongelado","Nombre del operador: Elaborado para El Corte Inglés por PRECOCINADOS FRISA, S.L.                               Pol. Ind. Alesves II, calle A - nave 2. 31.330 Villafranca - Navarra - España","Cantidad Neta: 500 g","Número de raciones por envase: aproximadament"],"ingredients":[" Ingredientes: Leche en polvo reconstituida, carne de pollo (22%), carne de cerdo (14%), pan rallado (harina de trigo, agua, levadura), harina de trigo, cebolla, jamón curado (5%) [jamón y paleta de cerdo, sal, conservadores (nitrito sódico, nitrato potásico), antioxidante (ascorbato sódico)], codillo (4%), almidón de maíz, aceite de oliva, vino blanco, sal, preparado para empanar [harina de trigo, proteína de soja, proteína animal, espesante (goma guar), estabilizante (hidroxipropilmetilcelulosa)] y ajo. Puede contener trazas de crustáceos, moluscos, huevo, pescado, apio y sulfitos"],"conservation":" Mantener a -18ºC. No volver a congelar una vez descongelado\nEn frigorífico: 24 horas\nEn congelador sin estrellas: 3 días\nEn congelador: * 1 semana\n** 1 mes\n*** y **** (A-18º C).Ver fecha de consumo preferente\nNo congelar de nuevo tras la descongelación.","ean":"8433329063883"},{"full_name":"FRIDELA delicias de boletus artesanas bandeja 300 g","name":"delicias de boletus artesanas bandeja 300 g","brand":"FRIDELA ","img":"https://sgfm.elcorteingles.es/SGFM/00/39/8/0118924700398/0118924700398000g01011.jpg","price":"2,99 €","price_unit":"(9,97 € / Kilo)","categories":["Supermercado","Congelados","Precocinados","Croquetas congeladas","FRIDELA delicias de boletus artesanas bandeja 300 g"],"general_information":["Denominación del alimento: Delicias de Hongos Boletus.","Nombre del operador: Precocinados Fridela.","Dirección del operador: P.Industrial Canraso, Vial Transversal, 1 - 31500 Tudela (Navarra) -España.","Cantidad Neta: 300,0 g","Peso neto escurrido: 300,0 g","Otras menciones obligatorias en la etiqueta: Contiene leche, soja y gluten (trigo). Sin grasas hidrogenadas."],"ingredients":[" Leche, Boletus Edulis (20%), harina de trigo, margarina (soja), cebolla, ajo, sal, aceite de oliva, preparado para empanar (harina de trigo) y pan rallado (harina de trigo, levadura y agua)."],"conservation":" Conservación: Frigoríficos 3 dias. Congelador -18°C 24 meses","ean":"8437000619314"},{"full_name":"FRIDELA bolitas de bacalao y pimientos del piquillo artesanas bandeja 300 g","name":"bolitas de bacalao y pimientos del piquillo artesanas bandeja 300 g","brand":"FRIDELA ","img":"https://sgfm.elcorteingles.es/SGFM//00/69/5/0118924700695/0118924700695000g01011.jpg","price":"2,99 €","price_unit":"(9,97 € / Kilo)","categories":["Supermercado","Congelados","Precocinados","Croquetas congeladas","FRIDELA bolitas de bacalao y pimientos del piquillo artesanas bandeja 300 g"],"general_information":["Denominación del alimento: Bolitas de Bacalao y Pimientos de Piquillo","Nombre del operador: Precocinados Fridela.","Dirección del operador: P.Industrial Canraso, Vial Transversal, 1 - 31500 Tudela (Navarra) -España.","Cantidad Neta: 300,0 g","Peso neto escurrido: 300,0 g","Otras menciones obligatorias en la etiqueta: Contiene leche, gluten (trigo), pescado y soja. Sin grasas hidrogenadas."],"ingredients":[" Leche, harina de trigo, pimientos del piquillo (12%), [sal, acidulante (acido citrico), bacalado Gadus Morhua (11%) merluza, margarina (soja) [grasas y aceites vegetales, agua, emulgentes (mono y diglicéridos de ácidos grasos, leticina de soja), sal, acidulante (acido citrico), conservador (sorbato potasico), aromas, colorante (betacaroteno)], cebolla [aceite de oliva, sal, corrector acidez (acido citrico), ajo, sal, aceite de oliva y pan rallado."],"conservation":" Conservación: Frigoríficos 3 dias. Congelador -18°C 24 meses","ean":"8437000619369"},{"full_name":"FRIDELA croquetas de jamón artesanas bandeja 300 g","name":"croquetas de jamón artesanas bandeja 300 g","brand":"FRIDELA ","img":"https://sgfm.elcorteingles.es/SGFM/00/38/0/0118924700380/0118924700380000g01011.jpg","price":"2,99 €","price_unit":"(9,97 € / Kilo)","categories":["Supermercado","Congelados","Precocinados","Croquetas congeladas","FRIDELA croquetas de jamón artesanas bandeja 300 g"],"general_information":["Denominación del alimento: Croqueta de Jamón.","Nombre del operador: Precocinados Fridela.","Dirección del operador: P.Industrial Canraso, Vial Transversal, 1 - 31500 Tudela (Navarra) -España.","Cantidad Neta: 300,0 g","Peso neto escurrido: 300,0 g","Otras menciones obligatorias en la etiqueta: Sin grasas hidrogenadas."],"ingredients":[" Leche, harina de trigo, jamón curado (15%) [jamón de cerdo, sal, azúcar, conservadores (nitrito de sodio, nitrato de potásico, ascobato de sodio), regulador de pH (citrato de sodio)], margarina (soja) [grasas y aceites vegetales, agua, emulgentes (mono y diglicéridos de ácidos grasos, leticina de soja), sal, acidulante (acido citrico) conservador (sorbato potásico), aromas, colorante (betacaroteno)], sal y pan rallado. Contiene leche, gluten (trigo) y soja."],"conservation":" Conservación: Frigoríficos 3 dias. Congelador -18°C 24 meses","ean":"8437000619215"},{"full_name":"FRIDELA croquetas de cocido artesanas bandeja 300 g","name":"croquetas de cocido artesanas bandeja 300 g","brand":"FRIDELA ","img":"https://sgfm.elcorteingles.es/SGFM/00/43/0/0118924700430/0118924700430000g01011.jpg","price":"2,99 €","price_unit":"(9,97 € / Kilo)","categories":["Supermercado","Congelados","Precocinados","Croquetas congeladas","FRIDELA croquetas de cocido artesanas bandeja 300 g"],"general_information":["Denominación del alimento: Croquetas de cocido.","Nombre del operador: Precocinados Fridela.","Dirección del operador: P.Industrial Canraso, Vial Transversal, 1 - 31500 Tudela (Navarra) -España.","Cantidad Neta: 300,0 g","Peso neto escurrido: 300,0 g","Otras menciones obligatorias en la etiqueta: Sin grasas hidrogenadas."],"ingredients":[" Leche, ternera (17%), cerdo, pollo, harina de trigo, margarina (soja), zanahoria, puerro, cebolla, garbanzo, patata, vino blanco (sulfitos), sal, pan rallado (harina, levadura, agua) y preparado para empanar (harina de trigo). Contiene leche, soja, gluten (trigo) y sulfitos"],"conservation":" Conservación: Frigoríficos 3 dias. Congelador -18°C 24 meses","ean":"8436531102340"},{"full_name":"FRIDELA croquetas de jamón sin gluten bandeja 240 g","name":"croquetas de jamón sin gluten bandeja 240 g","brand":"FRIDELA ","img":"https://sgfm.elcorteingles.es/SGFM/00/53/9/0118924700539/0118924700539000g01011.jpg","price":"2,99 €","price_unit":"(12,46 € / Kilo)","categories":["Supermercado","Congelados","Precocinados","Croquetas congeladas","FRIDELA croquetas de jamón sin gluten bandeja 240 g"],"general_information":["Denominación del alimento: Croquetas de jamón sin gluten.","Nombre del operador: Precocinados Fridela.","Dirección del operador: P.Industrial Canraso, Vial Transversal, 1 - 31500 Tudela (Navarra) -España.","Cantidad Neta: 240,0 g","Peso neto escurrido: 240,0 g","Otras menciones obligatorias en la etiqueta: Sin grasas hidrogenadas."],"ingredients":[" Leche (62%), jamón (15%) [jamón de cerdo, azúcar, conservadores E-250,E-252,E-301), regulador de pH (E-331iii)], almidón de maiz (sulfito), margarina (grasas y aceites vegetales, agua, emulgentes (E-471,E-322), acidulante (E-330), conservante (E-202), aromas, colorantes (E-160aii), encolante [almidones, leche en polvo y desnatada, emulgentes (E-451i, E-412)], sal y pan rallado [almidón de maiz, harina de maiz, sal, agua, levadura, espesante (E-415), gasificantes (E-500ii, E-341, E-541i)]."],"conservation":" Conservación: Frigoríficos 3 dias. Congelador -18°C 24 meses","ean":"8436531105150"},{"full_name":"FRIDELA croquetas de jamón sin lactosa bandeja 240 g","name":"croquetas de jamón sin lactosa bandeja 240 g","brand":"FRIDELA ","img":"https://sgfm.elcorteingles.es/SGFM/dctm/MEDIA03/201706/22/00118924701297____1__600x600.jpg","price":"3,49 €","price_unit":"(14,54 € / Kilo)","categories":["Supermercado","Congelados","Precocinados","Croquetas congeladas","FRIDELA croquetas de jamón sin lactosa bandeja 240 g"],"general_information":[],"ingredients":[],"ean":"8436531109899"},{"full_name":"FRIDELA croquetas ecológicas de espinaca y queso gouda bandeja 300 g","name":"croquetas ecológicas de espinaca y queso gouda bandeja 300 g","brand":"FRIDELA ","img":"https://sgfm.elcorteingles.es/SGFM/dctm/MEDIA03/201701/27/00118924701255____1__600x600.jpg","price":"3,39 €","price_unit":"(11,30 € / Kilo)","categories":["Supermercado","Congelados","Precocinados","Croquetas congeladas","FRIDELA croquetas ecológicas de espinaca y queso gouda bandeja 300 g"],"general_information":["Denominación del alimento: Croquetas de Espinaca con Queso Gouda Ecológica","Nombre del operador: Precocinados Fridela.","Dirección del operador: P.Industrial Canraso, Vial Transversal, 1 - 31500 Tudela (Navarra) -España.","Cantidad Neta: 300 g","Peso neto escurrido: 300 g"],"ingredients":[" Leche (48%), espinacas(26%), harina de trigo, queso gouda ecológico (9%)[Leche de vaca pasteurizada ecológica, sal, cultivo starter y cuajo vegetal], aceite de girasol ecológico, sal, aceite de oliva ecológico, ajo, preparado para empanar [harina de trigo ecológica, almidón de maíz ecológico, huevo en polvo ecológico], pan rallado [harina de trigo , agua, sal y levadura]. Contiene leche, gluten (trigo) y huevo. Puede contener soja, apio, sulfitos, pescado, moluscos, crustáceos y mostaza. Ingredientes agrarios procedentes de la agricultura ecológica."],"conservation":" Conservar a  -18°C. No volver a congelar una vez descongelado.","ean":"8436531103750"},{"full_name":"FRIDELA croquetas ecológicas de jamón bandeja 300 g","name":"croquetas ecológicas de jamón bandeja 300 g","brand":"FRIDELA ","img":"https://sgfm.elcorteingles.es/SGFM/dctm/MEDIA03/201701/27/00118924701222____1__600x600.jpg","price":"3,89 €","price_unit":"(12,97 € / Kilo)","categories":["Supermercado","Congelados","Precocinados","Croquetas congeladas","FRIDELA croquetas ecológicas de jamón bandeja 300 g"],"general_information":["Denominación del alimento: Croquetas de Jamón Ecológica","Nombre del operador: Precocinados Fridela.","Dirección del operador: P.Industrial Canraso, Vial Transversal, 1 - 31500 Tudela (Navarra) -España.","Cantidad Neta: 300 g","Peso neto escurrido: 300 g"],"ingredients":[" Leche (61%), harina de trigo, jamón (15%)[jamón de cerdo ecológico, sal, manteca de cerdo ecológico], aceite de girasol ecológico, sal, preparado para empanar [harina de trigo ecológica, almidón de maíz ecológico, huevo en polvo ecológico] y pan rallado [harina de trigo ecológica, agua, sal y levadura]. Contiene leche, gluten (trigo) y huevo. Puede contener soja, apio, sulfitos, pescado, moluscos, crustáceos y mostaza. Ingredientes agrarios procedentes de la agricultura ecológica."],"conservation":" Conservar a  -18°C. No volver a congelar una vez descongelado.","ean":"8436531103729"},{"full_name":"FRIDELA croquetas ecológicas de pollo bandeja 300 g","name":"croquetas ecológicas de pollo bandeja 300 g","brand":"FRIDELA ","img":"https://sgfm.elcorteingles.es/SGFM/dctm/MEDIA03/201701/27/00118924701230____1__600x600.jpg","price":"3,89 €","price_unit":"(12,97 € / Kilo)","categories":["Supermercado","Congelados","Precocinados","Croquetas congeladas","FRIDELA croquetas ecológicas de pollo bandeja 300 g"],"general_information":["Denominación del alimento: Croquetas de Pollo Ecológica","Nombre del operador: Precocinados Fridela.","Dirección del operador: P.Industrial Canraso, Vial Transversal, 1 - 31500 Tudela (Navarra) -España.","Cantidad Neta: 300 g","Peso neto escurrido: 300 g"],"ingredients":[" Leche (59%), harina de trigo, pollo(14%), aceite de girasol ecológico,cebolla, sal, tomate ecológico (tomate y sal marina), especias, ajo, preparado para empanar [harina de trigo ecológica, almidón de maíz ecológico, huevo en polvo ecológico], pan rallado [harina de trigo ecológica, agua, sal y levadura]. Contiene leche, gluten (trigo) y huevo. Puede contener soja, apio, sulfitos, pescado, moluscos, crustáceos y mostaza. Ingredientes agrarios procedentes de la agricultura ecológica."],"conservation":" Conservar a  -18°C. No volver a congelar una vez descongelado.","ean":"8436531103712"},{"full_name":"FRIDELA croquetas ecológicas de puerro bandeja 300 g","name":"croquetas ecológicas de puerro bandeja 300 g","brand":"FRIDELA ","img":"https://sgfm.elcorteingles.es/SGFM/dctm/MEDIA03/201701/27/00118924701263____1__600x600.jpg","price":"3,49 €","price_unit":"(11,63 € / Kilo)","categories":["Supermercado","Congelados","Precocinados","Croquetas congeladas","FRIDELA croquetas ecológicas de puerro bandeja 300 g"],"general_information":["Denominación del alimento: Croquetas de Puerro Ecológica","Nombre del operador: Precocinados Fridela.","Dirección del operador: P.Industrial Canraso, Vial Transversal, 1 - 31500 Tudela (Navarra) -España.","Cantidad Neta: 300 g","Peso neto escurrido: 300 g"],"ingredients":[" Leche (59%), harina de trigo, pollo(14%), aceite de girasol ecológico,cebolla, sal, tomate ecológico (tomate y sal marina), especias, ajo, preparado para empanar [harina de trigo ecológica, almidón de maíz ecológico, huevo en polvo ecológico], pan rallado [harina de trigo ecológica, agua, sal y levadura]. Contiene leche, gluten (trigo) y huevo. Puede contener soja, apio, sulfitos, pescado, moluscos, crustáceos y mostaza. Ingredientes agrarios procedentes de la agricultura ecológica."],"conservation":" Conservar a  -18°C. No volver a congelar una vez descongelado.","ean":"8436531105624"},{"full_name":"FRIDELA croquetas ecológicas de setas shiitake bandeja 300 g","name":"croquetas ecológicas de setas shiitake bandeja 300 g","brand":"FRIDELA ","img":"https://sgfm.elcorteingles.es/SGFM/dctm/MEDIA03/201701/27/00118924701248____1__600x600.jpg","price":"3,49 €","price_unit":"(11,63 € / Kilo)","categories":["Supermercado","Congelados","Precocinados","Croquetas congeladas","FRIDELA croquetas ecológicas de setas shiitake bandeja 300 g"],"general_information":["Denominación del alimento: Croquetas de Seta Shiitake Ecológica","Nombre del operador: Precocinados Fridela.","Dirección del operador: P.Industrial Canraso, Vial Transversal, 1 - 31500 Tudela (Navarra) -España.","Cantidad Neta: 300 g","Peso neto escurrido: 300 g"],"ingredients":[" Leche (48%), seta shiitake (25%), harina de trigo , cebolla, aceite de girasol ecológico, sal, aceite de oliva ecológico, ajo, preparado para empanar [harina de trigo ecológica, almidón de maíz ecológico, huevo en polvo ecológico], pan rallado [harina de trigo, agua, sal y levadura]. Contiene leche, gluten (trigo) y huevo. Puede contener soja, apio, sulfitos, pescado, moluscos, crustáceos y mostaza. Ingredientes agrarios procedentes de la agricultura ecológica."],"conservation":" Conservar a  -18°C. No volver a congelar una vez descongelado.","ean":"8436531103767"},{"full_name":"FRIDELA Surtido Mini de croquetas y bolitas sabores jamón mejillón y bacalao bandeja 300 g","name":"Surtido Mini de croquetas y bolitas sabores jamón mejillón y bacalao bandeja 300 g","brand":"FRIDELA ","img":"https://sgfm.elcorteingles.es/SGFM//00/70/3/0118924700703/0118924700703000g01011.jpg","price":"2,99 €","price_unit":"(9,97 € / Kilo)","categories":["Supermercado","Congelados","Precocinados","Croquetas congeladas","FRIDELA Surtido Mini de croquetas y bolitas sabores jamón mejillón y bacalao bandeja 300 g"],"general_information":["Denominación del alimento: Surtido Mini.","Nombre del operador: Precocinados Fridela.","Dirección del operador: P.Industrial Canraso, Vial Transversal, 1 - 31500 Tudela (Navarra) -España.","Cantidad Neta: 300,0 g","Peso neto escurrido: 300,0 g"],"ingredients":[" BOLITA DE BACALAO Y PIMIENTO DEL PIQUILLO: leche(35%), harina de trigo, pimiento del piquillo (11%) [pimiento del piquillo, sal, azucar, acidulante (acido cítrico)], bacalao Gadus Morhua (10%), merluza, margarina  [grasas y aceites vegetales de coco, palma y girasol en proporcion variable, agua, emulgente(mono y diglicéridos de ácidos grasos), sal, acidulante (ácido cítrico)], cebolla frita [cebolla, aceite de oliva, sal, corrector acidez (acido citrico)], sal, aceite de oliva, ajo y pan rallado. CROQUETA MINI DE JAMÓN CURADO: leche(57%), harina de trigo,  jamón curado (15%)[jamón de cerdo, sal, azúcar, conservadores (nitrito de sodio, nitrato potásico),antioxidante (ascorbato de sodio, citrato de sodio)], margarina  [grasas y aceites vegetales de coco, palma y girasol en proporcion variable, agua, emulgente(mono y diglicéridos de ácidos grasos), sal, acidulante (ácido cítrico)], sal y pan rallado. CUADRADITO MINI DE JAMON COCIDO Y QUESO: leche(49%), jamón cocido (18%)[paleta y magros de cerdo (55%), agua, almidones, sal, proteina de soja, azucar,dextrosa, estabilizadores (carragenato, trifosfato de pentasodio, sorbitol), aromas, conservador (nitrito sódico), antioxidante (eritorbato sódico), potenciador de sabor (glutamato monosódico), colorante (polidextrosa)], harina de trigo, queso fundido(9%)[queso, proteinas lacteas, sales fundentes ( E452-E339)], margarina  [grasas y aceites vegetales de coco, palma y girasol en proporcion variable, agua, emulgente(mono y diglicéridos de ácidos grasos), sal, acidulante (ácido cítrico)], sal y pan rallado. MEDALLITA DE MEJILLÓN:LECHE (37%), harina de trigo, carne mejillón (13%), merluza, margarina  [grasas y aceites vegetales de coco, palma y girasol en proporcion variable, agua, emulgente(mono y diglicéridos de ácidos grasos), sal, acidulante (ácido cítrico)], cebolla frita [cebolla, aceite de oliva, sal, corrector acidez (acido citrico)], pimiento verde, tomate frito [tomate, azúcar, aceite de girasol, sal, almidon de maíz, cebolla, ajo, acidulante (acido citrico)], sal, ajo, especias, ajo, aceite de oliva, especias y pan rallado. Contien leche, gluten (trigo), soja, molusco y pescado."],"conservation":" Conservación: Frigoríficos 3 dias. Congelador -18°C 24 meses","ean":"8437000619246"},{"full_name":"LA COCINA DE SENEN croquetas de boletus y escamas de patata sin gluten estuche 200 g","name":"croquetas de boletus y escamas de patata sin gluten estuche 200 g","brand":"LA COCINA DE SENEN ","img":"https://sgfm.elcorteingles.es/SGFM/dctm/MEDIA03/201606/29/00118924701081____1__600x600.jpg","price":"3,95 €","price_unit":"(19,75 € / Kilo)","categories":["Supermercado","Congelados","Precocinados","Croquetas congeladas","LA COCINA DE SENEN croquetas de boletus y escamas de patata sin gluten estuche 200 g"],"general_information":["Denominación del alimento: Croqueta de boletus y escamas de patata","Nombre del operador: Taller de Pintxos y Tapas, S.LU.","Dirección del operador: C/Alberca Vieja 2, 01001 Vitoria","Cantidad Neta: 200 g","Número de raciones por envase: 8"],"ingredients":[" Bechamel: leche UHT, hongos (boletus edullis 18%), aceite de oliva virgen extra, aceite de girasol, harina de arroz, harina de maíz, almidón de maíz, gelatina, ,fécula de patata, dextrosa, sal. Pan rallado: almidón de maíz, harina de maíz, sal, emulgente E-471, espesante E-415, conservador E-200, levadura, agua, azúcar, estabilizantes (E412 y E-464), gasificante (E-500ii), jarabe de azúcar invertido. Encolante: almidón de patata, leche en polvo desnatada y emulgentes (E-451i, E-412 y E-415), sal y antiespumante (E-900). Contiene leche"],"conservation":" Conservación: Temperatura =-18°C. Una vez descongelado, conservar el producto refrigerado. Consumir en un plazo de 5-6 días.","ean":"8414606782451"},{"full_name":"LA COCINA DE SENEN croquetas de jamón ibérico y pan crujiente sin gluten estuche 200 g","name":"croquetas de jamón ibérico y pan crujiente sin gluten estuche 200 g","brand":"LA COCINA DE SENEN ","img":"https://sgfm.elcorteingles.es/SGFM/dctm/MEDIA03/201608/08/00118924701065____2__600x600.jpg","price":"3,95 €","price_unit":"(19,75 € / Kilo)","categories":["Supermercado","Congelados","Precocinados","Croquetas congeladas","LA COCINA DE SENEN croquetas de jamón ibérico y pan crujiente sin gluten estuche 200 g"],"general_information":["Denominación del alimento: Croqueta de jamón ibérico y pan crujiente","Nombre del operador: Taller de Pintxos y Tapas, S.LU.","Dirección del operador: C/Alberca Vieja 2, 01001 Vitoria","Cantidad Neta: 200 g","Número de raciones por envase: 8"],"ingredients":[" Bechamel: leche, jamón ibérico (16%), aceite de oliva virgen , aceite girasol, harina de maíz, gelatina, fécula de patata, dextrosa, sal. Pan rallado: almidón de maíz, harina de maíz, sal, emulgente E-471, espesante E-415, conservador E-200, levadura, agua, azúcar, estabilizantes (E412 y E-464), gasificante (E-500ii), jarabe de azúcar invertido. Encolante: E-76 (almidón de patata, leche en polvo desnatada y emulgentes (E-451i, E-412 y E-415), sal y antiespumante (E-900). Contiene leche."],"conservation":" Conservación: Temperatura =-18°C. Una vez descongelado, conservar el producto refrigerado. Consumir en un plazo de 5-6 días.","ean":"8414606782413"},{"full_name":"LA COCINA DE SENEN croquetas de queso azul y nueces estuche 200 g","name":"croquetas de queso azul y nueces estuche 200 g","brand":"LA COCINA DE SENEN ","img":"https://sgfm.elcorteingles.es/SGFM/dctm/MEDIA03/201607/08/00118924701099____1__600x600.jpg","price":"3,95 €","price_unit":"(19,75 € / Kilo)","categories":["Supermercado","Congelados","Precocinados","Croquetas congeladas","LA COCINA DE SENEN croquetas de queso azul y nueces estuche 200 g"],"general_information":[],"ingredients":[],"ean":"8414606782420"},{"full_name":"LA COCINA DE SENEN croquetas de parmesano y stracciatella de tomate estuche 200 g","name":"croquetas de parmesano y stracciatella de tomate estuche 200 g","brand":"LA COCINA DE SENEN ","img":"https://sgfm.elcorteingles.es/SGFM/dctm/MEDIA03/201609/21/00118924701073____1__600x600.jpg","price":"3,95 €","categories":["Supermercado","Congelados","Precocinados","Croquetas congeladas","LA COCINA DE SENEN croquetas de parmesano y stracciatella de tomate estuche 200 g"],"general_information":["Denominación del alimento: Croqueta de parmesano y stracciatella de tomate","Nombre del operador: Taller de Pintxos y Tapas, S.LU.","Dirección del operador: C/Alberca Vieja 2, 01001 Vitoria","Cantidad Neta: 200 g","Número de raciones por envase: 8"],"ingredients":[" Bechamel: leche UHT, Queso Parmesano: leche UHT, sal, liksozima de huevo (16%), tomate deshidratado (5%), aceite de oliva virgen extra, aceite de girasol, harina de arroz, harina de maíz, almidón de maíz, gelatina, fécula de patata, dextrosa, sal. Pan rallado crujiente sin gluten: almidón de maíz, harina de maíz, sal, perejil, emulgente E-471, espesante E-415, conservador E-200, levadura, agua, azúcar, estabilizantes (E412 y E-464), gasificante (E-500ii), jarabe de azúcar invertido. Encolante: E-76 (almidón de patata, leche en polvo desnatada y emulgentes (E-451i, E-412 y E-415), sal y antiespumante (E-900). Contiene leche y huevo."],"conservation":" Conservación: Temperatura =-18°C. Una vez descongelado, conservar el producto refrigerado. Consumir en un plazo de 5-6 días.","ean":"8414606782437"},{"full_name":"LA COCINERA RECETAS ARTESANAS croquetas de cazuela de bacalao bolsa 500 g","name":"croquetas de cazuela de bacalao bolsa 500 g","brand":"LA COCINERA RECETAS ARTESANAS ","img":"https://sgfm.elcorteingles.es/SGFM/dctm/MEDIA03/201611/10/00118924700059____2__600x600.jpg","price":"3,10 €","price_unit":"(6,20 € / Kilo)","categories":["Supermercado","Congelados","Precocinados","Croquetas congeladas","LA COCINERA RECETAS ARTESANAS croquetas de cazuela de bacalao bolsa 500 g"],"general_information":["Denominación del alimento: Croquetas de bacalao ultracongeladas.","Nombre del operador: FINDUS ESPAÑA, S.L.U.","Dirección del operador: P.I. Berroa. C/ Berroa 13, 1ª planta. 31192 Tajonar (Navarra)","Cantidad Neta: 500 g","Otras menciones obligatorias en la etiqueta: Producto ultracongelado."],"ingredients":[" Agua, almidón de trigo, bacalao* seco desalado (12,8%), harina de trigo, leche desnatada en polvo, aceite de girasol, cebolla, sal, ajo, perejil, pimentón dulce, levadura. Puede contener trazas de crustáceos y moluscos. *Bacalao del Atlántico (Gadus morhua)/Bacalao del Pacífico (Gadus macrocephalus) / Bacalao de Groenlandia (Gadus ogac)."],"conservation":" Producto ultracongelado. Conservar a -18°C o temperaturas inferiores.","ean":"8410239041873"},{"full_name":"LA COCINERA RECETAS ARTESANAS croquetas de cocido casero con jamón serrano bolsa 500 g","name":"croquetas de cocido casero con jamón serrano bolsa 500 g","brand":"LA COCINERA RECETAS ARTESANAS ","img":"https://sgfm.elcorteingles.es/SGFM/dctm/MEDIA03/201611/10/00118924700034____2__600x600.jpg","price":"3,10 €","price_unit":"(6,20 € / Kilo)","categories":["Supermercado","Congelados","Precocinados","Croquetas congeladas","LA COCINERA RECETAS ARTESANAS croquetas de cocido casero con jamón serrano bolsa 500 g"],"general_information":["Denominación del alimento: Croquetas ultracongeladas de carne de cerdo, paleta y jamón curados.","Nombre del operador: FINDUS ESPAÑA, S.L.U.","Dirección del operador: P.I. Berroa. C/ Berroa 13, 1ª planta. 31192 Tajonar (Navarra)","Cantidad Neta: 500 g","Otras menciones obligatorias en la etiqueta: Producto ultracongelado."],"ingredients":[" Agua, carne de cerdo (16,5%), almidón de trigo, harina de trigo, paleta y jamón curados (8,1%)( paleta/jamón, sal, azúcar, antioxidantes: ascorbato sódico, ácido ascórbico, nitrato potásico y nitrito sódico), aceite de girasol, cebolla, leche desnatada en polvo, sal, levadura. Puede contener trazas de pescado, crustáceos y moluscos."],"conservation":" Producto ultracongelado. Conservar a -18°C o temperaturas inferiores.","ean":"8410239041262"},{"full_name":"LA COCINERA RECETAS ARTESANAS croquetas de estofado de pollo bolsa 500 g","name":"croquetas de estofado de pollo bolsa 500 g","brand":"LA COCINERA RECETAS ARTESANAS ","img":"https://sgfm.elcorteingles.es/SGFM/dctm/MEDIA03/201611/10/00118924700042____2__600x600.jpg","price":"3,10 €","price_unit":"(6,20 € / Kilo)","categories":["Supermercado","Congelados","Precocinados","Croquetas congeladas","LA COCINERA RECETAS ARTESANAS croquetas de estofado de pollo bolsa 500 g"],"general_information":["Denominación del alimento: Croquetas ultracongeladas de carnes de pollo y gallina guisadas con hortalizas.","Nombre del operador: FINDUS ESPAÑA, S.L.U.","Dirección del operador: P.I. Berroa. C/ Berroa 13, 1ª planta. 31192 Tajonar (Navarra)","Cantidad Neta: 500 g","Otras menciones obligatorias en la etiqueta: Producto ultracongelado."],"ingredients":[" Agua, almidón de trigo, carne de pollo (11,8%), carne de gallina (11,5%), pan rallado (harina de trigo, agua, sal y levadura), harina de trigo, zanahoria, leche desnatada en polvo, aceite de girasol, sal, vino blanco, cebolla, pimiento verde, especias y ajo. Puede contener trazas de huevo, pescado, moluscos y crustáceos."],"conservation":" Producto ultracongelado. Conservar a -18°C o temperaturas inferiores.","ean":"8410239041613"},{"full_name":"LA COCINERA RECETAS ARTESANAS croquetas de jamón ibérico bolsa 400 g","name":"croquetas de jamón ibérico bolsa 400 g","brand":"LA COCINERA RECETAS ARTESANAS ","img":"https://sgfm.elcorteingles.es/SGFM/dctm/MEDIA03/201603/01/00118924700414____2__600x600.jpg","price":"3,10 €","price_unit":"(7,75 € / Kilo)","categories":["Supermercado","Congelados","Precocinados","Croquetas congeladas","LA COCINERA RECETAS ARTESANAS croquetas de jamón ibérico bolsa 400 g"],"general_information":["Denominación del alimento: Croquetas ultracongeladas de jamón y paleta ibéricos y curados.","Nombre del operador: FINDUS ESPAÑA, S.L.U.","Dirección del operador: P.I. Berroa. C/ Berroa 13, 1ª planta. 31192 Tajonar (Navarra)","Cantidad Neta: 400 g","Otras menciones obligatorias en la etiqueta: Producto ultracongelado."],"ingredients":[" Agua, harina de trigo, almidon de trigo, jamón y paleta ibericos (8,9%)(jamón y paleta ibericos, sal, antioxidantes: nitrato potásico, eritorbato sódico y nitrito sódico, azúcar), jamón y paleta curados (6%)(jamón y paleta, sal, azúcar, antioxidantes: ascorbato sódico, ácido ascórbico, nitrato potásico y nitrito sódico), leche desnatada en polvo, aceite de oliva, aroma, sal, aroma de humo, levadura. Puede contener trazas de pescado, crustáceos y moluscos."],"conservation":" Producto ultracongelado. Conservar a -18°C o temperaturas inferiores.","ean":"7613033013027"},{"full_name":"LA COCINERA mini croquetas de jamón serrano bolsa 300 g","name":"mini croquetas de jamón serrano bolsa 300 g","brand":"LA COCINERA ","img":"https://sgfm.elcorteingles.es/SGFM/dctm/MEDIA03/201603/01/00118924700067____2__600x600.jpg","price":"2,07 €","price_unit":"(6,90 € / Kilo)","categories":["Supermercado","Congelados","Precocinados","Croquetas congeladas","LA COCINERA mini croquetas de jamón serrano bolsa 300 g"],"general_information":["Denominación del alimento: Croquetas ultracongeladas de paleta y jamón curados.","Nombre del operador: FINDUS ESPAÑA, S.L.U.","Dirección del operador: P.I. Berroa. C/ Berroa 13, 1ª planta. 31192 Tajonar (Navarra)","Cantidad Neta: 300 g","Otras menciones obligatorias en la etiqueta: Producto ultracongelado."],"ingredients":[" Agua, leche desnatada en polvo reconstituida, harina de trigo, pan rallado (harina de trigo, agua, dextrosa, levadura, azúcar, sal), paleta y jamón curados (7,3%)(paleta y jamón, sal, azúcar, antioxidantes: ascorbato sódico, ácido ascórbico, nitrato potásico y nitrito sódico), almidón modificado de maíz, carne de cerdo, aceite de girasol, sal, almidón de trigo. Puede contener trazas de pescado, crustáceos y moluscos."],"conservation":" Producto ultracongelado. Conservar a -18°C o temperaturas inferiores.","ean":"8410239004595"},{"full_name":"LA COCINERA Sabrosisímas croquetas de jamón serrano bolsa 500 g","name":"Sabrosisímas croquetas de jamón serrano bolsa 500 g","brand":"LA COCINERA ","img":"https://sgfm.elcorteingles.es/SGFM/dctm/MEDIA03/201702/13/00118924701271____1__600x600.jpg","price":"2,59 €","price_unit":"(5,18 € / Kilo)","categories":["Supermercado","Congelados","Precocinados","Croquetas congeladas","LA COCINERA Sabrosisímas croquetas de jamón serrano bolsa 500 g"],"general_information":["Denominación del alimento: Croquetas de paleta y jamón curados ultracongeladas.","Nombre del operador: FINDUS ESPAÑA, S.L.U.","Dirección del operador: P.I. Berroa. C/ Berroa 13, 1ª planta. 31192 Tajonar (Navarra)","Cantidad Neta: 500 g","Otras menciones obligatorias en la etiqueta: Producto ultracongelado."],"ingredients":[" Agua, leche desnatada en polvo reconstituida, almidón de trigo, pan rallado (harina de trigo, agua, dextrosa, levadura, sal, azúcar),paleta y jamón curados (7,6%)(paleta y jamón, sal, azúcar, antioxidantes: ascorbato sódico, ácido ascórbico, nitrato potásico y nitrito sódico), harina de trigo, carne de cerdo, aceite de girasol, sal. Puede contener trazas de pescado, crustáceos y moluscos."],"conservation":" Producto ultracongelado. Conservar a -18°C o temperaturas inferiores.","ean":"8410239040135"},{"full_name":"LA COCINERA Sabrosísimas croquetas de pollo bolsa 500 g","name":"Sabrosísimas croquetas de pollo bolsa 500 g","brand":"LA COCINERA ","img":"https://sgfm.elcorteingles.es/SGFM/dctm/MEDIA03/201702/13/00118924701289____1__600x600.jpg","price":"2,59 €","price_unit":"(5,18 € / Kilo)","categories":["Supermercado","Congelados","Precocinados","Croquetas congeladas","LA COCINERA Sabrosísimas croquetas de pollo bolsa 500 g"],"general_information":["Denominación del alimento: CROQUETAS DE CARNE DE POLLO ULTRACONGELADAS.","Nombre del operador: FINDUS ESPAÑA, S.L.U.","Dirección del operador: P.I. Berroa. C/ Berroa 13, 1ª planta. 31192 Tajonar (Navarra)","Cantidad Neta: 500 g","Otras menciones obligatorias en la etiqueta: Producto ultracongelado."],"ingredients":[" Agua, leche desnatada en polvo reconstituida, almidón de trigo, pan rallado (harina de trigo, agua, sal y levadura), carne de pollo (8,1%), carne de gallina, harina de trigo, aceite de girasol y sal. Puede contener trazas de huevo, pescado, moluscos y crustáceos."],"conservation":" Producto ultracongelado. Conservar a -18°C o temperaturas inferiores.","ean":"8410239040142"},{"full_name":"MAHESO receta maestra croquetas de jamón ibérico. bolsa 400 g","name":"receta maestra croquetas de jamón ibérico. bolsa 400 g","brand":"MAHESO ","img":"https://sgfm.elcorteingles.es/SGFM/dctm/MEDIA02/CONTENIDOS/201506/22/00118924700810____1__600x600.jpg","price":"2,25 €","price_unit":"(5,62 € / Kilo)","categories":["Supermercado","Congelados","Precocinados","Croquetas congeladas","MAHESO receta maestra croquetas de jamón ibérico. bolsa 400 g"],"general_information":["Denominación del alimento: Croquetas de jamón ibérico","País de origen: España","Nombre del operador: Gedesco S.A.","Dirección del operador: P.I. La Ferreria,  Avda de La Ferreria 59-71, 08110 Montcada i Reixac, Barcelona","Cantidad Neta: 400 g","Otras menciones obligatorias en la etiqueta: Plato preparado ultracongelado."],"ingredients":[" Relleno (89%): Agua, leche desnatada en polvo reconstituida , harina de trigo, margarina [grasa de palma, aceite de girasol, agua, sal, emulgente (E 471), acidulante (ácido cítrico), aromas], jamón ibérico (7%) [jamón, sal, conservador (E 250)], jamón curado (6,5%) [jamón, sal, conservador (E 252, E 250), antioxidante (ascorbato sódico)], almidón de trigo y de maíz, suero de leche, panceta de cerdo ibérico, sal, aceite de girasol, aroma (contiene leche) y aroma de humo. (Porcentajes calculados en base al relleno). Empanado (11%): Pan rallado (harina de trigo, levadura, sal, dextrosa, cacao), harina de trigo, agua, levadura, sal y almidón modificado. Consultar trazas de alérgenos.  Contiene leche y gluten. Este producto ha sido elaborado en una fábrica que emplea: huevo, soja, pescado, crustáceos, moluscos, frutos de cáscara, apio, mostaza y sésamo."],"conservation":" Conservar a -18°C. Una vez descongelado, no volver a congelar.","ean":"8410705012550"},{"full_name":"MAHESO croquetas de jamón serrano sin gluten estuche 300 g","name":"croquetas de jamón serrano sin gluten estuche 300 g","brand":"MAHESO ","img":"https://sgfm.elcorteingles.es/SGFM/dctm/MEDIA03/201703/03/00118924701214____1__600x600.jpg","price":"2,60 €","price_unit":"(8,67 € / Kilo)","categories":["Supermercado","Congelados","Precocinados","Croquetas congeladas","MAHESO croquetas de jamón serrano sin gluten estuche 300 g"],"general_information":["Denominación del alimento: Croquetas de jamón sin gluten","País de origen: España","Nombre del operador: Gedesco S.A.","Dirección del operador: P.I. La Ferreria,  Avda de La Ferreria 59-71, 08110 Montcada i Reixac, Barcelona","Cantidad Neta: 300 g","Número de raciones por envase: 10","Otras menciones obligatorias en la etiqueta: Plato preparado ultracongelado"],"ingredients":[" Relleno (84%): producto lácteo reconstituido (agua, lactosa, grasa de leche, proteínas de leche), jamón serrano (12%) [jamón, sal, azúcar, conservadores (E 250, E 252), antioxidante (E 301)], harina de arroz, almidón, almidón de patata, margarina [grasa de palma, aceite de girasol, agua, sal, emulgente (E 471), acidulante (ácido cítrico), aromas], almidón modificado, aroma (contiene leche), aroma de humo, aceite de girasol, potenciadores del sabor (E 621, E 631, E 627), sal, dextrosa y especias (contiene apio). (Porcentajes calculados en base al relleno). Empanado: Pan rallado [harina de arroz, dextrosa, fibra vegetal, sal, emulgente (E 471), colorante (caramelo natural), especias], agua, fécula de patata, harina de maíz, sal, almidón y  espesante (E 415). Contiene leche y apio. Este producto ha sido elaborado en una fábrica que emplea: huevo, soja, pescado, crustáceos, moluscos, frutos de cáscara y mostaza."],"conservation":" Conservar a -18°C. Una vez descongelado, no volver a congelar.","ean":"8410705033296"},{"full_name":"MAHESO croquetas de pollo sin gluten 10 unidades aprox bolsa 300 g","name":"croquetas de pollo sin gluten 10 unidades aprox bolsa 300 g","brand":"MAHESO ","img":"https://sgfm.elcorteingles.es/SGFM/dctm/MEDIA03/201706/22/00118924701305____1__600x600.jpg","price":"2,92 €","price_unit":"(9,73 € / Kilo)","categories":["Supermercado","Congelados","Precocinados","Croquetas congeladas","MAHESO croquetas de pollo sin gluten 10 unidades aprox bolsa 300 g"],"general_information":["Denominación del alimento: Croqueta pollo asado sin gluten","País de origen: España","Nombre del operador: Gedesco S.A.","Dirección del operador: P.I. La Ferreria,  Avda de La Ferreria 59-71, 08110 Montcada i Reixac, Barcelona","Cantidad Neta: 300 g","Número de raciones por envase: 10","Otras menciones obligatorias en la etiqueta: Plato preparado ultracongelado."],"ingredients":[" Relleno (84%): producto lácteo reconstituido (agua, lactosa, grasa de leche, proteínas de leche), carne de pollo (14%), almidón de maiz, harina de arroz, grasa de pollo, fécula de patata, almidón modificado, sal, especias  (contiene apio), aromas, potenciadores del sabor (E 621, E 631), dextrosa. Rebozado: agua, harinas de maíz y de arroz, almidón de maíz, almidón modificado, sal, gasificantes (E 500 y E 450) y espesantes (goma guar, E 461).  Contiene leche y apio. Este producto ha sido elaborado en una fábrica que emplea: soja, huevo, pescado, crustáceos, moluscos, frutos de cáscara y mostaza."],"conservation":" Conservar a -18°C. Una vez descongelado, no volver a congelar.","ean":"8410705033739"},{"full_name":"DON PIOVANI croquetas de boletus bolsa 500 g","name":"croquetas de boletus bolsa 500 g","brand":"DON PIOVANI ","img":"https://sgfm.elcorteingles.es/SGFM/dctm/MEDIA03/201611/14/00118924701032____1__600x600.jpg","price":"2,77 €","price_unit":"(5,54 € / Kilo)","categories":["Supermercado","Congelados","Precocinados","Croquetas congeladas","DON PIOVANI croquetas de boletus bolsa 500 g"],"general_information":[],"ingredients":[],"ean":"0641022905197"},{"full_name":"DON PIOVANI croquetas de jamón bolsa 500 g","name":"croquetas de jamón bolsa 500 g","brand":"DON PIOVANI ","img":"https://sgfm.elcorteingles.es/SGFM/dctm/MEDIA03/201611/14/00118924701016____1__600x600.jpg","price":"2,77 €","price_unit":"(5,54 € / Kilo)","categories":["Supermercado","Congelados","Precocinados","Croquetas congeladas","DON PIOVANI croquetas de jamón bolsa 500 g"],"general_information":[],"ingredients":[],"ean":"0641022905166"},{"full_name":"DON PIOVANI croquetas de ternasco bolsa 500 g","name":"croquetas de ternasco bolsa 500 g","brand":"DON PIOVANI ","img":"https://sgfm.elcorteingles.es/SGFM/dctm/MEDIA03/201611/14/00118924701040____1__600x600.jpg","price":"2,77 €","price_unit":"(5,54 € / Kilo)","categories":["Supermercado","Congelados","Precocinados","Croquetas congeladas","DON PIOVANI croquetas de ternasco bolsa 500 g"],"general_information":[],"ingredients":[],"ean":"0641022905173"},{"full_name":"DON PIOVANI croquetas fritas de jamón microondas y listo bolsa 500 g","name":"croquetas fritas de jamón microondas y listo bolsa 500 g","brand":"DON PIOVANI ","img":"https://sgfm.elcorteingles.es/SGFM/dctm/MEDIA03/201611/14/00118924701024____1__600x600.jpg","price":"2,77 €","price_unit":"(5,54 € / Kilo)","categories":["Supermercado","Congelados","Precocinados","Croquetas congeladas","DON PIOVANI croquetas fritas de jamón microondas y listo bolsa 500 g"],"general_information":[],"ingredients":[],"ean":"0641022905265"},{"full_name":"LA COCINA DE SENEN croquetas de bacalao y cebolla caramelizada sin gluten estuche 200 g","name":"croquetas de bacalao y cebolla caramelizada sin gluten estuche 200 g","brand":"LA COCINA DE SENEN ","img":"https://sgfm.elcorteingles.es/SGFM/dctm/MEDIA03/201608/04/00118924701107____1__600x600.jpg","price":"3,95 €","price_unit":"(19,75 € / Kilo)","categories":["Supermercado","Congelados","Precocinados","Croquetas congeladas","LA COCINA DE SENEN croquetas de bacalao y cebolla caramelizada sin gluten estuche 200 g"],"general_information":["Denominación del alimento: Croqueta de bacalao y cebolla caramelizada","Nombre del operador: Taller de Pintxos y Tapas, S.LU.","Dirección del operador: C/Alberca Vieja 2, 01001 Vitoria","Cantidad Neta: 200 g","Número de raciones por envase: 8"],"ingredients":[" Bechamel: leche UHT, bacacalo (Gadus morhua 18%), cebolla deshidratada (3%), aceite de oliva virgen extra, aceite de girasol, harina de arroz, harina de maíz, almidón de maíz, gelatina, fécula de patata, dextrosa, sal.Pan rallado crujiente sin gluten: almidón de maíz, harina de maíz, copo de patata, sal, levadura, emulgente E-471, espesante E-415, conservador E-200, agua, azúcar, estabilizantes (E412 y E-464), gasificante (E-500ii), jarabe de azúcar invertido. Encolante: almidón de patata, leche en polvo desnatada y emulgentes (E-451i, E-412 y E-415), sal y antiespumante (E-900). Contiene leche y pescado."],"conservation":" Conservación: Temperatura =-18°C. Una vez descongelado, conservar el producto refrigerado. Consumir en un plazo de 5-6 días.","ean":"8414606782444"},{"full_name":"EL CORTE INGLES miniempanadillas de atún bolsa 450 g","name":"miniempanadillas de atún bolsa 450 g","brand":"EL CORTE INGLES ","img":"https://sgfm.elcorteingles.es/SGFM/dctm/MEDIA03/201604/22/00118925200448____1__600x600.jpg","price":"1,56 €","price_unit":"(3,47 € / Kilo)","categories":["Supermercado","Congelados","Precocinados","Empanadillas y delicias congeladas","EL CORTE INGLES miniempanadillas de atún bolsa 450 g"],"general_information":["Denominación del alimento: Miniempanadillas de atún. Producto ultracongelado.","Nombre del operador: Elaborado para  El Corte Inglés por\nClavo Congelados, S.A.\nPol. Ind. La Vega, parcela 7 \n47100 Tordesillas (Valladolid) España","Cantidad Neta: 450 g","Número de raciones por envase: aproximadament"],"ingredients":[" Ingredientes: Relleno (50%): Tomate (tomate y acidulante: E-330), atún en aceite vegetal (18%) (atún, aceite de girasol y sal), cebolla, pimiento, agua, atún en escabeche (6%) (atún, agua, vinagre, aceite de girasol y sal), harina de trigo, huevo (huevo , agua, almidón modificado y sal), aceite de girasol, almidón, azúcar, sal, vinagre, extracto de pimentón y corrector de acidez (E-500ii), Masa: Harina de trigo, agua, margarina vegetal (grasa de palma, aceite de girasol, aromas, colorante (E-160aii), antioxidantes (E-306, E-304)), sal, dextrosa, azúcar, gasificantes (E-450i, E-500ii), almidón y enzimas. Puede contener trazas de crustáceos, moluscos, soja, apio, mostaza, leche y/o sus derivados."],"conservation":" CONSERVACIÓN MÁXIMA EN EL CONGELADOR DE SU FRIGORÍFICO\nConservación en frigorífico casero: 1 día\nEn el congelador del frigorífico\n**** Ver fecha de consumo preferente\n*** Varios meses\n** Un mes\n* Una semana\nConsérvese a temperaturas inferiores a - 18ºC.\nMantenga la calidad respetando las condiciones de conservación.\nProducto ultracongelado, no volver a congelar una vez descongelado.","ean":"8433329066402"},{"full_name":"EL CORTE INGLES empanadillas de atún bolsa 400 g","name":"empanadillas de atún bolsa 400 g","brand":"EL CORTE INGLES ","img":"https://sgfm.elcorteingles.es/SGFM/dctm/MEDIA03/201605/23/00118925200430____2__600x600.jpg","price":"1,26 €","price_unit":"(3,15 € / Kilo)","categories":["Supermercado","Congelados","Precocinados","Empanadillas y delicias congeladas","EL CORTE INGLES empanadillas de atún bolsa 400 g"],"general_information":["Denominación del alimento: Empanadillas de atún. Producto ultracongelado.","Nombre del operador: Elaborado para  El Corte Inglés por\nClavo Congelados, S.A.\nPol. Ind. La Vega, parcela 7 \n47100 Tordesillas (Valladolid) España","Cantidad Neta: 400 g","Número de raciones por envase: 4"],"ingredients":[" Ingredientes: Relleno (50%): Tomate (tomate y acidulante: E-330), atún en aceite vegetal (18%) (atún, aceite de girasol y sal), cebolla, pimiento, agua, atún en escabeche (6%) (atún, agua, vinagre, aceite de girasol y sal), harina de trigo, huevo (huevo , agua, almidón modificado y sal), aceite de girasol, almidón, azúcar, sal, vinagre, extracto de pimentón y corrector de acidez (E-500ii), Masa: Harina de trigo, agua, margarina vegetal (grasa de palma, aceite de girasol, aromas, colorante (E-160aii), antioxidantes (E-306, E-304)), sal, dextrosa, azúcar, gasificantes (E-450i, E-500ii), almidón y enzimas. Puede contener trazas de crustáceos, moluscos, soja, apio, mostaza, leche y/o sus derivados."],"conservation":" CONSERVACIÓN MÁXIMA EN EL CONGELADOR DE SU FRIGORÍFICO\nConservación en frigorífico casero: 1 día\nEn el congelador del frigorífico\n**** Ver fecha de consumo preferente\n*** Varios meses\n** Un mes\n* Una semana\nConsérvese a temperaturas inferiores a - 18ºC.\nMantenga la calidad respetando las condiciones de conservación.\nProducto ultracongelado, no volver a congelar una vez descongelado.","ean":"8433329066396"},{"full_name":"DON PANCHO pimiento jalapeño relleno de queso crema estuche 275 g","name":"pimiento jalapeño relleno de queso crema estuche 275 g","brand":"DON PANCHO ","img":"https://sgfm.elcorteingles.es/SGFM/01/29/7/0118959601297/0118959601297000g01011.jpg","price":"3,14 €","price_unit":"(11,42 € / Kilo)","categories":["Supermercado","Congelados","Precocinados","Empanadillas y delicias congeladas","DON PANCHO pimiento jalapeño relleno de queso crema estuche 275 g"],"general_information":["Denominación del alimento: Pimiento jalapeño relleno con queso crema empanado","Nombre del operador: Grupo Industrial Pancho Mex S.L","Dirección del operador: Carretera Candeleda a Oropesa, km 2.6 - 05480 Candeleda (Ávila) España","Cantidad Neta: 275 g"],"ingredients":[" Pimiento jalapeño (24%): Pimiento verde jalapeño, agua, ácido acético, sal, conservador (E-211). Queso crema (19%): Leche pasteurizada de vaca, nata, sal, espesante (E-1422), (harina de algarroba, espesante (E-412), fermentos lácticos. Empanado: Agua, harina de trigo, almidón de maíz, sal, levadura, grasa vegetal de palma, gasificantes (E-450i, E-500ii), emulsionante (E-471), copos de patata (patata, emulsionante (E-471), antioxidantes (E-304, E-300, metabisulfito de sodio E-223), corrector de la acidez (E-330), especia, aroma natural y sal). Aceite de girasol alto oleico (3%).  Salsa brava: Tomate, jarabe de glucosa y fructosa, vinagre, almidón modificado de maíz, sal, estabilizantes (E-407, E-412, E-410), aromas naturales, acidulante (E-330), extracto de cayena, conservadores (E-202, E-211). Contiene cereales que contienen gluten y derivados y anhidrido sulfuroso y sulfitos. Puede contener trazas de huevo y derivados."],"conservation":" Producto congelado conservar a - 18°C.","ean":"8437003629013"},{"full_name":"DON PANCHO fingers de mozzarella estuche 250 g","name":"fingers de mozzarella estuche 250 g","brand":"DON PANCHO ","img":"https://sgfm.elcorteingles.es/SGFM/01/27/1/0118959601271/0118959601271000g01011.jpg","price":"3,30 €","price_unit":"(13,20 € / Kilo)","categories":["Supermercado","Congelados","Precocinados","Empanadillas y delicias congeladas","DON PANCHO fingers de mozzarella estuche 250 g"],"general_information":["Denominación del alimento: Fingers de mozzarella empanados","Nombre del operador: Grupo Industrial Pancho Mex S.L","Dirección del operador: Carretera Candeleda a Oropesa, km 2.6 - 05480 Candeleda (Ávila) España","Cantidad Neta: 250 g"],"ingredients":[" Queso mozzarella (42%): Leche pasteurizada de vaca, fermentos lácteos, cuajo y sal. Empanado (55%): Agua, harina de trigo, almidón de maíz, sal, corrector de la acidez (E-300), levadura, grasa vegetal de palma, gasificantes (E-450i, E-500ii), emulgente (E-471), copos de patata (patata, emulsionante (E-471), antioxidantes (E-304, E-300, metabisulfito de sodio E-223), corrector de la acidez (E-330), especia y aroma natural) y especias.Aceite de girasol alto oleico (3%).  Salsa brava: Tomate, jarabe de glucosa y fructosa, vinagre, almidón modificado de maíz, sal, estabilizantes (E-407, E-410, E-412), aromas naturales, acidulante (E-330), extracto de cayena, conservadores (E-202, E-211). Contiene cereales que contienen gluten y derivados y anhidrido sulfuroso y sulfitos. Puede contener trazas de huevo y derivados."],"conservation":" Producto congelado conservar a - 18°C.","ean":"8437003629112"},{"full_name":"DON PANCHO jalapeño relleno de queso cheddar estuche 275 g","name":"jalapeño relleno de queso cheddar estuche 275 g","brand":"DON PANCHO ","img":"https://sgfm.elcorteingles.es/SGFM/dctm/MEDIA03/201609/07/00118959601545____2__600x600.jpg","price":"3,14 €","price_unit":"(11,42 € / Kilo)","categories":["Supermercado","Congelados","Precocinados","Empanadillas y delicias congeladas","DON PANCHO jalapeño relleno de queso cheddar estuche 275 g"],"general_information":[],"ingredients":[],"ean":"8437003629495"},{"full_name":"ELIDA tequeños deditos de jamón y queso 4 unidades estuche 325 g","name":"tequeños deditos de jamón y queso 4 unidades estuche 325 g","brand":"ELIDA ","img":"https://sgfm.elcorteingles.es/SGFM/01/17/2/0118959601172/0118959601172000g01011.jpg","price":"4,00 €","price_unit":"(12,31 € / Kilo)","categories":["Supermercado","Congelados","Precocinados","Empanadillas y delicias congeladas","ELIDA tequeños deditos de jamón y queso 4 unidades estuche 325 g"],"general_information":["Denominación del alimento: Tequeños jamón y queso","Nombre del operador: Conxélida SL.","Dirección del operador: Calle Nueva Travesía de Buenavista nº 15. 15006 La Coruña","Cantidad Neta: 325,0 g"],"ingredients":[" Harina de trigo, azúcar, mantequilla, queso, jamón, levadura y sal. Contiene gluten y lactosa. Relleno: Fiambre de Paleta (1,8%, contiene proteína de soja y proteína láctea), queso Edamer (20% leche pasteurizada, cultivos biológicos, cuajo), Estabilizadores (E-451ii, E-452i), gelificante (E-407), conservadores (E-250), antioxidantes (E-301, E-331i), colorantes."],"conservation":" Mantener a -21°C. Una vez descongelado no volver a congelar.","ean":"8437011100016"},{"full_name":"ELIDA tequeños deditos de queso elaboración artesana 4 unidades estuche 325 g","name":"tequeños deditos de queso elaboración artesana 4 unidades estuche 325 g","brand":"ELIDA ","img":"https://sgfm.elcorteingles.es/SGFM/01/16/4/0118959601164/0118959601164000g01011.jpg","price":"4,00 €","price_unit":"(12,31 € / Kilo)","categories":["Supermercado","Congelados","Precocinados","Empanadillas y delicias congeladas","ELIDA tequeños deditos de queso elaboración artesana 4 unidades estuche 325 g"],"general_information":["Denominación del alimento: Tequeños de queso","Nombre del operador: Conxélida SL.","Dirección del operador: Calle Nueva Travesía de Buenavista nº 15. 15006 La Coruña","Cantidad Neta: 325,0 g"],"ingredients":[" Harina de trigo, azúcar, mantequilla, queso, levadura y sal. Contiene gluten y lactosa. Relleno: Queso Edamer (20% leche pasteurizada, cultivos biológicos, cuajo), conservadores (E-250, E-251, E-252)."],"conservation":" Mantener a -21°C. Una vez descongelado no volver a congelar.","ean":"8437011100009"},{"full_name":"LA COCINERA RECETAS ARTESANAS empanadillas de atún 10 unidades estuche 312 g","name":"empanadillas de atún 10 unidades estuche 312 g","brand":"LA COCINERA RECETAS ARTESANAS ","img":"https://sgfm.elcorteingles.es/SGFM/dctm/MEDIA03/201603/01/00118925200372____2__600x600.jpg","price":"2,79 €","price_unit":"(8,94 € / Kilo)","categories":["Supermercado","Congelados","Precocinados","Empanadillas y delicias congeladas","LA COCINERA RECETAS ARTESANAS empanadillas de atún 10 unidades estuche 312 g"],"general_information":["Denominación del alimento: Empanadilla ultracongeladas de atún.","Nombre del operador: FINDUS ESPAÑA, S.L.U.","Dirección del operador: P.I. Berroa. C/ Berroa 13, 1ª planta. 31192 Tajonar (Navarra)","Cantidad Neta: 312 g","Otras menciones obligatorias en la etiqueta: Producto ultracongelado."],"ingredients":[" Harina de trigo, tomate y concentrado de tomate, cebolla, atún (7,9%), grasa vegetal (palma, girasol), huevo cocido, pimiento rojo, pimiento verde, azúcar, aceite de girasol, berenjena, aceite de oliva (1,5%), sal, ajo, cebollino, levadura, pimienta negra."],"conservation":" Producto ultracongelado. Conservar a -18°C o temperaturas inferiores.","ean":"8410239006049"},{"full_name":"LA COCINERA RECETAS ARTESANAS empanadillas de carne 10 unidades estuche 312 g","name":"empanadillas de carne 10 unidades estuche 312 g","brand":"LA COCINERA RECETAS ARTESANAS ","img":"https://sgfm.elcorteingles.es/SGFM/dctm/MEDIA03/201604/27/00118925200471____1__600x600.jpg","price":"2,79 €","price_unit":"(8,94 € / Kilo)","categories":["Supermercado","Congelados","Precocinados","Empanadillas y delicias congeladas","LA COCINERA RECETAS ARTESANAS empanadillas de carne 10 unidades estuche 312 g"],"general_information":["Denominación del alimento: Empanadillas ultracongeladas de carne de cerdo y vacuno.","Nombre del operador: FINDUS ESPAÑA, S.L.U.","Dirección del operador: P.I. Berroa. C/ Berroa 13, 1ª planta. 31192 Tajonar (Navarra)","Cantidad Neta: 312 g","Otras menciones obligatorias en la etiqueta: Producto ultracongelado."],"ingredients":[" Masa 56% [Harina de trigo, agua, aceites y grasas vegetales (palma y girasol en proporción variable), azúcar, sal y levadura], magro de cerdo 15,7%, tomate, carne de vacuno 7,8%, pimientos rojo y verde 6,6%, huevo 4%, cebolla 3,9%, bacon (panceta de cerdo, fécula de patata, agua, sal, azúcar, emulgentes: E407 y E451i, antioxidantes: E316 y E250, cebolla, aroma de humo), harina de trigo, aceite de oliva 1,3%, vino blanco, azúcar, ajo, aromas, hierbas aromáticas, sal, extracto de malta de cebada, especias."],"conservation":" Producto ultracongelado. Conservar a -18°C o temperaturas inferiores.","ean":"8410092100113"},{"full_name":"LA COCINERA RECETAS ARTESANAS empanadillas de pollo con champiñón y bacón 10 unidades estuche 312 g","name":"empanadillas de pollo con champiñón y bacón 10 unidades estuche 312 g","brand":"LA COCINERA RECETAS ARTESANAS ","img":"https://sgfm.elcorteingles.es/SGFM/dctm/MEDIA03/201604/27/00118925200489____1__600x600.jpg","price":"2,79 €","price_unit":"(8,94 € / Kilo)","categories":["Supermercado","Congelados","Precocinados","Empanadillas y delicias congeladas","LA COCINERA RECETAS ARTESANAS empanadillas de pollo con champiñón y bacón 10 unidades estuche 312 g"],"general_information":["Denominación del alimento: Empanadillas ultracongeladas de pollo.","Nombre del operador: FINDUS ESPAÑA, S.L.U.","Dirección del operador: P.I. Berroa. C/ Berroa 13, 1ª planta. 31192 Tajonar (Navarra)","Cantidad Neta: 312 g","Otras menciones obligatorias en la etiqueta: Producto ultracongelado."],"ingredients":[" Masa 56% [Harina de trigo, agua, aceites y grasas vegetales (palma y girasol en proporción variable), azúcar, sal y levadura], champiñón cultivado (Agaricus bisporus) 10,7%, pimientos rojo y verde 10,8%, carne de pollo 10,2%, huevo, cebolla, nata, bacon 2,7% (panceta de cerdo, fécula de patata, agua, sal, azúcar, emulgentes: E407 y E451i, antioxidantes: E316 y E250, cebolla, aroma de humo), harina de trigo, aceite de oliva 1,2%, azúcar, vino blanco, ajo, aromas, sal, aceite de girasol, especias."],"conservation":" Producto ultracongelado. Conservar a -18°C o temperaturas inferiores.","ean":"8410092100120"},{"full_name":"LA COCINERA RECETAS ARTESANAS mini empanadillas de atún 30 unidades estuche 450 g","name":"mini empanadillas de atún 30 unidades estuche 450 g","brand":"LA COCINERA RECETAS ARTESANAS ","img":"https://sgfm.elcorteingles.es/SGFM/dctm/MEDIA03/201607/08/00118925200034____2__600x600.jpg","price":"3,69 €","price_unit":"(8,20 € / Kilo)","categories":["Supermercado","Congelados","Precocinados","Empanadillas y delicias congeladas","LA COCINERA RECETAS ARTESANAS mini empanadillas de atún 30 unidades estuche 450 g"],"general_information":["Denominación del alimento: EMPANADILLAS DE ATÚN ULTRACONGELADAS.","Nombre del operador: FINDUS ESPAÑA, S.L.U.","Dirección del operador: P.I. Berroa. C/ Berroa 13, 1ª planta. 31192 Tajonar (Navarra)","Cantidad Neta: 450 g","Otras menciones obligatorias en la etiqueta: Producto ultracongelado."],"ingredients":[" Masa (54,2%) [harina de trigo, agua, grasa vegetal (palma y girasol), azúcar, sal y levadura], cebolla frita (cebolla y aceite de girasol), tomate concentrado, tomate, atún (15%), huevo, pimiento rojo y verde, berenjena frita (berenjena y aceite de girasol), azúcar, aceite de oliva, sal, aceite de girasol, cebollino, ajo y pimienta negra."],"conservation":" Producto ultracongelado. Conservar a -18°C o temperaturas inferiores.","ean":"8410239041798"},{"full_name":"LA COCINERA delicias de jamón y queso 6 unidades estuche 300 g","name":"delicias de jamón y queso 6 unidades estuche 300 g","brand":"LA COCINERA ","img":"https://sgfm.elcorteingles.es/SGFM/dctm/MEDIA03/201603/01/00118928500109____2__600x600.jpg","price":"3,19 €            ","price_unit":"(9,97 € / Kilo)","categories":["Supermercado","Congelados","Precocinados","Empanadillas y delicias congeladas","LA COCINERA delicias de jamón y queso 6 unidades estuche 300 g"],"general_information":["Denominación del alimento: Crepes empanados rellenos de bechamel con queso y fiambre de jamón ultracongelados.","Nombre del operador: FINDUS ESPAÑA, S.L.U.","Dirección del operador: P.I. Berroa. C/ Berroa 13, 1ª planta. 31192 Tajonar (Navarra)","Cantidad Neta: 300 g","Otras menciones obligatorias en la etiqueta: Producto ultracongelado."],"ingredients":[" leche desnatada en polvo reconstituida, harina de trigo, pan rallado (harina de trigo, agua, sal y levadura), fiambre de jamón (6%) [jamón, agua, almidón de trigo, sal, dextrosa, estabilizantes: E451, E452, E407 y E410, especias, antioxidantes: E316 y E250], huevo, aceite de girasol, almidón de trigo, queso (1,6%), suero de leche en polvo, sal, aromas (con potenciadores del sabor: E621, E627 y E631; contiene lactosa)."],"conservation":" Producto ultracongelado. Conservar a -18°C o temperaturas inferiores.","ean":"8410200051764"},{"full_name":"MAHESO mini empanadillas de atún bolsa 330 g","name":"mini empanadillas de atún bolsa 330 g","brand":"MAHESO ","img":"https://sgfm.elcorteingles.es/SGFM/dctm/MEDIA02/CONTENIDOS/201412/01/00118925200422____1__600x600.jpg","price":"2,53 €","price_unit":"(7,67 € / Kilo)","categories":["Supermercado","Congelados","Precocinados","Empanadillas y delicias congeladas","MAHESO mini empanadillas de atún bolsa 330 g"],"general_information":["Denominación del alimento: Miniempanadillas de atún.","País de origen: España","Nombre del operador: Gedesco S.A.","Dirección del operador: P.I. La Ferreria,  Avda de La Ferreria 59-71, 08110 Montcada i Reixac, Barcelona","Cantidad Neta: 330 g","Otras menciones obligatorias en la etiqueta: Plato preparado ultracongelado."],"ingredients":[" Relleno 50%: Tomate [tomate, corrector de acidez (ácido cítrico)], atún 12% (atún, aceite de girasol, sal y vinagre de vino), cebolla [cebolla, aceite de oliva, corrector de acidez (ácido cítrico)], huevo cocido, aceite de girasol, pan rallado (contiene gluten), pimiento, azúcar y sal. Oblea 50%: Harina de trigo, agua, manteca de cerdo [grasa de cerdo y estabilizante (BHA)], aceite de girasol, dextrosa y sal. Contiene gluten, huevo, pescado."],"conservation":" Conservar a -18°C. Una vez descongelado, no volver a congelar.","ean":"8410705004296"},{"full_name":"VICI GYOZA empanadillas de carne de ternera bolsa 400 g","name":"empanadillas de carne de ternera bolsa 400 g","brand":"VICI GYOZA ","img":"https://sgfm.elcorteingles.es/SGFM/dctm/MEDIA03/201603/16/00201125200400____1__600x600.jpg","price":"2,99 €","price_unit":"(7,48 € / Kilo)","categories":["Supermercado","Congelados","Precocinados","Empanadillas y delicias congeladas","VICI GYOZA empanadillas de carne de ternera bolsa 400 g"],"general_information":[],"ingredients":[],"ean":"4770190106917"},{"full_name":"VICI GYOZA empanadillas de pollo masa ultra fina bolsa 400 g","name":"empanadillas de pollo masa ultra fina bolsa 400 g","brand":"VICI GYOZA ","img":"https://sgfm.elcorteingles.es/SGFM/dctm/MEDIA02/CONTENIDOS/201408/14/00118925200406____1__600x600.jpg","price":"2,99 €","price_unit":"(7,48 € / Kilo)","categories":["Supermercado","Congelados","Precocinados","Empanadillas y delicias congeladas","VICI GYOZA empanadillas de pollo masa ultra fina bolsa 400 g"],"general_information":["Denominación del alimento: Empanadilla con pollo. Masa rellena congelada","Nombre del operador: VG Iberia, fábrica: Orka Foods","Dirección del operador: Plaza de Castilla n°3 planta 10A, 28046 Madrid España, Fábrica: Birutes skg. 10, Maceniu k. 90100 Plunges R SAV Lithuania","Cantidad Neta: 400 g"],"ingredients":[" Carne de pollo 35%, harina de trigo (contiene gluten), agua, clara de huevo, cebollas, zanahorias, sal, gluten, aceite de nabina, especias, granos de ajo, pimienta de Jamaica molida."],"conservation":" Mantener a -18°C. Una vez descongelado, no volver a congerlar, conservar refrigerado y consumir dentro de 24 horas.","ean":"4770190092661"},{"full_name":"VICI GYOZA empanadillas de verduras bolsa 400 g","name":"empanadillas de verduras bolsa 400 g","brand":"VICI GYOZA ","img":"https://sgfm.elcorteingles.es/SGFM/dctm/MEDIA03/201603/16/00118925200455____1__600x600.jpg","price":"2,99 €","price_unit":"(7,48 € / Kilo)","categories":["Supermercado","Congelados","Precocinados","Empanadillas y delicias congeladas","VICI GYOZA empanadillas de verduras bolsa 400 g"],"general_information":[],"ingredients":[],"ean":"4770190105194"},{"full_name":"EL CORTE INGLES rabas de calamar empanadas bolsa 400 g","name":"rabas de calamar empanadas bolsa 400 g","brand":"EL CORTE INGLES ","img":"https://sgfm.elcorteingles.es/SGFM/dctm/MEDIA03/201605/18/00118948800158____1__600x600.jpg","price":"2,55 €","price_unit":"(6,38 € / Kilo)","categories":["Supermercado","Congelados","Precocinados","Calamares rebozados congelados","EL CORTE INGLES rabas de calamar empanadas bolsa 400 g"],"general_information":["Denominación del alimento: RABAS EMPANADAS.  Producto Precocinado Ultracongelado","Nombre del operador: Elaborado para\nEl Corte Inglés por\nEurofrits, S.A.\nC/ López Bravo nº 45 - Polígono Ind. Villalonquéjar\n09001 Burgos\nEspaña","Cantidad Neta: 400 g","Número de raciones por envase: 4"],"ingredients":[" Ingredientes: Potón (73%), harina de trigo, aceite de girasol, sal, gasificantes (E450, E451, E452), conservador E223 (sulfitos) y colorante E160b."],"conservation":" Conservación en frigorífico casero: 1 día \nEn el congelador del frigorífico \n**** Ver fecha de consumo preferente \n*** Varios meses \n** Un mes \n* Una semana \nConsérvese a temperaturas inferiores a -18ºC. \nMantenga la calidad respetando las condiciones de conservación. \nProducto ultracongelado, no volver a congelar una vez descongelado.","ean":"8433329044028"},{"full_name":"ALIADA anillas de calamar a la romana envase 400 g","name":"anillas de calamar a la romana envase 400 g","brand":"ALIADA ","img":"https://sgfm.elcorteingles.es/SGFM/00/18/2/0118948800182/0118948800182000g01011.jpg","price":"2,15 €","price_unit":"(5,38 € / Kilo)","categories":["Supermercado","Congelados","Precocinados","Calamares rebozados congelados","ALIADA anillas de calamar a la romana envase 400 g"],"general_information":["Denominación del alimento: Plato ultracongelado precocinado. Formas de anillas a la romana elaboradas a partir de piezas de pescado.","Nombre del operador: Elaborado para el\nGrupo El Corte Inglés\nHermosilla, 112 ? 28009 Madrid ? España\npor N.I.F.: A- 36.025.872","Cantidad Neta: 400 g","Número de raciones por envase: 4"],"ingredients":[" Ingredientes: Pota (40%) (molusco), harina de trigo, pan rallado (harina de trigo, levadura y sal), agua, aceite de girasol, almidón (trigo), sal, azúcar, espesantes (E 407 y E 412), gasificantes (E 450 y E 500) y colorante (E 101) Puede contener trazas de huevo, leche y pescado"],"conservation":" CONSERVACIÓN:\nMantener por debajo de - 18ºC.\nConservación en el hogar:\n* 1 semana\n** 1 mes\n*** ó **** Ver fecha de consumo preferente.\nNo volver a congelar una vez descongelado.","ean":"8433329062237"},{"full_name":"PESCANOVA caprichos de calamar a la romana bolsa 600 g","name":"caprichos de calamar a la romana bolsa 600 g","brand":"PESCANOVA ","img":"https://sgfm.elcorteingles.es/SGFM/dctm/MEDIA02/CONTENIDOS/201505/12/00201148800269____1__600x600.jpg","price":"3,15 €","price_unit":"(5,25 € / Kilo)","categories":["Supermercado","Congelados","Precocinados","Calamares rebozados congelados","PESCANOVA caprichos de calamar a la romana bolsa 600 g"],"general_information":["Denominación del alimento: Aritos rebozados elaborados a partir de trozos de pota","Nombre del operador: Pescanova España S.L.U","Dirección del operador: Rúa José Fernández López S/N 36320 Chapela-Redondela-Pontevedra-España","Cantidad Neta: 600 g"],"ingredients":[" Pota (40%) (molusco) harina de trigo y maíz, aceite de girasol, agua, harina integral de trigo, almidón, sal, dextrosa de maíz, azúcar, espesantes (carragenanos, goma guar) y gasificantes (difosfatos, carbonatos de sodio). Puede contener trazas de pescado, huevo y leche."],"conservation":" Mantener a -18° C hasta la fecha de consumo preferente","ean":"8410063044156"},{"full_name":"PESCANOVA rabas de calamar rebozadas en harina bolsa 400 g + 50 g gratis","name":"rabas de calamar rebozadas en harina bolsa 400 g","brand":"PESCANOVA ","img":"https://sgfm.elcorteingles.es/SGFM/dctm/MEDIA03/201602/19/00118948800083____1__600x600.jpg","price":"3,15 €","price_unit":"(7,88 € / Kilo)","categories":["Supermercado","Congelados","Precocinados","Calamares rebozados congelados","PESCANOVA rabas de calamar rebozadas en harina bolsa 400 g + 50 g gratis"],"general_information":["Denominación del alimento: Tiras empanadas elaboradas a partir de trozos de pota","Nombre del operador: Pescanova España S.L.U","Dirección del operador: Rúa José Fernández López S/N 36320 Chapela-Redondela-Pontevedra-España","Cantidad Neta: 400 g"],"ingredients":[" Pota (74%) (molusco), pan rallado (harina de trigo, levadura, sal y especias), aceite de girasol, agua, fécula de patata, harina de trigo, sal, almidón de trigo, gluten, maltodextrina, azúcar y gelificante (E-407).Puede contener  trazas de huevo y leche."],"conservation":" Mantener a -18° C hasta la fecha de consumo preferente","ean":"8410063011011"},{"full_name":"PESCANOVA chipirones rebozados al huevo bolsa 250 g","name":"chipirones rebozados al huevo bolsa 250 g","brand":"PESCANOVA ","img":"https://sgfm.elcorteingles.es/SGFM/00/29/3/0201148800293/0201148800293000g01011.jpg","price":"2,50 €","price_unit":"(10 € / Kilo)","categories":["Supermercado","Congelados","Precocinados","Calamares rebozados congelados","PESCANOVA chipirones rebozados al huevo bolsa 250 g"],"general_information":["Denominación del alimento: Aritos de cefalópodos rebozados","Nombre del operador: Pescanova España S.L.U","Dirección del operador: Rúa José Fernández López S/N 36320 Chapela-Redondela-Pontevedra-España","Cantidad Neta: 250 g"],"ingredients":[" Pota (60%) (molusco), huevo (27%), aceite de girasol, harina de trigo, agua, almidón, sal, potenciador de sabor (E-621), espesantes (E-421 y E-407), gasificantes (E-450 y E-500), azúcar, estabilizante (E-461), aroma de huevo, levadura y dextrosa. Puede contener trazas de leche."],"conservation":" Mantener a -18° C hasta la fecha de consumo preferente","ean":"8410063026510"},{"full_name":"FINDUS varitas de verduras rellenas de patata con guisantes maiz y zanahoria estuche 284 g","name":"varitas de verduras rellenas de patata con guisantes maiz y zanahoria estuche 284 g","brand":"FINDUS ","img":"https://sgfm.elcorteingles.es/SGFM/dctm/MEDIA03/201705/12/00118926600612____1__600x600.jpg","price":"2,15 €","price_unit":"(7,57 € / Kilo)","categories":["Supermercado","Congelados","Precocinados","Precocinados de verduras y vegetales congelados","FINDUS varitas de verduras rellenas de patata con guisantes maiz y zanahoria estuche 284 g"],"general_information":["Denominación del alimento: Porciones de hortalizas empanadas y ultracongeladas.","Nombre del operador: FINDUS ESPAÑA, S.L.U.","Dirección del operador: P.I. Berroa. C/ Berroa 13, 1ª planta. 31192 Tajonar (Navarra)","Cantidad Neta: 284 g","Otras menciones obligatorias en la etiqueta: Producto ultracongelado."],"ingredients":[" hortalizas 41% (maíz, zanahoria, guisante), agua, pan rallado (harina de trigo, agua, levadura, sal), aceite de nabina, copos de patata, harina de trigo, sal, especias, almidón de arroz y de patata."],"conservation":" Producto ultracongelado. Conservar a -18°C o temperaturas inferiores.","ean":"8410092100267"},{"full_name":"FINDUS nuggets de espinacas también al horno bolsa 250 g","name":"nuggets de espinacas también al horno bolsa 250 g","brand":"FINDUS ","img":"https://sgfm.elcorteingles.es/SGFM/dctm/MEDIA03/201706/05/00201126600681____1__600x600.jpg","price":"2,15 €","categories":["Supermercado","Congelados","Precocinados","Precocinados de verduras y vegetales congelados","FINDUS nuggets de espinacas también al horno bolsa 250 g"],"general_information":["Denominación del alimento: Porciones rebozadas y ultracongeladas de espinaca con hortalizas y queso fundido.","Nombre del operador: FINDUS ESPAÑA, S.L.U.","Dirección del operador: P.I. Berroa. C/ Berroa 13, 1ª planta. 31192 Tajonar (Navarra)","Cantidad Neta: 250 g","Otras menciones obligatorias en la etiqueta: Producto ultracongelado."],"ingredients":[" Espinacas (24%), pan rallado (harina de trigo, agua, sal, levadura), aceite de girasol, cebolla, zanahoria, queso fundido (queso Mozzarella, agua, proteínas de la leche, mantequilla, sales de fundido: citrato de sodio, sal), agua, harina de trigo, semillas de girasol, mantequilla, huevo en polvo, ajo, leche entera en polvo, cebolla en polvo, caldo vegetal (cebolla, tomate, ajo y sal), sal, ajo en polvo."],"conservation":" Producto ultracongelado. Conservar a -18°C o temperaturas inferiores.","ean":"8410092100250"},{"full_name":"FINDUS SALTO VERDELISS parrillada de calabacín 2 raciones bolsa 400 g","name":"parrillada de calabacín 2 raciones bolsa 400 g","brand":"FINDUS SALTO VERDELISS ","img":"https://sgfm.elcorteingles.es/SGFM/dctm/MEDIA03/201605/18/00118958300628____2__600x600.jpg","price":"2,79 €","price_unit":"(6,98 € / Kilo)","categories":["Supermercado","Congelados","Precocinados","Precocinados de verduras y vegetales congelados","FINDUS SALTO VERDELISS parrillada de calabacín 2 raciones bolsa 400 g"],"general_information":["Denominación del alimento: Mezcla de hortalizas para saltear ultracongelada","Nombre del operador: FINDUS ESPAÑA, S.L.U.","Dirección del operador: P.I. Berroa. C/ Berroa 13, 1ª planta. 31192 Tajonar (Navarra)","Cantidad Neta: 400 g","Número de raciones por envase: 2","Otras menciones obligatorias en la etiqueta: Producto ultracongelado."],"ingredients":[" Calabacín (43%), cebolla, zanahoria amarilla, pimiento rojo, espárragos verdes, aceite de girasol, sal, perejil, ajo, maltodextrina, harina de maíz, extracto de levadura, fécula de patata, aromas, tomate en polvo, especias."],"conservation":" Producto ultracongelado. Conservar a -18°C o temperaturas inferiores.","ean":"8410092055888"},{"full_name":"MAHESO tempura de verduras berenjena calabacín pimiento rojo y zanahoria bolsa 400 g","name":"tempura de verduras berenjena calabacín pimiento rojo y zanahoria bolsa 400 g","brand":"MAHESO ","img":"https://sgfm.elcorteingles.es/SGFM/00/22/4/0118926600224/0118926600224000g01011.jpg","price":"2,59 €","price_unit":"(6,48 € / Kilo)","categories":["Supermercado","Congelados","Precocinados","Precocinados de verduras y vegetales congelados","MAHESO tempura de verduras berenjena calabacín pimiento rojo y zanahoria bolsa 400 g"],"general_information":["Denominación del alimento: Mezcla de verduras","País de origen: España","Nombre del operador: Gedesco S.A.","Dirección del operador: P.I. La Ferreria,  Avda de La Ferreria 59-71, 08110 Montcada i Reixac, Barcelona","Cantidad Neta: 400 g","Otras menciones obligatorias en la etiqueta: Plato preparado ultracongelado."],"ingredients":[" Verduras (52%) (en proporción variable: berenjena, calabacín, pimiento rojo, zanahoria), agua, aceite de girasol, harina de trigo, harina y almidón de maíz, pan rallado (harina de trigo, agua levadura, sal), sal, gasificantes (E 541, bicarbonato sódico) y almidón modificado. Consultar trazas de alérgenos. Contiene gluten. Este producto ha sido elaborado en una fábrica que emplea: leche, huevo, soja, pescado, crustáceos, moluscos, frutos de cáscara, apio, mostaza y sésamo."],"conservation":" Conservar a -18°C. Una vez descongelado, no volver a congelar.","ean":"8410705014493"},{"full_name":"MAHESO rollitos primavera 4 unidades estuche 225 g","name":"rollitos primavera 4 unidades estuche 225 g","brand":"MAHESO ","img":"https://sgfm.elcorteingles.es/SGFM/dctm/MEDIA02/CONTENIDOS/201511/30/00118959601461____1__600x600.jpg","price":"2,59 €","price_unit":"(11,51 € / Kilo)","categories":["Supermercado","Congelados","Precocinados","Precocinados de verduras y vegetales congelados","MAHESO rollitos primavera 4 unidades estuche 225 g"],"general_information":["Denominación del alimento: Rollitos de verduras y carne con salsa agridulce prefritos","País de origen: España","Nombre del operador: Gedesco S.A.","Dirección del operador: P.I. La Ferreria,  Avda de La Ferreria 59-71, 08110 Montcada i Reixac, Barcelona","Cantidad Neta: 225 g","Número de raciones por envase: 4","Otras menciones obligatorias en la etiqueta: Plato preparado ultracongelado."],"ingredients":[" Verduras (46%) (col, zanahoria, cebolla), agua, harina de trigo, carne de cerdo (8%), sal, aceite de girasol, salsa de soja [dextrosa de trigo, agua, habas de soja, vinagre de vino, maltodextrina, sal, hidrolizado de proteína vegetal (maíz y soja), conservadores (E 211, sorbato potásico), colorante (E 150c)], aroma (contiene gluten), caldo deshidratado de pollo, potenciadores del sabor (E 621, E 627, E 631, E 363), especias y azúcar.  Salsa agridulce: Tomate, azúcar, jarabe de glucosa y fructosa, vinagre, agua, sal, almidón modificado, estabilizador (goma guar, goma xantana), especias (contiene apio) y conservadores (sorbato potásico, E 211). Consultar trazas de alérgenos. Contiene gluten, soja y apio. Este producto ha sido elaborado en una fábrica que emplea: leche, huevo, pescado, crustáceos, moluscos, frutos de cáscara, mostaza y sésamo."],"conservation":" Conservar a -18°C. Una vez descongelado, no volver a congelar.","ean":"8410705028094"},{"full_name":"MAHESO rollitos vegetales 4 unidades estuche 200 g","name":"rollitos vegetales 4 unidades estuche 200 g","brand":"MAHESO ","img":"https://sgfm.elcorteingles.es/SGFM/dctm/MEDIA02/CONTENIDOS/201511/30/00118959601479____1__600x600.jpg","price":"2,59 €","price_unit":"(12,95 € / Kilo)","categories":["Supermercado","Congelados","Precocinados","Precocinados de verduras y vegetales congelados","MAHESO rollitos vegetales 4 unidades estuche 200 g"],"general_information":["Denominación del alimento: Rollitos de verduras prefritos","País de origen: España","Nombre del operador: Gedesco S.A.","Dirección del operador: P.I. La Ferreria,  Avda de La Ferreria 59-71, 08110 Montcada i Reixac, Barcelona","Cantidad Neta: 200 g","Número de raciones por envase: 4","Otras menciones obligatorias en la etiqueta: Plato preparado ultracongelado."],"ingredients":[" Verduras (38%) (col, zanahoria, cebolla, judía verde), agua, brotes de judía mung y de bambú (16%), harina de trigo, seta negra (1,9%), almidón modficiado, huevo en polvo, sal, aroma (contiene gluten y mostaza), azúcar, gasificantes (E 450i, E 500), potenciador del sabor (glutamato monosódico), especias, aceite de girasol, caldo deshidratado de verduras y espesante (E 461). Consultar trazas de alérgenos. Contiene gluten, huevo y mostaza. Este producto ha sido elaborado en una fábrica que emplea: leche, soja, pescado, crustáceos, moluscos, frutos de cáscara, apio y sésamo."],"conservation":" Conservar a -18°C. Una vez descongelado, no volver a congelar.","ean":"8410705028117"},{"full_name":"MC CAIN PICKERS' aros de cebolla bolsa 400 g","name":"aros de cebolla bolsa 400 g","brand":"MC CAIN PICKERS' ","img":"https://sgfm.elcorteingles.es/SGFM/dctm/MEDIA02/CONTENIDOS/201601/18/00118926600018____1__600x600.jpg","price":"1,76 €","price_unit":"(4,40 € / Kilo)","categories":["Supermercado","Congelados","Precocinados","Precocinados de verduras y vegetales congelados","MC CAIN PICKERS' aros de cebolla bolsa 400 g"],"general_information":["Denominación del alimento: Preparado a base de cebollas extrusionadas en forma de aro, rebozadas y empanadas, prefritas y ultracongeladas.","Nombre del operador: McCain España, S.A.","Dirección del operador: Serrano, 240 - 28016 Madrid","Cantidad Neta: 400,0 g"],"ingredients":[" Cebollas trituradas (53%), pan rallado (18%), harina de trigo, aceite vegetal, rebozado (harina de trigo, agua, sal), gelificante: alginato de sodio (E401), extracto de cebolla seca, azúcar, sal, pimentón dulce, extracto de raíz de cúrcuma."],"conservation":" Conservar a menos 18° C","ean":"3256830001121"},{"full_name":"TERRANOVA bocaditos de verdura bolsa 300 g","name":"bocaditos de verdura bolsa 300 g","brand":"TERRANOVA ","img":"https://sgfm.elcorteingles.es/SGFM/00/34/9/0118926600349/0118926600349000g01011.jpg","price":"1,89 €","price_unit":"(4,72 € / Kilo)","categories":["Supermercado","Congelados","Precocinados","Precocinados de verduras y vegetales congelados","TERRANOVA bocaditos de verdura bolsa 300 g"],"general_information":[],"ingredients":[],"ean":"8437002729684"}]