[{"full_name":"SPECIAL LINE cola de caballo 100 comprimidos envase 50 g","name":"cola de caballo 100 comprimidos envase 50 g","brand":"SPECIAL LINE ","img":"https://sgfm.elcorteingles.es/SGFM/dctm/MEDIA03/201701/16/00120744501469____1__600x600.jpg","price":"2,09 €","price_unit":"(4,18 € / 100 gr.)","categories":["Supermercado","Dietéticos","Productos control de peso","Drenantes y laxantes","SPECIAL LINE cola de caballo 100 comprimidos envase 50 g"],"general_information":["Denominación del alimento: Complemento alimenticio.","Nombre del operador: Elaborado para el Grupo El Corte Ingles \nHermosilla, 112 \n28009 Madrid - España \npor CIF: B78966942","Cantidad Neta: 50 g"],"ingredients":[" Ingredientes: Cola de caballo planta (Equisetum arvense L.) (250 mg), inulina, cola de caballo extracto con un 7% sílice (75 mg), endurecedor (E351), estabilizantes (E470b, E551)."],"conservation":" Mantener en lugar fresco y seco.","ean":"8433329030724"},{"full_name":"SPECIAL LINE jarabe drenante con alcachofa y zarzaparrilla frasco 250 ml","name":"jarabe drenante con alcachofa y zarzaparrilla frasco 250 ml","brand":"SPECIAL LINE ","img":"https://sgfm.elcorteingles.es/SGFM/dctm/MEDIA03/201706/07/00120744200724____1__600x600.jpg","price":"5,50 €","categories":["Supermercado","Dietéticos","Productos control de peso","Drenantes y laxantes","SPECIAL LINE jarabe drenante con alcachofa y zarzaparrilla frasco 250 ml"],"general_information":["Denominación del alimento: Complemento alimenticio elaborado a base de especies vegetales, fibras alimentarias y vitaminas","Nombre del operador: Elaborado para el Grupo El Corte Inglés\nHermosilla, 112 ? 28009 Madrid\nEspaña por NIF: A-28648053"],"ingredients":[" Ingredientes (por 10 ml): Jarabe de Fructosa (85% fructosa y 15% glucosa), agua, espesante (Glicerina), alcachofera concentrado vegetal (Cynara scolymus L, hojas) (300 mg), diente de león concentrado vegetal (Taraxacum officinale Weber, hojas y raíz (300 mg), cola de caballo concentrado vegetal (Equisetum arvense L, tallos) (200 mg), zarzaparrilla concentrado vegetal (Smilax aspera L, raíz) (200 mg), inulina (150 mg), oligofructosa (100 mg), estabilizante (carboximetilcelulosa y celulosa microcristalina), acido L-ascórbico (Vitamina C) (20 mg), conservador (sorbato potásico), aroma a limón, DL-alfa tocoferol (Vitamina E) (10 mg, eq. 3,34 mg de Tocoferol), menta extracto seco (Mentha piperita L, hojas) (10 mg), palmitato de retinilo (Vitamina A) (3,56 mg, eq. 266,7 mcg Retinol)."],"conservation":" Conservar en ambiente fresco y seco. Una vez abierto el envase, conservarlo en el frigorífico.","ean":"8433329043977"},{"full_name":"BIMANAN Línea Detox ayuda a depurar y desintoxicar botella 332 g","name":"Línea Detox ayuda a depurar y desintoxicar botella 332 g","brand":"BIMANAN ","img":"https://sgfm.elcorteingles.es/SGFM//00/47/2/0200344200472/0200344200472000g01011.jpg","price":"5,42 €","price_unit":"(5.420 € / Kilo)","categories":["Supermercado","Dietéticos","Productos control de peso","Drenantes y laxantes","BIMANAN Línea Detox ayuda a depurar y desintoxicar botella 332 g"],"general_information":["Denominación del alimento: Complemento alimenticio a base  de plantas con edulcorante","Nombre del operador: Nutrition & Santé Iberia, S.L.","Dirección del operador: c/ Jesús Serra i Santamans, nº 4 - 1ª planta. 08174 Sant Cugat del Vallés - Barcelona","Cantidad Neta: 300 Mililitros","Número de raciones por envase: 7","Otras menciones obligatorias en la etiqueta: Con edulcorante"],"ingredients":[" Ingredientes por dosis diaria de 40 ml: Agua, zumo concentrado de granada: 3%, aromas naturales, zumo concentrado de saúco: 1%, acidulante: ácido cítrico, maltodextrina, extracto seco de alcahofa (Cynara scolymus L., hoja): 75 mg (equivalente a 1500 mg de planta seca), extracto seco de abedul (Betula pendula Roth., hoja): 16 mg (equivalente a 500 mg de planta seca), conservador: sorbato potásico, edulcorante: sucralosa. Elaborado en una fábrica que utiliza gluten, crustáceos, huevo, pescado, cacahuetes, soja, leche, frutos de cáscara, apio, sulfitos y moluscos."],"conservation":" Conservar en lugar fresco y seco","ean":"3175681145030"},{"full_name":"SANTIVERI Laxaloe ayuda a la regularidad del tránsito intestinal envase 60 cápsulas","name":"Laxaloe ayuda a la regularidad del tránsito intestinal envase 60 cápsulas","brand":"SANTIVERI ","img":"https://sgfm.elcorteingles.es/SGFM/dctm/MEDIA02/CONTENIDOS/201408/13/00120748702485____1__600x600.jpg","price":"7,05 €","price_unit":"(32,05 € / 100 gr.)","categories":["Supermercado","Dietéticos","Complementos nutricionales","Digestivo","SANTIVERI Laxaloe ayuda a la regularidad del tránsito intestinal envase 60 cápsulas"],"general_information":["Denominación del alimento: LAXALOE cápsulas. COMPLEMENTO ALIME","Nombre del operador: CASA SANTIVERI S.L.","Dirección del operador: ENCUNY 8, 08038 BARCELONA","Cantidad Neta: 22 g"],"ingredients":[" aloe (54%), gelatina vegetal, hinojo (18,9%)"],"ean":"8412170031715"},{"full_name":"SANTIVERI Bi-C-Lulit Stop Celulitis bebida con centella asiática y cola de caballo frasco 200 ml","name":"Bi-C-Lulit Stop Celulitis bebida con centella asiática y cola de caballo frasco 200 ml","brand":"SANTIVERI ","img":"https://sgfm.elcorteingles.es/SGFM/dctm/MEDIA02/CONTENIDOS/201511/10/00120744200609____1__600x600.jpg","price":"15,95 €","categories":["Supermercado","Dietéticos","Productos control de peso","Drenantes y laxantes","SANTIVERI Bi-C-Lulit Stop Celulitis bebida con centella asiática y cola de caballo frasco 200 ml"],"general_information":["Denominación del alimento: Complemento alimenticio a base de e","Nombre del operador: CASA SANTIVERI S.L.","Dirección del operador: ENCUNY 8, 08038 BARCELONA","Cantidad Neta: 200 Centímetro cúbico"],"ingredients":[" zumo concentrado de piña, hortalizas y cereales extractos vegetales-fruta, naranja, limón, uva, plátano, aguacate, mango, melón, carambola, guayaba, ciruela, kiwi, pera, ANARCARDO, NUEZ DE BRASIL, tomate, calabaza, guisante, SÉSAMO, CENTENO, maíz, CEBADA, arroz, judía, SOJA, garbanzos, lentejas, frijoles, zanahoria, boniato, tapioca, pimiento rojo, remolacha, nabo, col, sandía, jengibre, mate, canela, anís, citronela, avena, clavo, maracuyá, cúrcuma, loto, acerola, maltodextrina, jarabe de agave, centella asiática, cola de caballo, bromelaína, colina, vitamina c (ácido l-ascórbico)"],"ean":"8412170031470"},{"full_name":"SANTIVERI Bi-C-Lulit Stop Celulitis con centella asiática y cola de caballo frasco 48 comprimidos","name":"Bi-C-Lulit Stop Celulitis con centella asiática y cola de caballo frasco 48 comprimidos","brand":"SANTIVERI ","img":"https://sgfm.elcorteingles.es/SGFM/dctm/MEDIA02/CONTENIDOS/201511/10/00120744501477____1__600x600.jpg","price":"17,60 €","categories":["Supermercado","Dietéticos","Productos control de peso","Drenantes y laxantes","SANTIVERI Bi-C-Lulit Stop Celulitis con centella asiática y cola de caballo frasco 48 comprimidos"],"general_information":["Denominación del alimento: Complemento alimenticio a base de e","Nombre del operador: CASA SANTIVERI S.L.","Dirección del operador: ENCUNY 8, 08038 BARCELONA","Cantidad Neta: 28 g"],"ingredients":[" cola de caballo, pilosella, ginkgo, abedul, anís verde, milenrama o aquilea, ciprés, vid roja, rusco, centella asiática, arándano o mirtilo, alga espirulina, maltodextrina, estearato de magnesio (antiaglomerante), óxido de silicio (antiaglomerante)"],"ean":"8412170016118"},{"full_name":"SANTIVERI Bi-C-Lulit Stop Celulitis con centella asiática y cola de caballo en crema tubo 15 cl","name":"Bi-C-Lulit Stop Celulitis con centella asiática y cola de caballo en crema tubo 15 cl","brand":"SANTIVERI ","img":"https://sgfm.elcorteingles.es/SGFM/dctm/MEDIA02/CONTENIDOS/201511/10/00120776000703____1__600x600.jpg","price":"18,15 €","categories":["Supermercado","Dietéticos","Productos control de peso","Drenantes y laxantes","SANTIVERI Bi-C-Lulit Stop Celulitis con centella asiática y cola de caballo en crema tubo 15 cl"],"general_information":[],"ingredients":[],"ean":"8412170028487"},{"full_name":"SANTIVERI alcachofa envase 60 cápsulas","name":"alcachofa envase 60 cápsulas","brand":"SANTIVERI ","img":"https://sgfm.elcorteingles.es/SGFM/dctm/MEDIA02/CONTENIDOS/201411/14/00120744500115____1__600x600.jpg","price":"8,95 €","price_unit":"(149,17 € / Kilo)","categories":["Supermercado","Dietéticos","Productos control de peso","Drenantes y laxantes","SANTIVERI alcachofa envase 60 cápsulas"],"general_information":["Denominación del alimento: Complemento alimenticio a base de a","Nombre del operador: CASA SANTIVERI S.L.","Dirección del operador: ENCUNY 8, 08038 BARCELONA","Cantidad Neta: 28 g"],"ingredients":[" extracto de alcachofa, maltodextrina, gelatina vegetal, estearato de magnesio (antiaglomerante)"],"ean":"8412170011298"},{"full_name":"SANTIVERI alga fucus en comprimidos frasco 60 g","name":"alga fucus en comprimidos frasco 60 g","brand":"SANTIVERI ","img":"https://sgfm.elcorteingles.es/SGFM/00/07/3/0120744500073/0120744500073000g01011.jpg","price":"7,19 €","price_unit":"(11,98 € / 100 gr.)","categories":["Supermercado","Dietéticos","Productos control de peso","Drenantes y laxantes","SANTIVERI alga fucus en comprimidos frasco 60 g"],"general_information":["Denominación del alimento: QUANTICUM ALGA FUCUS COMP","Nombre del operador: CASA SANTIVERI S.L.","Dirección del operador: ENCUNY 8, 08038 BARCELONA","Cantidad Neta: 60 g"],"ingredients":[" alga fucus (92,83%), almidón de maíz, óxido de silicio (antiaglomerante)"],"ean":"8412170000445"},{"full_name":"SANTIVERI Dietabelt té verde + té rojo con nuez de cola y mate en cápsulas envase 24 g","name":"Dietabelt té verde + té rojo con nuez de cola y mate en cápsulas envase 24 g","brand":"SANTIVERI ","price":"15,15 €","price_unit":"(63,12 € / 100 gr.)","categories":["Supermercado","Dietéticos","Productos control de peso","Drenantes y laxantes","SANTIVERI Dietabelt té verde + té rojo con nuez de cola y mate en cápsulas envase 24 g"],"general_information":[],"ingredients":[],"ean":"8412170017221"},{"full_name":"SANTIVERI Dietabelt Neo-C-Lulit anticelulítico estuche 15 ampollas","name":"Dietabelt Neo-C-Lulit anticelulítico estuche 15 ampollas","brand":"SANTIVERI ","img":"https://sgfm.elcorteingles.es/SGFM/dctm/MEDIA02/CONTENIDOS/201502/16/00120744200096____1__600x600.jpg","price":"20,75 €","price_unit":"(1.383,33 € / Kilo)","categories":["Supermercado","Dietéticos","Productos control de peso","Drenantes y laxantes","SANTIVERI Dietabelt Neo-C-Lulit anticelulítico estuche 15 ampollas"],"general_information":["Denominación del alimento: Complemento alimenticio a base de c","Nombre del operador: CASA SANTIVERI S.L.","Dirección del operador: ENCUNY 8, 08038 BARCELONA","Cantidad Neta: 75 g"],"ingredients":[" extracto acuoso de alga fucus (87,9%), colina (5%), inositol (5mg), extracto seco de centella asiática, aroma natural de limón"],"ean":"8412170010000"},{"full_name":"SANTIVERI Dietabelt Drenabelt Plus Drena con cola de caballo y zinc estuche 120 ml","name":"Dietabelt Drenabelt Plus Drena con cola de caballo y zinc estuche 120 ml","brand":"SANTIVERI ","img":"https://sgfm.elcorteingles.es/SGFM/dctm/MEDIA03/201704/20/00120744501642____1__600x600.jpg","price":"19,95 €","price_unit":"(166,25 € / Kilo)","categories":["Supermercado","Dietéticos","Productos control de peso","Drenantes y laxantes","SANTIVERI Dietabelt Drenabelt Plus Drena con cola de caballo y zinc estuche 120 ml"],"general_information":[],"ingredients":[],"ean":"8412170037595"},{"full_name":"SANTIVERI Dietabelt Drena Fruit con cola de caballo y ortiga que favorecen el drenaje corporal estuche 240 ml","name":"Dietabelt Drena Fruit con cola de caballo y ortiga que favorecen el drenaje corporal estuche 240 ml","brand":"SANTIVERI ","img":"https://sgfm.elcorteingles.es/SGFM/dctm/MEDIA03/201704/20/00120744501659____1__600x600.jpg","price":"16,50 €","price_unit":"(68,75 € / Litro)","categories":["Supermercado","Dietéticos","Productos control de peso","Drenantes y laxantes","SANTIVERI Dietabelt Drena Fruit con cola de caballo y ortiga que favorecen el drenaje corporal estuche 240 ml"],"general_information":[],"ingredients":[],"ean":"8412170037663"},{"full_name":"SANTIVERI Dietabelt Vientre Plano Drena ayuda a eliminar líquidos y gases estuche 34 g","name":"Dietabelt Vientre Plano Drena ayuda a eliminar líquidos y gases estuche 34 g","brand":"SANTIVERI ","img":"https://sgfm.elcorteingles.es/SGFM/dctm/MEDIA03/201704/20/00120744501626____1__600x600.jpg","price":"18,95 €","price_unit":"(557,35 € / Kilo)","categories":["Supermercado","Dietéticos","Productos control de peso","Drenantes y laxantes","SANTIVERI Dietabelt Vientre Plano Drena ayuda a eliminar líquidos y gases estuche 34 g"],"general_information":[],"ingredients":[],"ean":"8412170037694"},{"full_name":"SANTIVERI Drenaxir jarabe concentrado de frutas y extractos de plantas envase 240 cc","name":"Drenaxir jarabe concentrado de frutas y extractos de plantas envase 240 cc","brand":"SANTIVERI ","img":"https://sgfm.elcorteingles.es/SGFM/dctm/MEDIA02/CONTENIDOS/201408/13/00120735000448____1__600x600.jpg","price":"14,25 €","price_unit":"(59,38 € / Litro)","categories":["Supermercado","Dietéticos","Complementos nutricionales","Digestivo","SANTIVERI Drenaxir jarabe concentrado de frutas y extractos de plantas envase 240 cc"],"general_information":["Denominación del alimento: DRENAXIR - COMPLEMENTO ALIMENTICIO","Nombre del operador: CASA SANTIVERI S.L.","Dirección del operador: ENCUNY 8, 08038 BARCELONA","Cantidad Neta: 240 Centímetro cúbico"],"ingredients":[" zumo concentrado de frutas (62,8%), manzana, uva, pomelo, cereza, jarabe de manzana (17,2%), sirope de savia de arce (10%), extracto de plantas (10%), boldo, alcachofera, diente de león, zarzaparrilla, saúco, ortiga verde, cola de caballo, abedul, bardana"],"ean":"8412170021624"},{"full_name":"SANTIVERI Dietabelt Drenabelt a base de plantas L.Carnitina sirope de savia y extracto de té verde envase 100 cc","name":"Dietabelt Drenabelt a base de plantas L.Carnitina sirope de savia y extracto de té verde envase 100 cc","brand":"SANTIVERI ","img":"https://sgfm.elcorteingles.es/SGFM//00/15/0/0120744800150/0120744800150000g01011.jpg","price":"19,95 €","price_unit":"(199,50 € / Litro)","categories":["Supermercado","Dietéticos","Productos control de peso","Drenantes y laxantes","SANTIVERI Dietabelt Drenabelt a base de plantas L.Carnitina sirope de savia y extracto de té verde envase 100 cc"],"general_information":[],"ingredients":[],"ean":"8412170026445"},{"full_name":"SANTIVERI Dietabelt Vientre Plano especial mujer drenante y depurativo estuche 60 cápsulas","name":"Dietabelt Vientre Plano especial mujer drenante y depurativo estuche 60 cápsulas","brand":"SANTIVERI ","img":"https://sgfm.elcorteingles.es/SGFM/dctm/MEDIA02/CONTENIDOS/201411/14/00120744500453____1__600x600.jpg","price":"18,95 €","price_unit":"(315,83 € / Kilo)","categories":["Supermercado","Dietéticos","Productos control de peso","Drenantes y laxantes","SANTIVERI Dietabelt Vientre Plano especial mujer drenante y depurativo estuche 60 cápsulas"],"general_information":[],"ingredients":[],"ean":"8412170017238"},{"full_name":"SANTIVERI Sanaflor laxante masticable a base de té envase 75 g","name":"Sanaflor laxante masticable a base de té envase 75 g","brand":"SANTIVERI ","img":"https://sgfm.elcorteingles.es/SGFM//00/06/9/0120744800069/0120744800069000g01011.jpg","price":"3,85 €","price_unit":"(5,13 € / 100 gr.)","categories":["Supermercado","Dietéticos","Productos control de peso","Drenantes y laxantes","SANTIVERI Sanaflor laxante masticable a base de té envase 75 g"],"general_information":["Denominación del alimento: Complemento alimenticio a base de p","Nombre del operador: CASA SANTIVERI S.L.","Dirección del operador: ENCUNY 8, 08038 BARCELONA","Cantidad Neta: 75 g"],"ingredients":[" sen (85%), hibisco (7,5%), hierbabuena (7,5%)"],"ean":"8412170002999"},{"full_name":"SANTIVERI Sanaflor LX-9 laxante en comprimidos frasco 60 comprimidos","name":"Sanaflor LX-9 laxante en comprimidos frasco 60 comprimidos","brand":"SANTIVERI ","img":"https://sgfm.elcorteingles.es/SGFM/dctm/MEDIA02/CONTENIDOS/201411/14/00120737400455____1__600x600.jpg","price":"4,02 €","price_unit":"(67 € / Kilo)","categories":["Supermercado","Dietéticos","Productos control de peso","Drenantes y laxantes","SANTIVERI Sanaflor LX-9 laxante en comprimidos frasco 60 comprimidos"],"general_information":[],"ingredients":[],"ean":"8412170006058"},{"full_name":"SANTIVERI Sanaflor cola de caballo perlas estuche 40 unidades","name":"Sanaflor cola de caballo perlas estuche 40 unidades","brand":"SANTIVERI ","img":"https://sgfm.elcorteingles.es/SGFM/dctm/MEDIA02/CONTENIDOS/201411/14/00120744500099____1__600x600.jpg","price":"9,29 €","price_unit":"(232,25 € / Kilo)","categories":["Supermercado","Dietéticos","Productos control de peso","Drenantes y laxantes","SANTIVERI Sanaflor cola de caballo perlas estuche 40 unidades"],"general_information":[],"ingredients":[],"ean":"8412170010789"},{"full_name":"SANTIVERI Sanaflor cola de caballo envase 65 comprimidos","name":"Sanaflor cola de caballo envase 65 comprimidos","brand":"SANTIVERI ","img":"https://sgfm.elcorteingles.es/SGFM/dctm/MEDIA02/CONTENIDOS/201411/14/00120744500081____1__600x600.jpg","price":"4,90 €","price_unit":"(75,38 € / Kilo)","categories":["Supermercado","Dietéticos","Productos control de peso","Drenantes y laxantes","SANTIVERI Sanaflor cola de caballo envase 65 comprimidos"],"general_information":[],"ingredients":[],"ean":"8412170006171"},{"full_name":"SANTIVERI Bio extracto natural de cola de caballo envase 50 cc","name":"Bio extracto natural de cola de caballo envase 50 cc","brand":"SANTIVERI ","img":"https://sgfm.elcorteingles.es/SGFM/dctm/MEDIA02/CONTENIDOS/201411/06/00120739301883____1__600x600.jpg","price":"7,37 €","price_unit":"(14,74 € / 100 gr.)","categories":["Supermercado","Dietéticos","Productos control de peso","Drenantes y laxantes","SANTIVERI Bio extracto natural de cola de caballo envase 50 cc"],"general_information":[],"ingredients":[],"ean":"8412170032590"},{"full_name":"SANTIVERI Bio extracto natural de fucus envase 50 cc","name":"Bio extracto natural de fucus envase 50 cc","brand":"SANTIVERI ","img":"https://sgfm.elcorteingles.es/SGFM/dctm/MEDIA02/CONTENIDOS/201411/06/00120739301933____1__600x600.jpg","price":"8,53 €","price_unit":"(17,06 € / 100 gr.)","categories":["Supermercado","Dietéticos","Productos control de peso","Drenantes y laxantes","SANTIVERI Bio extracto natural de fucus envase 50 cc"],"general_information":["Denominación del alimento: Complemento alimenticio a base de e","Nombre del operador: CASA SANTIVERI S.L.","Dirección del operador: ENCUNY 8, 08038 BARCELONA","Cantidad Neta: 50 Centímetro cúbico"],"ingredients":[" alga fucus ecológica (100%)"],"ean":"8412170032606"},{"full_name":"SANTIVERI Bio erba drena extracto natural mixtract D 6 envase 50 ml","name":"Bio erba drena extracto natural mixtract D 6 envase 50 ml","brand":"SANTIVERI ","img":"https://sgfm.elcorteingles.es/SGFM/dctm/MEDIA02/CONTENIDOS/201411/06/00120739302089____1__600x600.jpg","price":"9,61 €","price_unit":"(192,20 € / Litro)","categories":["Supermercado","Dietéticos","Productos control de peso","Drenantes y laxantes","SANTIVERI Bio erba drena extracto natural mixtract D 6 envase 50 ml"],"general_information":[],"ingredients":[],"ean":"8412170032682"},{"full_name":"SANTIVERI Bio erba linea extracto natural mixtract L 30 envase 50 cc","name":"Bio erba linea extracto natural mixtract L 30 envase 50 cc","brand":"SANTIVERI ","img":"https://sgfm.elcorteingles.es/SGFM/dctm/MEDIA02/CONTENIDOS/201502/16/00120739302055____2__600x600.jpg","price":"9,61 €","price_unit":"(19,22 € / 100 gr.)","categories":["Supermercado","Dietéticos","Productos control de peso","Drenantes y laxantes","SANTIVERI Bio erba linea extracto natural mixtract L 30 envase 50 cc"],"general_information":["Denominación del alimento: Complemento alimenticio a base de e","Nombre del operador: CASA SANTIVERI S.L.","Dirección del operador: ENCUNY 8, 08038 BARCELONA","Cantidad Neta: 50 Centímetro cúbico"],"ingredients":[" alga fucus ecológica (30%), té verde ecológico (30%), cola de caballo ecológico (30%), romero ecológico (10%)"],"ean":"8412170032705"},{"full_name":"INTEGRALIA Alcachofa Plus con boldo diente de león y cola de caballo envase 60 cápsulas","name":"Alcachofa Plus con boldo diente de león y cola de caballo envase 60 cápsulas","brand":"INTEGRALIA ","img":"https://sgfm.elcorteingles.es/SGFM/00/32/1/0120744500321/0120744500321000g01011.jpg","price":"11,49 €","price_unit":"(191,50 € / Kilo)","categories":["Supermercado","Dietéticos","Productos control de peso","Drenantes y laxantes","INTEGRALIA Alcachofa Plus con boldo diente de león y cola de caballo envase 60 cápsulas"],"general_information":["Denominación del alimento: Complemento alimenticio","Nombre del operador: General Dietetica S.L.","Dirección del operador: C/ Encuny, 2 08038 Barcelona (España).","Cantidad Neta: 36,0 g","Número de raciones por envase: 60","Otras menciones obligatorias en la etiqueta: No superar la dosis recomendada. Los complementos alimenticios no sustituyen una dieta variada, equilibrada y un estilo de vida saludable. Mantener fuera del alcance de los niños más pequeños."],"ingredients":[" Alcachofa (cynara scolymus L., hoja), agente de carga (celulosa), cola de caballo (equisetum arvense L., parte aérea), cubierta (gelatina), diente de león (taraxacum officinale weber, planta), boldo (peumus boldus molina, hoja), antiaglomerantes (dióxido de silicio y estearato de magnesio)."],"conservation":" Conservar en lugar fresco, seco y al amparo de la luz.","ean":"8436000543148"},{"full_name":"EQUILIBRA Café Verde complemento alimenticio drenante botella 500 ml","name":"Café Verde complemento alimenticio drenante botella 500 ml","brand":"EQUILIBRA ","img":"https://sgfm.elcorteingles.es/SGFM/dctm/MEDIA03/201708/29/00120744501758____1__600x600.jpg","price":"11,75 €","categories":["Supermercado","Dietéticos","Productos control de peso","Drenantes y laxantes","EQUILIBRA Café Verde complemento alimenticio drenante botella 500 ml"],"general_information":["Denominación del alimento: EQUILIBRA:CAFE VERDE DRENANTE 500ml","País de origen: Italia","Nombre del operador: Ofistrade S.A.","Dirección del operador: C/Buenos Aires 38-40, entlo. C - 08036 Barcelona","Lugar de procedencia del alimento: Italia","Cantidad Neta: 500 Mililitros"],"ingredients":[" Agua depurada, estabilizante: sorbitol; aromas, Café verde (Coffea canephora Pierre ex Froehner) semillas e.s. tit. 45% ácido clorogénico, Betula (Betula pendula Roth. 90%, Betula pubescens Ehrh. 10%) hojas e.s. tit. 0,3% flavonoides expresados en Hiperósido, Diente de león (Taraxacum officinale Weber) raíz e.s. tit. 2% inulina, acidulante: ácido cítrico; espesante: goma Xantana; conservante: sorbato de potasio; Piña (Ananas comosus (L.) Merr.) fruto y tallo e.s. tit. 250 GDU/g, Té verde (Camelia sinsesis (L) Kuntzel) hojas e.s. tit. 15% polifenoles, colorante: caramelo E150a; edulcorante: sucralosa."],"conservation":" Consérvese en lugar fresco y seco.","ean":"8000137700479"},{"full_name":"EQUILIBRA Drena Fast complemento alimenticio drenante y depurativo botella 500 ml","name":"Drena Fast complemento alimenticio drenante y depurativo botella 500 ml","brand":"EQUILIBRA ","img":"https://sgfm.elcorteingles.es/SGFM/dctm/MEDIA03/201708/29/00120744501741____1__600x600.jpg","price":"9,50 €","categories":["Supermercado","Dietéticos","Productos control de peso","Drenantes y laxantes","EQUILIBRA Drena Fast complemento alimenticio drenante y depurativo botella 500 ml"],"general_information":["Denominación del alimento: EQUILIBRA:DRENAJE RAPIDO 500ml","País de origen: Italia","Nombre del operador: Ofistrade S.A.","Dirección del operador: C/Buenos Aires 38-40, entlo. C - 08036 Barcelona","Lugar de procedencia del alimento: Italia","Cantidad Neta: 500 Mililitros"],"ingredients":[" Agua depurada, aroma natural, Espárrago (Asparagus officinalis L.) raíz extr. fluido, Bardana (Arctium Iappa L.) raíz extr. fluido, Boldo (Peumus boldus Molina) hojas extr. fluido, Alcachofa (Cynara scolymus L.) hojas extr. fluido, Cardo mariano (Silybum marianum (L.) Gaertner) frutos extr. fluido, Cúrcuma (Curcuma longa L.) rizoma extr. fluido, Grosellero negro (Ribes nigrum L.) hojas extr. fluido, Diente de león (Taraxacum officinale Weber) raíz extr. fluido, conservantes: sorbato de potasio, benzoato de sodio; acidulante: ácido cítrico; edulcorante: sucralosa."],"conservation":" Consérvese en lugar fresco y seco.","ean":"8000137700462"},{"full_name":"BIMANAN Línea drenaje con alcachofa y piña envase 40 cápsulas","name":"Línea drenaje con alcachofa y piña envase 40 cápsulas","brand":"BIMANAN ","img":"https://sgfm.elcorteingles.es/SGFM/dctm/MEDIA03/201702/10/00120744500164____8__600x600.jpg","price":"7,49 €","price_unit":"(374,50 € / Kilo)","categories":["Supermercado","Dietéticos","Productos control de peso","Drenantes y laxantes","BIMANAN Línea drenaje con alcachofa y piña envase 40 cápsulas"],"general_information":["Denominación del alimento: Complemento alimenticio a base de extracto seco de alcachofa y polvo de piña","Nombre del operador: Nutrition & Santé Iberia, S.L.","Dirección del operador: c/ Jesús Serra i Santamans, nº 4 - 1ª planta. 08174 Sant Cugat del Vallés - Barcelona","Cantidad Neta: 19.8 g","Número de raciones por envase: 40"],"ingredients":[" Ingredientes por dosis diaria (2 cápsulas): Extracto seco de alcachofa (Cynara scolymus L., hojas): 330 mg, polvo de piña: 300 mg, agentes de carga: celulosa microcristalina y fructooligosacáridos, antiaglomerantes: sales magnésicas de ácidos grasos y dióxido de silicio. Cápsula: hidroxipropilmetilcelulosa y colorante: dióxido de titanio."],"conservation":" Conservar en lugar fresco y seco","ean":"8414200823796"},{"full_name":"NATURTIERRA Laxnat 30 cápsulas envase 120 g","name":"Laxnat 30 cápsulas envase 120 g","brand":"NATURTIERRA ","img":"https://sgfm.elcorteingles.es/SGFM/dctm/MEDIA02/CONTENIDOS/201407/21/00120744501295____1__600x600.jpg","price":"4,19 €","price_unit":"(3,49 € / 100 gr.)","categories":["Supermercado","Dietéticos","Productos control de peso","Drenantes y laxantes","NATURTIERRA Laxnat 30 cápsulas envase 120 g"],"general_information":["Denominación del alimento: Complemento alimenticio elaborado a base de, especies vegetales.","Nombre del operador: Ynsadiet S.A.","Dirección del operador: Isaac Peral, 3 ? Pol. Ind. Ntra. Sra. de Butarque. 28914 Leganés (Madrid).","Cantidad Neta: 15.5 g"],"ingredients":[" Antiaglomerantes (Almidón de maíz, Celulosa, Estearato magnésico, Talco y Dióxido de silicio), Activos: Sen extracto seco (Cassia angustifolia ?vahl, fruto) (125 mg), Cáscara sagrada extracto seco (Rhamnus purshiana DC, corteza) (75 mg), Aloe vera extracto seco 200:1 (Aloe barbadensis M, hoja) (10 mg). Componentes de la cubierta de la cápsula: Gelatina y agua."],"conservation":" Ambiente seco y fresco.","ean":"8412016361952"},{"full_name":"PRISMA NATURAL Cola de Caballo + Calcio diurético natural envase 30 cápsulas","name":"Cola de Caballo + Calcio diurético natural envase 30 cápsulas","brand":"PRISMA NATURAL ","img":"https://sgfm.elcorteingles.es/SGFM/dctm/MEDIA03/201702/01/00120737407450____1__600x600.jpg","price":"8,99 €","price_unit":"(642,14 € / Kilo)","categories":["Supermercado","Dietéticos","Productos control de peso","Drenantes y laxantes","PRISMA NATURAL Cola de Caballo + Calcio diurético natural envase 30 cápsulas"],"general_information":["Denominación del alimento: Suplemento alimentario","Nombre del operador: Nueva Dietética S.L.","Dirección del operador: P.I. Espaldillas. C/Espaldillas Diez 26-28,  41500 Alcalá de Guadaira, Sevilla.","Cantidad Neta: 14.28 g","Otras menciones obligatorias en la etiqueta: Contiene edulcorante"],"ingredients":[" Extracto Seco de Cola de Caballo (Equisetum arvense L.), Gluconato de calcio (15,82 mg calcio 1,9% CDR),Edulcorantes (xilitol y manitol), Transportador (polivinilpirrolidona), agentes de carga (goma laca y talco) y cápsula (gelatina)."],"conservation":" Conservar en lugar fresco, seco y alejado de la luz. Conservar a temperatura no superior a 30°C.","ean":"8436048047578"},{"full_name":"PRISMA NATURAL Celut solución para prevenir y eliminar la retención de líquidos envase 250 ml","name":"Celut solución para prevenir y eliminar la retención de líquidos envase 250 ml","brand":"PRISMA NATURAL ","img":"https://sgfm.elcorteingles.es/SGFM/dctm/MEDIA03/201702/03/00120737407658____1__600x600.jpg","price":"10,85 €","price_unit":"(43,40 € / Litro)","categories":["Supermercado","Dietéticos","Productos control de peso","Drenantes y laxantes","PRISMA NATURAL Celut solución para prevenir y eliminar la retención de líquidos envase 250 ml"],"general_information":["Denominación del alimento: Suplemento alimentario","Nombre del operador: Nueva Dietética S.L.","Dirección del operador: P.I. Espaldillas. C/Espaldillas Diez 26-28,  41500 Alcalá de Guadaira, Sevilla.","Cantidad Neta: 250 Mililitros","Otras menciones obligatorias en la etiqueta: Contiene edulcorante"],"ingredients":[" Fructosa, Oligofructosa, Café (Coffea arabica L.), Ortosifón (Ortosiphon stamineus Benth.), Cola de caballo (Equisetum arvense L.), Azahar (Citrus aurantium L.), Sauco (Sambucus nigra L.), Grama (Agropyron repens (L.) Beauv.), Fumaria (Fumaria officinalis L.), Alcachofa (Cynara scolimus L.), Fucus (Fucus vesiculosus L.), Rábano (Raphanus sativus L.), Garcinia (Garcinia cambogia Desr.), Diluyente (agua), Aroma de manzana, Regulador de la acidez (ácido cítrico), Conservantes (sorbato de potasio y benzoato de sodio) y edulcorante (glucósidos de steviol)."],"conservation":" Conservar en lugar fresco, seco y alejado de la luz. Conservar a temperatura no superior a 30°C.","ean":"8436048043686"},{"full_name":"NATURTIERRA vinagre de manzana normaliza el metabolismo de las grasas 90 cápsulas envase 180 g","name":"vinagre de manzana normaliza el metabolismo de las grasas 90 cápsulas envase 180 g","brand":"NATURTIERRA ","img":"https://sgfm.elcorteingles.es/SGFM/dctm/MEDIA02/CONTENIDOS/201407/21/00120744501253____1__600x600.jpg","price":"4,19 €","price_unit":"(23,28 € / Kilo)","categories":["Supermercado","Dietéticos","Productos control de peso","Drenantes y laxantes","NATURTIERRA vinagre de manzana normaliza el metabolismo de las grasas 90 cápsulas envase 180 g"],"general_information":["Denominación del alimento: Complemento alimenticio elaborado a base de vinagre de manzana y especies vegetales.","Nombre del operador: Ynsadiet S.A.","Dirección del operador: Isaac Peral, 3 ? Pol. Ind. Ntra. Sra. de Butarque. 28914 Leganés (Madrid).","Cantidad Neta: 46.3 g"],"ingredients":[" Vinagre de manzana (200 mg), Antiaglomerantes (Almidón de maíz, Celulosa, Estearato magnésico, Talco, Dióxido de silicio), Piña (Ananás comosus L. Merril, tronco) (25 mg), Papaína (25 mg), Aloe vera extracto seco (Aloe barbadiensis Mill, hoja) (5 mg). Componentes de la cubierta de la cápsula: Gelatina y agua. ALÉRGENOS: Contiene trazas de lactosa."],"conservation":" Ambiente seco y fresco.","ean":"8412016291105"},{"full_name":"NATURTIERRA café verde sin cafeína 30 cápsulas envase 120 g","name":"café verde sin cafeína 30 cápsulas envase 120 g","brand":"NATURTIERRA ","img":"https://sgfm.elcorteingles.es/SGFM/dctm/MEDIA02/CONTENIDOS/201407/21/00120744501261____1__600x600.jpg","price":"4,19 €","price_unit":"(3,49 € / 100 gr.)","categories":["Supermercado","Dietéticos","Productos control de peso","Drenantes y laxantes","NATURTIERRA café verde sin cafeína 30 cápsulas envase 120 g"],"general_information":["Denominación del alimento: Complemento alimenticio elaborado a base de, extractos vegetales. Descafeinado","Nombre del operador: Ynsadiet S.A.","Dirección del operador: Isaac Peral, 3 ? Pol. Ind. Ntra. Sra. de Butarque. 28914 Leganés (Madrid).","Cantidad Neta: 14.8 g"],"ingredients":[" Café verde extracto seco (45% Ácido Clorogénico) (200 mg), Antiaglomerantes (Almidón de maíz, Maltodextrina, Estearato magnésico, Talco, Celulosa, Dióxido de silicio). Componentes de la cubierta de la cápsula: Gelatina y agua."],"conservation":" Ambiente seco y fresco.","ean":"8412016362492"},{"full_name":"SPECIAL LINE barrita saciante con Cla Clarinol sabor chocolate y yogur envase 20 g","name":"barrita saciante con Cla Clarinol sabor chocolate y yogur envase 20 g","brand":"SPECIAL LINE ","img":"https://sgfm.elcorteingles.es/SGFM/dctm/MEDIA02/CONTENIDOS/201504/06/00120744400902____1__600x600.jpg","price":"0,79 €","price_unit":"(39,50 € / Kilo)","categories":["Supermercado","Dietéticos","Productos control de peso","Saciantes","SPECIAL LINE barrita saciante con Cla Clarinol sabor chocolate y yogur envase 20 g"],"general_information":[" Deliciosas barritas multivitaminadas y enriquecidas con CLA Clarinol, para mantener el apetito bajo control, ideales para reducir peso y conseguir una figura esbelta y tonificada.  Elaboradas en un proceso artesanal y patentado, con proteína y fibra vegetal, barquillo de galleta y exquisito chocolate original Belga, es un snack saludable y equilibrado, idóneo para todo tipo de dietas, ya que sólo aportan 99 Calorías."," El CLA CLArinol, es uno de los ácidos grasos esenciales más beneficiosos para nuestro organismo, ya que favorece la disminución del tejido graso y tonifica la musculatura, especialmente en zonas rebeldes como vientre, glúteos y muslo, ayudando claramente a evitar el efecto rebote.","Consejos: Acompañar la ingesta con un vaso de agua para aumentar su efecto saciante. \nTomar al día hasta un máximo de 6 unidades.","Precauciones: Puede contener trazas de cacahuetes, frutos de cáscara, sésamo y huevo."],"ingredients":[],"ean":"8433329052092"},{"full_name":"SPECIAL LINE barrita saciante con Cla Clarinol sabor chocolate envase 20 g","name":"barrita saciante con Cla Clarinol sabor chocolate envase 20 g","brand":"SPECIAL LINE ","img":"https://sgfm.elcorteingles.es/SGFM/dctm/MEDIA02/CONTENIDOS/201504/06/00200344400940____1__600x600.jpg","price":"0,79 €","price_unit":"(39,50 € / Kilo)","categories":["Supermercado","Dietéticos","Productos control de peso","Saciantes","SPECIAL LINE barrita saciante con Cla Clarinol sabor chocolate envase 20 g"],"general_information":["Denominación del alimento: Complemento alimenticio con Cla enriquecido con vitaminas","Nombre del operador: Elaborado para el Grupo El Corte Ingles \nHermosilla, 112 - 28009 Madrid \nEspaña por CIF: B55135123","Cantidad Neta: 20 g"],"ingredients":[" Ingredientes: Cobertura de chocolate con leche (azúcar, manteca de cacao, leche descremada en polvo, pasta de cacao, lactosuero, mantequilla anhidra, emulgente: lecitina de soja,  aroma natural de vainilla, aromas) (45,00%), cobertura de chocolate negro (pasta de cacao, azúcar, manteca de cacao, emulgente: lecitina de  soja, aroma natural de vainilla) (18,00%), harina de trigo,  maltodextrina, glucomanan (5,00%), fructosa, grasa vegetal no hidrogenada, inulina, dextrosa, proteínas de leche, aceite CLA (2,50%), emulgente (lecitina de soja y polirricinoleato de poliglicerol), espesante (goma guar), gasificantes (bicarbonato amónico y bicarbonato sódico) y complejo vitamínico . Puede contener  trazas de cacahuetes, frutos de cáscara, sésamo y huevo."],"conservation":" Conservar en un lugar fresco y seco, protegido de la luz.","ean":"8433329052085"},{"full_name":"BALÓN CAPS ayuda a reducir el apetito y calma la ansiedad estuche 60 cápsulas","name":"ayuda a reducir el apetito y calma la ansiedad estuche 60 cápsulas","brand":"BALÓN CAPS ","img":"https://sgfm.elcorteingles.es/SGFM/dctm/MEDIA02/CONTENIDOS/201412/11/00120744501410____1__600x600.jpg","price":"16,65 €","price_unit":"(277,50 € / Kilo)","categories":["Supermercado","Dietéticos","Productos control de peso","Saciantes","BALÓN CAPS ayuda a reducir el apetito y calma la ansiedad estuche 60 cápsulas"],"general_information":[" BALÓN CAPS es el nuevo formato en cápsulas del revolucionario Balón Flash. BALÓN CAPS es un complemento nutricional 100% natural que facilita el tratamiento de personas con sobrepeso. El uso de BALÓN CAPS previene la excesiva ingesta de alimentos en las principales comidas y aporta una sensación de saciedad duradera, facilitando una pérdida sustancial de peso. BALÓN CAPS proporciona un efecto balón gástrico y es el complemento ideal para cualquier dieta. Es saciante, potente y sus efectos duran entre 2 y 4 horas. Se presenta en formato de 60 cápsulas.","Consejos: Tomar de 2 a 3 cápsulas en las principales comidas con alrededor de 500ml de agua.","Precauciones: No administrar junto a medicamentos por vía oral (separar la toma 1 - 2 horas). Los complementos alimenticios no deben utilizarse como sustituto de una dieta equilibrada. No superar la dosis recomendada. Mantener fuera del alcance de los niños. Recuerde que la administración oral de cualquier preparado, incluso herbario, debe ponerla en conocimiento de un especialista médico por si hubiera posibles interacciones o contraindicaciones con medicamentos que pudiera estar tomando."],"ingredients":["Ingredientes: El glucomanano es el principal polisacárido obtenido de los tubérculos de la planta originaria Amorphophallus konjac. Una vez hidratado forma un gel que multiplica hasta 100 veces su volumen proporcionando sensación de saciedad, retrasando el vaciado gástrico y prolongando el tiempo de plenitud. Ayuda a controlar los niveles de azúcar después de las comidas, disminuye la absorción de las grasas y ayuda a reducir el tejido adiposo. La goma guar es una fibra de efecto saciante, que aumenta la desintoxicación del organismo, por un aumento de la motilidad intestinal. La goma garrofina  posee un efecto gelificante y aumenta la resistencia al pH ácido del estómago. El Picolinato de cromo ayuda a reducir la ansiedad de la ingesta de azúcar."],"ean":"8436532334221"},{"full_name":"SANTIVERI Lipid Neopuntia Sazia con fibra de nogal estuche 27 g","name":"Lipid Neopuntia Sazia con fibra de nogal estuche 27 g","brand":"SANTIVERI ","img":"https://sgfm.elcorteingles.es/SGFM/dctm/MEDIA03/201704/20/00120744501584____1__600x600.jpg","price":"16,50 €","price_unit":"(611,11 € / Kilo)","categories":["Supermercado","Dietéticos","Productos control de peso","Saciantes","SANTIVERI Lipid Neopuntia Sazia con fibra de nogal estuche 27 g"],"general_information":[],"ingredients":[],"ean":"8412170037779"},{"full_name":"SANTIVERI Dietabelt Quema + Sazia mango africano, zinc y biotina estuche 30 g","name":"Dietabelt Quema + Sazia mango africano, zinc y biotina estuche 30 g","brand":"SANTIVERI ","img":"https://sgfm.elcorteingles.es/SGFM/dctm/MEDIA03/201704/20/00120744501618____1__600x600.jpg","price":"18,39 €","price_unit":"(613 € / Kilo)","categories":["Supermercado","Dietéticos","Productos control de peso","Quemagrasas","SANTIVERI Dietabelt Quema + Sazia mango africano, zinc y biotina estuche 30 g"],"general_information":[],"ingredients":[],"ean":"8412170037656"},{"full_name":"SANTIVERI Dietabelt neopuntia opuntia ficus-indica alto contenido en fibra en cápsulas envase 27 g","name":"Dietabelt neopuntia opuntia ficus-indica alto contenido en fibra en cápsulas envase 27 g","brand":"SANTIVERI ","img":"https://sgfm.elcorteingles.es/SGFM/00/47/9/0120744500479/0120744500479000g01011.jpg","price":"15,95 €","price_unit":"(59,07 € / 100 gr.)","categories":["Supermercado","Dietéticos","Productos control de peso","Saciantes","SANTIVERI Dietabelt neopuntia opuntia ficus-indica alto contenido en fibra en cápsulas envase 27 g"],"general_information":[],"ingredients":[],"ean":"8412170018259"},{"full_name":"SANTIVERI Dietabelt Triptófano + B 1 3 6 efecto saciante ayuda a relajarse y reduce la ansiedad envase 40 cápsulas","name":"Dietabelt Triptófano + B 1 3 6 efecto saciante ayuda a relajarse y reduce la ansiedad envase 40 cápsulas","brand":"SANTIVERI ","img":"https://sgfm.elcorteingles.es/SGFM/dctm/MEDIA03/201602/18/00120720802568____1__600x600.jpg","price":"18,20 €","price_unit":"(1.213,33 € / Kilo)","categories":["Supermercado","Dietéticos","Productos control de peso","Saciantes","SANTIVERI Dietabelt Triptófano + B 1 3 6 efecto saciante ayuda a relajarse y reduce la ansiedad envase 40 cápsulas"],"general_information":[],"ingredients":[],"ean":"8412170026360"},{"full_name":"SANTIVERI Dietabelt Lipid Chitosán Sazia fibra soluble de origen marino estuche 18 ml","name":"Dietabelt Lipid Chitosán Sazia fibra soluble de origen marino estuche 18 ml","brand":"SANTIVERI ","img":"https://sgfm.elcorteingles.es/SGFM/dctm/MEDIA03/201704/20/00120744501667____1__600x600.jpg","price":"10,95 €","price_unit":"(608,33 € / Litro)","categories":["Supermercado","Dietéticos","Productos control de peso","Saciantes","SANTIVERI Dietabelt Lipid Chitosán Sazia fibra soluble de origen marino estuche 18 ml"],"general_information":[],"ingredients":[],"ean":"8412170037762"},{"full_name":"SANTIVERI Dietabelt Sazia Triptófano + B1, B3 y B6 relájate estuche 15 g","name":"Dietabelt Sazia Triptófano + B1, B3 y B6 relájate estuche 15 g","brand":"SANTIVERI ","img":"https://sgfm.elcorteingles.es/SGFM/dctm/MEDIA03/201704/20/00120744501634____1__600x600.jpg","price":"15,50 €","price_unit":"(1.033,33 € / Kilo)","categories":["Supermercado","Dietéticos","Productos control de peso","Saciantes","SANTIVERI Dietabelt Sazia Triptófano + B1, B3 y B6 relájate estuche 15 g"],"general_information":[],"ingredients":[],"ean":"8412170037786"},{"full_name":"SANTIVERI Dietabelt Glucomanana Sazia ayuda a adelgazar estuche 40 cápsulas","name":"Dietabelt Glucomanana Sazia ayuda a adelgazar estuche 40 cápsulas","brand":"SANTIVERI ","img":"https://sgfm.elcorteingles.es/SGFM/dctm/MEDIA03/201709/27/00120744501717____1__600x600.jpg","price":"11,50 €","categories":["Supermercado","Dietéticos","Productos control de peso","Saciantes","SANTIVERI Dietabelt Glucomanana Sazia ayuda a adelgazar estuche 40 cápsulas"],"general_information":[],"ingredients":[],"ean":"8412170037755"},{"full_name":"SANTIVERI Dietabelt Fibrabelt Sazia con alto contenido en fibra frasco 240 ml","name":"Dietabelt Fibrabelt Sazia con alto contenido en fibra frasco 240 ml","brand":"SANTIVERI ","img":"https://sgfm.elcorteingles.es/SGFM/dctm/MEDIA03/201709/27/00120744501709____1__600x600.jpg","price":"10,95 €","categories":["Supermercado","Dietéticos","Productos control de peso","Saciantes","SANTIVERI Dietabelt Fibrabelt Sazia con alto contenido en fibra frasco 240 ml"],"general_information":[],"ingredients":[],"ean":"8412170037748"},{"full_name":"SANTIVERI Dietabelt Complex Quema Sazia con garcinia y té verde estuche 32 g","name":"Dietabelt Complex Quema Sazia con garcinia y té verde estuche 32 g","brand":"SANTIVERI ","img":"https://sgfm.elcorteingles.es/SGFM/dctm/MEDIA03/201705/24/00120744501600____1__600x600.jpg","price":"15,95 €","price_unit":"(498,44 € / Kilo)","categories":["Supermercado","Dietéticos","Productos control de peso","Quemagrasas","SANTIVERI Dietabelt Complex Quema Sazia con garcinia y té verde estuche 32 g"],"general_information":[],"ingredients":[],"ean":"8412170037649"},{"full_name":"SANTIVERI glucomanana fibra dietética soluble estuche 40 cápsulas","name":"glucomanana fibra dietética soluble estuche 40 cápsulas","brand":"SANTIVERI ","img":"https://sgfm.elcorteingles.es/SGFM/00/34/7/0120744500347/0120744500347000g01011.jpg","price":"11,50 €","price_unit":"(287,50 € / Kilo)","categories":["Supermercado","Dietéticos","Productos control de peso","Saciantes","SANTIVERI glucomanana fibra dietética soluble estuche 40 cápsulas"],"general_information":[],"ingredients":[],"ean":"8412170011335"},{"full_name":"BICENTURY Sarialis barritas saciantes de cereales y chocolate negro sin gluten 6 unidades envase 102 g","name":"Sarialis barritas saciantes de cereales y chocolate negro sin gluten 6 unidades envase 102 g","brand":"BICENTURY ","img":"https://sgfm.elcorteingles.es/SGFM/00/26/2/0200344400262/0200344400262000g01011.jpg","price":"2,39 €","price_unit":"(27,47 € / Kilo)","categories":["Supermercado","Dietéticos","Productos control de peso","Saciantes","BICENTURY Sarialis barritas saciantes de cereales y chocolate negro sin gluten 6 unidades envase 102 g"],"general_information":["Denominación del alimento: Barritas de cereales bañadas con chocolate negro sin azúcares añadidos multivitaminado (75%), con edulcorantes y sin gluten.","País de origen: España","Nombre del operador: Biocentury S.L.U.","Dirección del operador: Ctra. N-II km 714. 17242 QUART-GIRONA","Cantidad Neta: 102 g","Otras menciones obligatorias en la etiqueta: Un consumo excesivo puede producir efectos laxantes. Es importante seguir una dieta variada y equilibrada y un estilo de vida saludable. Se recomienda beber 2 L de agua al día. Los sustitutivos de una comida para control del peso deben consumirse junto con otros alimentos en el marco de una dieta de bajo valor energético. 2 barritas sustituyen una comida."],"ingredients":[" Chocolate negro sin azúcares añadidos (75%) (edulcorantes (maltitol, acesulfame-K), pasta de cacao, manteca de cacao,  emulgente: lecitina de soja, aroma), cereales (21%) (harina de maíz, harina de arroz), fibras alimentarias (fibra de guisante, fibra de acacia, fibra de bambú), emulgente: lecitina de soja, sal, vitaminas (A: acetato de retinilo, D: colecalciferol, E: acetato de D-alfa-tocoferol, B1: clorhidrato de tiamina, B2: riboflavina, B3: nicotinamida, B6: clorhidrato de piridoxina, B9: ácido pterolimonoglutámico, B12: cianocobalamina, biotina: D-biotina, ácido pantoténico: D-pantotenato cálcico). Contiene soja, leche y derivados de los mismos. Puede contener trazas de frutos de cáscara y sus derivados."],"conservation":" Conservar en un lugar fresco y seco.","ean":"8423207204439"},{"full_name":"BICENTURY Sarialis barritas saciantes de cereales decoradas con chocolate con leche sin gluten envase 78 g 6 unidades","name":"Sarialis barritas saciantes de cereales decoradas con chocolate con leche sin gluten envase 78 g","brand":"BICENTURY ","img":"https://sgfm.elcorteingles.es/SGFM/00/33/8/0200344400338/0200344400338000g01011.jpg","price":"2,39 €","price_unit":"(30,64 € / Kilo)","categories":["Supermercado","Dietéticos","Productos control de peso","Saciantes","BICENTURY Sarialis barritas saciantes de cereales decoradas con chocolate con leche sin gluten envase 78 g 6 unidades"],"general_information":["Denominación del alimento: Barritas multicereales bañadas con chocolate con leche multivitaminado (60%). Sin gluten.","País de origen: España","Nombre del operador: Biocentury S.L.U.","Dirección del operador: Ctra. N-II km 714. 17242 QUART-GIRONA","Cantidad Neta: 78 g","Número de raciones por envase: 6","Otras menciones obligatorias en la etiqueta: Es importante seguir una dieta variada y equilibrada y un estilo de vida saludable. Se recomienda beber 2 L de agua al día."],"ingredients":[" Chocolate con leche (60%) (azúcar, manteca de cacao, pasta de cacao, leche desnatada en polvo, mantequilla anhidra, emulgente: lecitina de soja, aromas) ,cereales (32%) (harina de maíz, harina de arroz, harina de trigo sarraceno), fibras alimentarias (fibra de guisante, fibra de acacia, fibra de bambú), azúcar, sal, emulgente: lecitina de soja, vitaminas (B3, E, B5, A, D, B6, B12, B1, B2, B9-ácido fólico, biotina). Contiene soja, leche y derivados de los mismos. Puede contener trazas de frutos de cáscara y sus derivados."],"conservation":" Conservar en un lugar fresco y seco.","ean":"8423207207256"},{"full_name":"BICENTURY Sarialis barritas saciantes de cereales y chocolate con leche, caramelo y nuez moscada estuche 120 g","name":"Sarialis barritas saciantes de cereales y chocolate con leche, caramelo y nuez moscada estuche 120 g","brand":"BICENTURY ","img":"https://sgfm.elcorteingles.es/SGFM/dctm/MEDIA03/201704/06/00120744401264____1__600x600.jpg","price":"2,75 €","price_unit":"(22,92 € / Kilo)","categories":["Supermercado","Dietéticos","Productos control de peso","Saciantes","BICENTURY Sarialis barritas saciantes de cereales y chocolate con leche, caramelo y nuez moscada estuche 120 g"],"general_information":["Denominación del alimento: Barritas multicereales con chocolate con leche sabor caramelo y nuez moscada","País de origen: España","Nombre del operador: Biocentury S.L.U.","Dirección del operador: Ctra. N-II km 714. 17242 QUART-GIRONA","Cantidad Neta: 120 g","Número de raciones por envase: 6","Otras menciones obligatorias en la etiqueta: Es importante seguir una dieta variada y equilibrada y un estilo de vida saludable. Se recomienda beber 2 L de agua al día."],"ingredients":[" Chocolate con leche (74%) (azúcar, manteca de cacao, pasta de cacao, leche desnatada en polvo, mantequilla anhidra, emulgente: lecitina de soja, aromas), cereales (21%) (harina de maíz, harina de arroz, harina de trigo sarraceno), fibra alimentaria (fibra de guisante, fibra de acacia, fibra de bambú), azúcar, sal, emulgente: lecitina de soja, aromas. Contiene soja, leche y derivados de los mismos. Puede contener trazas de cereales que contienen gluten, frutos de cáscara y derivados de los mismos."],"conservation":" Conservar en un lugar fresco y seco.","ean":"8423207209489"},{"full_name":"BICENTURY Sarialis barritas saciantes de cereales y chocolate negro con naranja y flor de azahar estuche 120 g","name":"Sarialis barritas saciantes de cereales y chocolate negro con naranja y flor de azahar estuche 120 g","brand":"BICENTURY ","img":"https://sgfm.elcorteingles.es/SGFM/dctm/MEDIA03/201704/06/00120744401256____1__600x600.jpg","price":"2,75 €","price_unit":"(22,92 € / Kilo)","categories":["Supermercado","Dietéticos","Productos control de peso","Saciantes","BICENTURY Sarialis barritas saciantes de cereales y chocolate negro con naranja y flor de azahar estuche 120 g"],"general_information":["Denominación del alimento: Barrita multicereales con chocolate negro sabor naranja, piel de naranja y azahar","País de origen: España","Nombre del operador: Biocentury S.L.U.","Dirección del operador: Ctra. N-II km 714. 17242 QUART-GIRONA","Cantidad Neta: 120 g","Número de raciones por envase: 6","Otras menciones obligatorias en la etiqueta: Es importante seguir una dieta variada y equilibrada y un estilo de vida saludable. Se recomienda beber 2 L de agua al día."],"ingredients":[" Chocolate negro (74%)(azúcar, pasta de cacao, manteca de cacao, emulgente: lecitina de soja, aromas), cereales (21%) (harina de maíz, harina de arroz, harina de trigo sarraceno), fibra alimentaria (fibra de guisante, fibra de acacia, fibra de bambú), azúcar, sal, emulgente: lecitina de soja, aromas. Contiene soja y sus derivados Puede contener trazas de cerales que contienen gluten, leche, frutos de cáscara y derivados de los mismos"],"conservation":" Conservar en un lugar fresco y seco.","ean":"8423207209496"},{"full_name":"BICENTURY Sarialis barritas saciantes de cereales con chocolate con leche 6 unidades estuche 120 g","name":"Sarialis barritas saciantes de cereales con chocolate con leche 6 unidades estuche 120 g","brand":"BICENTURY ","img":"https://sgfm.elcorteingles.es/SGFM/dctm/MEDIA02/CONTENIDOS/201601/20/00120744401033____1__600x600.jpg","price":"2,45 €","categories":["Supermercado","Dietéticos","Productos control de peso","Saciantes","BICENTURY Sarialis barritas saciantes de cereales con chocolate con leche 6 unidades estuche 120 g"],"general_information":["Denominación del alimento: Barritas de cereales y cacao bañadas en chocolate con leche multivitaminado (74%)","País de origen: España","Nombre del operador: Biocentury S.L.U.","Dirección del operador: Ctra. N-II km 714. 17242 QUART-GIRONA","Cantidad Neta: 120 g","Número de raciones por envase: 6","Otras menciones obligatorias en la etiqueta: Es importante seguir una dieta variada y equilibrada y un estilo de vida saludable. Se recomienda beber 2 L de agua al día."],"ingredients":[" Chocolate con leche (74%) (azúcar, manteca de cacao, pasta de cacao, leche desnatada en polvo, mantequilla anhidra, emulgente: lecitina de soja, aromas), cereales (19%) (harina de maíz, harina de arroz), fibra alimentaria (fibra de guisante, fibra de acacia), azúcar, almidón de maíz, cacao en polvo (1%), emulgente: lecitina de soja, aroma (contiene lactosa), sal,  vitaminas (A, D, E, B1, B2, B3, B6, B9-ácido fólico, B12, biotina, ácido pantoténico). Contiene soja, leche y derivados de los mismos. Puede contener trazas de cereales que contienen gluten, frutos de cáscara y derivados de los mismos."],"conservation":" Conservar en un lugar fresco y seco.","ean":"8423207208529"},{"full_name":"BICENTURY Sarialis barritas saciantes de cereales con chocolate negro bajas en calorías 6 unidades estuche 120 g","name":"Sarialis barritas saciantes de cereales con chocolate negro bajas en calorías 6 unidades estuche 120 g","brand":"BICENTURY ","img":"https://sgfm.elcorteingles.es/SGFM/dctm/MEDIA02/CONTENIDOS/201601/20/00120744401058____1__600x600.jpg","price":"2,45 €","categories":["Supermercado","Dietéticos","Productos control de peso","Saciantes","BICENTURY Sarialis barritas saciantes de cereales con chocolate negro bajas en calorías 6 unidades estuche 120 g"],"general_information":["Denominación del alimento: Barritas de cereales y cacao bañadas con chocolate negro multivitaminado (74%)","País de origen: España","Nombre del operador: Biocentury S.L.U.","Dirección del operador: Ctra. N-II km 714. 17242 QUART-GIRONA","Cantidad Neta: 120 g","Número de raciones por envase: 6","Otras menciones obligatorias en la etiqueta: Es importante seguir una dieta variada y equilibrada y un estilo de vida saludable. Se recomienda beber 2 L de agua al día."],"ingredients":[" Chocolate negro (74%)(azúcar, pasta de cacao, manteca de cacao, emulgente: lecitina de soja, aromas), cereales (19%) (harina de maíz, harina de arroz), fibra alimentaria (fibra de guisante, fibra de acacia), azúcar, almidón de maíz, cacao en polvo (1%), emulgente: lecitina de soja, aroma (contiene lactosa), sal,  vitaminas (A, D, E, B1, B2, B3, B6, B9-ácido fólico, B12, biotina, ácido pantoténico). Contiene soja, leche y derivados de los mismos. Puede contener trazas de cereales que contienen gluten, frutos de cáscara y derivados de los mismos."],"conservation":" Conservar en un lugar fresco y seco.","ean":"8423207208536"},{"full_name":"BICENTURY Pierde peso complemento a base de glucomanano de konjac efecto saciante envase 20 sobres","name":"Pierde peso complemento a base de glucomanano de konjac efecto saciante envase 20 sobres","brand":"BICENTURY ","img":"https://sgfm.elcorteingles.es/SGFM/dctm/MEDIA03/201611/04/00120744501048____1__600x600.jpg","price":"5,95 €","price_unit":"(78,29 € / Kilo)","categories":["Supermercado","Dietéticos","Productos control de peso","Saciantes","BICENTURY Pierde peso complemento a base de glucomanano de konjac efecto saciante envase 20 sobres"],"general_information":["Denominación del alimento: Complemento alimenticio a base de glucomanán, con edulcorantes.","País de origen: España","Nombre del operador: Biocentury S.L.U.","Dirección del operador: Ctra. N-II km 714. 17242 QUART-GIRONA","Cantidad Neta: 76 g","Otras menciones obligatorias en la etiqueta: No se debe superar la dosis diaria recomendada.Los complementos alimenticios no deben utilizarse como sustituto de una dieta equilibrada.Se recomienda beber 2 L de agua al día.Mantener fuera del alcance de los niños.Es importante seguir una dieta variada y equilibrada y un estilo de vida saludable."],"ingredients":[" Acidulante: ácido cítrico, glucomanán (manano de konjac), corrector de la acidez: bicarbonato sódico, aroma de limón, limón deshidratado (zumo de limón, maltodextrina),  edulcorantes (ciclamato sódico, sacarina sódica), extracto de té verde. Puede contener trazas de leche y sus derivados."],"conservation":" Mantener en un lugar fresco y seco protegido de la luz.","ean":"8423207206846"},{"full_name":"BICENTURY Sarialis barritas saciantes de cereales con chocolate blanco 6 unidades estuche 120 g","name":"Sarialis barritas saciantes de cereales con chocolate blanco 6 unidades estuche 120 g","brand":"BICENTURY ","img":"https://sgfm.elcorteingles.es/SGFM/dctm/MEDIA02/CONTENIDOS/201601/20/00120744401041____1__600x600.jpg","price":"2,45 €","categories":["Supermercado","Dietéticos","Productos control de peso","Saciantes","BICENTURY Sarialis barritas saciantes de cereales con chocolate blanco 6 unidades estuche 120 g"],"general_information":["Denominación del alimento: Barritas de cereales y cacao bañadas con chocolate blanco multivitaminado (74%)","País de origen: España","Nombre del operador: Biocentury S.L.U.","Dirección del operador: Ctra. N-II km 714. 17242 QUART-GIRONA","Cantidad Neta: 120 g","Número de raciones por envase: 6","Otras menciones obligatorias en la etiqueta: Es importante seguir una dieta variada y equilibrada y un estilo de vida saludable. Se recomienda beber 2 L de agua al día."],"ingredients":[" Chocolate blanco (74%) (azúcar, manteca de cacao, leche desnatada en polvo, mantequilla anhidra, emulgente: lecitina de soja, aromas),  cereales (19%) (harina de maíz, harina de arroz), fibra alimentaria (fibra de guisante, fibra de acacia), azúcar, almidón de maíz, cacao en polvo (1%), emulgente: lecitina de soja, aroma (contiene lactosa), sal,  vitaminas (A, D, E, B1, B2, B3, B6, B9-ácido fólico, B12, biotina, ácido pantoténico). Contiene soja, leche y derivados de los mismos. Puede contener trazas de cereales que contienen gluten, frutos de cáscara y derivados de los mismos."],"conservation":" Conservar en un lugar fresco y seco.","ean":"8423207208543"},{"full_name":"CORPORE DIET barritas saciantes sabor chocolate enriquecidas con vitaminas 5 unidades envase 175 g","name":"barritas saciantes sabor chocolate enriquecidas con vitaminas 5 unidades envase 175 g","brand":"CORPORE DIET ","img":"https://sgfm.elcorteingles.es/SGFM/00/33/2/0120744400332/0120744400332000g01011.jpg","price":"6,95 €","price_unit":"(39,71 € / Kilo)","categories":["Supermercado","Dietéticos","Productos control de peso","Saciantes","CORPORE DIET barritas saciantes sabor chocolate enriquecidas con vitaminas 5 unidades envase 175 g"],"general_information":["Denominación del alimento: Complemento alimenticio","Nombre del operador: WorldNut Nutricosmética Natural S.L.U.","Dirección del operador: C/ Grècia nº 3 (Pol. Ind. Recinte Firal) 17600 - Figueres (Girona)","Lugar de procedencia del alimento: Producido en la UE.","Cantidad Neta: 175 g","Número de raciones por envase: 5","Otras menciones obligatorias en la etiqueta: Los complementos alimenticios no deben utilizarse como sustitutos de una dieta variada y equilibrada ni de un modo de vida sano. No superar la dosis diaria expresamente recomendada. Mantener fuera del alcance de los niños. En caso de embarazo consulte con su médico antes de iniciar la toma del producto."],"ingredients":[" Cobertura de chocolate con leche (28,57%) (azúcar, manteca de cacao, leche descremada en polvo, pasta de cacao, lactosuero, mantequilla anhidra (leche), cobertura de chocolate negro (11.07%) (pasta de cacao, azúcar, manteca de cacao, emulgente: lecitina de soja y aroma natural de vainilla), harina de trigo, fructosa, dextrosa, grasa vegetal de palma no hidrogenada, glucomanan (4.72%), proteínas de leche, inulina, l-carnitina (0,30%), emulgente (lecitina de soja y polirricinoleato de poliglicerol), espesante (goma guar), gasificantes (bicarbonato amónico y bicarbonato sódico) y complejo vitamínico. Contiene: leche, soja y gluten."],"conservation":" Conservar en un lugar fresco y seco, protegido de la luz solar directa.","ean":"8437012193048"},{"full_name":"CORPORE DIET barritas saciantes sabor yogur enriquecidas con vitaminas 5 unidades envase 175 g","name":"barritas saciantes sabor yogur enriquecidas con vitaminas 5 unidades envase 175 g","brand":"CORPORE DIET ","img":"https://sgfm.elcorteingles.es/SGFM/00/34/0/0120744400340/0120744400340000g01011.jpg","price":"6,95 €","price_unit":"(39,71 € / Kilo)","categories":["Supermercado","Dietéticos","Productos control de peso","Saciantes","CORPORE DIET barritas saciantes sabor yogur enriquecidas con vitaminas 5 unidades envase 175 g"],"general_information":["Denominación del alimento: Complemento alimenticio","Nombre del operador: WorldNut Nutricosmética Natural S.L.U.","Dirección del operador: C/ Grècia nº 3 (Pol. Ind. Recinte Firal) 17600 - Figueres (Girona)","Lugar de procedencia del alimento: Producido en la UE.","Cantidad Neta: 175 g","Número de raciones por envase: 5","Otras menciones obligatorias en la etiqueta: Los complementos alimenticios no deben utilizarse como sustitutos de una dieta variada y equilibrada ni de un modo de vida sano. No superar la dosis diaria expresamente recomendada. Mantener fuera del alcance de los niños. En caso de embarazo consulte con su médico antes de iniciar la toma del producto."],"ingredients":[" Cobertura de chocolate con leche (28.57%) (azúcar, manteca de cacao, leche descremada en polvo, pasta de cacao, lactosuero, mantequilla anhidra (leche), harina de trigo, grasa vegetal de palma no hidrogenada, dextrosa, glucomanan (5.17%), azúcar, proteína de suero ultrafiltrada, manteca de cacao, inulina, leche descremada en polvo, l-carnitina (0.30%), aroma de yogur (0.27%), emulgente (lecitina de soja y polirricinoleato de poliglicerol), espesante (goma guar), gasificantes (bicarbonato amónico y bicarbonato sódico) y complejo vitamínico. Contiene: leche, soja y gluten."],"conservation":" Conservar en un lugar fresco y seco, protegido de la luz solar directa.","ean":"8437012193055"},{"full_name":"NATURTIERRA Sacinat con goma Guar 60 cápsulas envase 240 g","name":"Sacinat con goma Guar 60 cápsulas envase 240 g","brand":"NATURTIERRA ","img":"https://sgfm.elcorteingles.es/SGFM/dctm/MEDIA02/CONTENIDOS/201407/21/00120744501238____1__600x600.jpg","price":"0,50 €","price_unit":"(0,21 € / 100 gr.)","categories":["Supermercado","Dietéticos","Productos control de peso","Saciantes","NATURTIERRA Sacinat con goma Guar 60 cápsulas envase 240 g"],"general_information":["Denominación del alimento: Complemento alimenticio elaborado a base de fibras, vitaminas y aminoácidos.","Nombre del operador: Ynsadiet S.A.","Dirección del operador: Isaac Peral, 3 ? Pol. Ind. Ntra. Sra. de Butarque. 28914 Leganés (Madrid).","Cantidad Neta: 30.9 g"],"ingredients":[" Goma guar (200 mg), L-fenilalanina (100 mg), Almidón de maíz, Maltodextrina, Antiaglomerantes (Silicato de Magnesio, Dióxido de Silicio, Estearato de Magnesio), Vitamina B3 o Niacina (4 mg), Piridoxina clorhidrato (Vitamina B6) (0.43 mg eq. a 0.35 mg de piridoxina), Tiamina clorhidrato (Vit B1)(0.36 mg eq a 0.28 mg Tiamina). Componentes de la cubierta de la cápsula: Gelatina y agua. Contiene una fuente de fanilalanina."],"conservation":" Ambiente seco y fresco.","ean":"8412016361990"},{"full_name":"ORIGINALIA Glucomanano Plus efecto saciante con goma guar envase 60 cápsulas","name":"Glucomanano Plus efecto saciante con goma guar envase 60 cápsulas","brand":"ORIGINALIA ","img":"https://sgfm.elcorteingles.es/SGFM/dctm/MEDIA03/201603/21/00120744501550____1__600x600.jpg","price":"15,35 €","categories":["Supermercado","Dietéticos","Productos control de peso","Saciantes","ORIGINALIA Glucomanano Plus efecto saciante con goma guar envase 60 cápsulas"],"general_information":["Denominación del alimento: Complemento alimenticio","Nombre del operador: General Dietetica S.L.","Dirección del operador: C/ Encuny, 2 08038 Barcelona (España).","Cantidad Neta: 33 g","Otras menciones obligatorias en la etiqueta: No superar la dosis recomendada. Los complementos alimenticios no sustituyen una dieta variada, equilibrada y un estilo de vida saludable. Mantener fuera del alcance de los niños más pequeños."],"ingredients":[" Celulosa, glucomonona, goma guar, cubierta (gelatina), L-Fenilolonina, antiaglomerantess (estereato de magnesio, Dióxido de silicio)"],"conservation":" Conservar en lugar fresco, seco y al amparo de la luz.","ean":"8436000543896"},{"full_name":"SOTYA batido saciante de vainilla envase 700 g","name":"batido saciante de vainilla envase 700 g","brand":"SOTYA ","img":"https://sgfm.elcorteingles.es/SGFM//00/57/1/0200344200571/0200344200571000g01011.jpg","price":"8,89 €","price_unit":"(12,70 € / Kilo)","categories":["Supermercado","Dietéticos","Productos control de peso","Saciantes","SOTYA batido saciante de vainilla envase 700 g"],"general_information":["Denominación del alimento: Batido Saciante sabor Vainilla 700 gr.","Nombre del operador: Sotya S.A.","Dirección del operador: c/ Henares, 10 - Velilla de San Antonio (Madrid)","Cantidad Neta: 700 g","Otras menciones obligatorias en la etiqueta: No superar la dosis diaria recomendada. este producto debe consumirse junto con otros alimentos, como parte de una dieta de bajo valor energético, dentro de una dieta vriada y equilibrada."],"ingredients":[" Leche desnatada en polvo, fructosa, caseinato cálcico, maltodextrina, proteína de suero de leche, fructooligosacáridos, goma guar, extracto de café verde, complejo vitamínico-mineral, aromas y colorantes naturales de vainilla (E102)(E110) (E124)"],"conservation":" Mantener en lugar fresco y seco, fuera del alcance de los niños.","ean":"8427483010197"},{"full_name":"SOTYA batido saciante sabor chocolate envase 700 g","name":"batido saciante sabor chocolate envase 700 g","brand":"SOTYA ","img":"https://sgfm.elcorteingles.es/SGFM/dctm/MEDIA02/CONTENIDOS/201411/19/00120744000116____1__600x600.jpg","price":"8,89 €","price_unit":"(12,70 € / Kilo)","categories":["Supermercado","Dietéticos","Productos control de peso","Saciantes","SOTYA batido saciante sabor chocolate envase 700 g"],"general_information":[],"ingredients":[],"ean":"8427483010104"},{"full_name":"BIMANAN Línea Mi Tentempié galletas sabor limón al toque de vainilla envase 156 g","name":"Línea Mi Tentempié galletas sabor limón al toque de vainilla envase 156 g","brand":"BIMANAN ","img":"https://sgfm.elcorteingles.es/SGFM/dctm/MEDIA03/201702/10/00200344300025____1__600x600.jpg","price":"3,39 €","price_unit":"(21,73 € / Kilo)","categories":["Supermercado","Dietéticos","Productos control de peso","Barritas y snacks control de peso","BIMANAN Línea Mi Tentempié galletas sabor limón al toque de vainilla envase 156 g"],"general_information":["Denominación del alimento: Galletas sabor limón al toque de vainilla, ricas en proteínas","Nombre del operador: Nutrition & Santé Iberia, S.L.","Dirección del operador: c/ Jesús Serra i Santamans, nº 4 - 1ª planta. 08174 Sant Cugat del Vallés - Barcelona","Cantidad Neta: 156 g","Número de raciones por envase: 8"],"ingredients":[" Harina de trigo, proteínas de la leche, azúcar de caña, grasa vegetal no hidrogenada de palma, proteínas de guisante, proteínas de trigo hidrolizado, gasificantes (tartratos de potasio, carbonatos de sodio, carbonatos de amonio), aromas (colorante: caramelo natural), sal, jarabe de glucosa deshidratado, vitaminas: acetato de DL-alfa-tocoferilo (lactosa, proteínas de la leche), nicotinamida, clorhidrato de tiamina, clorhidrato de piridoxina, riboflavina, ácido pteroilmonoglutámico (ácido fólico). Elaborado en una fábrica que utiliza huevo, soja, frutos de cáscara, altramuces y sésamo."],"conservation":" Conservar en lugar fresco y seco.","ean":"3175681122383"},{"full_name":"BIMANAN Línea Mi Tentempié cookies de avena envase 144 g","name":"Línea Mi Tentempié cookies de avena envase 144 g","brand":"BIMANAN ","img":"https://sgfm.elcorteingles.es/SGFM/00/15/7/0200344300157/0200344300157000g01011.jpg","price":"3,29 €","price_unit":"(22,85 € / Kilo)","categories":["Supermercado","Dietéticos","Productos control de peso","Barritas y snacks control de peso","BIMANAN Línea Mi Tentempié cookies de avena envase 144 g"],"general_information":["Denominación del alimento: Galletas salvado de avena, ricas en fibra","Nombre del operador: Nutrition & Santé Iberia, S.L.","Dirección del operador: c/ Jesús Serra i Santamans, nº 4 - 1ª planta. 08174 Sant Cugat del Vallés - Barcelona","Cantidad Neta: 144 g","Número de raciones por envase: 24"],"ingredients":[" Harina de trigo, Salvado de avena: 35,5%, azúcar moreno de caña , aceite de nabina, aromas natural de vainilla y otros aromas naturales, aroma natural de crema y otros aromas naturales, proteínas de guisante, gasificantes: carbonatos de sodio, carbonatos de amonio y difosfatos, emulgente: lecitinas de nabina, sal marina, proteínas de leche ,canela en polvo. Elaborado en una fábrica que utiliza huevo, altramuces, soja , frutos de cáscara y sésamo."],"conservation":" Conservar en lugar fresco y seco","ean":"3175681109377"},{"full_name":"BIMANAN Línea Snack barritas de chocolate y naranja 6 unidades envase 186 g","name":"Línea Snack barritas de chocolate y naranja 6 unidades envase 186 g","brand":"BIMANAN ","img":"https://sgfm.elcorteingles.es/SGFM/dctm/MEDIA03/201702/13/00120744400712____1__600x600.jpg","price":"6,25 €","price_unit":"(33,60 € / Kilo)","categories":["Supermercado","Dietéticos","Productos control de peso","Barritas y snacks control de peso","BIMANAN Línea Snack barritas de chocolate y naranja 6 unidades envase 186 g"],"general_information":["Denominación del alimento: Barritas choco&naranja. Barritas enriquecidas en proteínas y vitaminas B1, B6, Niacina, ácido fólico y E.","Nombre del operador: Nutrition & Santé Iberia, S.L.","Dirección del operador: c/ Jesús Serra i Santamans, nº 4 - 1ª planta. 08174 Sant Cugat del Vallés - Barcelona","Cantidad Neta: 186 g","Número de raciones por envase: 6"],"ingredients":[" Chocolate negro de cobertura (pasta de cacao, azúcar, manteca de cacao, materia grasa de leche anhidra, emulgente: lecitina de soja, aroma natural de vainilla): 30%, jarabe de azúcar invertido, leche desnatada en polvo, proteínas de leche, corteza de naranja confitada: 7,1% (corteza de naranja, jarabe de glucosa-fructosa, sacarosa, acidulante: ác. cítrico, conservador: anhídrido sulfuroso), albúmina de huevo, azúcar, jarabe de glucosa deshidratado, estabilizante: sorbitoles, grasa vegetal no hidrogenada de palma, maltodextrina de maíz, gluten de trigo, gelatina, aroma natural de naranja, acetato de dl-alfatocoferilo (lactosa, proteína de leche), nicotinamida, colorante: extracto de pimentón, clorhidrato de piridoxina, clorhidrato de tiamina, ác. pteroilmonoglutámico (ác.fólico). Contiene gluten. Elaborado en una fábrica que utiliza altramuces, frutos de cáscara, ápio, pescado y sésamo."],"conservation":" Conservar en lugar fresco y seco.","ean":"3175681145184"},{"full_name":"BIMANAN Línea Snack wafer de chocolate y avellanas para picar entre horas 4 unidades caja 80 g","name":"Línea Snack wafer de chocolate y avellanas para picar entre horas 4 unidades caja 80 g","brand":"BIMANAN ","img":"https://sgfm.elcorteingles.es/SGFM/dctm/MEDIA02/CONTENIDOS/201504/15/00200344400981____1__600x600.jpg","price":"3,95 €","price_unit":"(49,38 € / Kilo)","categories":["Supermercado","Dietéticos","Productos control de peso","Barritas y snacks control de peso","BIMANAN Línea Snack wafer de chocolate y avellanas para picar entre horas 4 unidades caja 80 g"],"general_information":["Denominación del alimento: Barquillo de chocolate y avellanas. Ricos en fibra","Nombre del operador: Nutrition & Santé Iberia, S.L.","Dirección del operador: c/ Jesús Serra i Santamans, nº 4 - 1ª planta. 08174 Sant Cugat del Vallés - Barcelona","Cantidad Neta: 80 g","Número de raciones por envase: 4"],"ingredients":[" Cobertura de chocolate con leche: 28,8 % (azúcar, mantenca de cacao, leche desnatada en polvo, pasta de cacao, lactosuero(leche), mantequilla anhidra %(leche), emulgente: lecitinas de soja, aroma natural de vainilla, aromas), maltodextrina, inulina, harina de trigo, grasa vegetal no hidrogenada de palma, avellana tostada en polvo: 5,9 %, proteínas de leche, manteca de cacao, leche desnatada en polvo, emulgente: lecitinas de soja, espesante: goma guar, gasificantes: carbonatos de amonio y carbonatos de sodio, aromas. Puede contener trazas de huevo y otros frutos de cáscara."],"ean":"3175681170599"},{"full_name":"DIET FLASH DIETAMINO mini cakes 6 unidades caja 162 g","name":"DIETAMINO mini cakes 6 unidades caja 162 g","brand":"DIET FLASH ","img":"https://sgfm.elcorteingles.es/SGFM/dctm/MEDIA03/201609/20/00120744300615____1__600x600.jpg","price":"14,93 €","categories":["Supermercado","Dietéticos","Productos control de peso","Barritas y snacks control de peso","DIET FLASH DIETAMINO mini cakes 6 unidades caja 162 g"],"general_information":[],"ingredients":[],"ean":"8436532321849"},{"full_name":"ATKINS barrita snacks de chocolate negro envase 60 g","name":"barrita snacks de chocolate negro envase 60 g","brand":"ATKINS ","img":"https://sgfm.elcorteingles.es/SGFM/dctm/MEDIA03/201607/20/00200344400288____1__600x600.jpg","price":"2,35 €","price_unit":"(39,17 € / Kilo)","categories":["Supermercado","Dietéticos","Productos control de peso","Barritas y snacks control de peso","ATKINS barrita snacks de chocolate negro envase 60 g"],"general_information":[],"ingredients":[],"ean":"5060074624767"},{"full_name":"ATKINS Advantage barrita snacks de chocolate y avellanas envase 60 g","name":"Advantage barrita snacks de chocolate y avellanas envase 60 g","brand":"ATKINS ","img":"https://sgfm.elcorteingles.es/SGFM/dctm/MEDIA03/201607/20/00120744400282____1__600x600.jpg","price":"2,35 €","price_unit":"(39,17 € / Kilo)","categories":["Supermercado","Dietéticos","Productos control de peso","Barritas y snacks control de peso","ATKINS Advantage barrita snacks de chocolate y avellanas envase 60 g"],"general_information":["Denominación del alimento: Barrita de proteína","Nombre del operador: ATKINS IBERIA SLU","Dirección del operador: Avenida Diagonal 523 8H, 08029 Barcelona, España","Cantidad Neta: 60 g"],"ingredients":[" Humectante (glicerina), Proteína de soja, Espesante (polidextrosa), Gelatina hidrolizada, Pasta de cacao, Edulcorantes (maltitol, sucralosa), Proteínas de la leche, Harina de avellana, Aceite de girasol, Manteca de palma, Espesante (goma arábiga), Manteca de cacao, Harina de arroz, Grasa de leche, Aromas, Emulgente (lecitina de soja), Extracto de malta de cebada, Sal . Sabor chocolate-avellana, con edulcorantes, sin azúcares añadidos, 17% de chocolate (cacao 55% mínimo). Contiene azúcares naturalmente presentes"],"ean":"5060074625924"},{"full_name":"ATKINS Advantage barrita snacks de chocolate brownie envase 60 g","name":"Advantage barrita snacks de chocolate brownie envase 60 g","brand":"ATKINS ","img":"https://sgfm.elcorteingles.es/SGFM/dctm/MEDIA03/201607/20/00200344400296____1__600x600.jpg","price":"2,35 €","price_unit":"(39,17 € / Kilo)","categories":["Supermercado","Dietéticos","Productos control de peso","Barritas y snacks control de peso","ATKINS Advantage barrita snacks de chocolate brownie envase 60 g"],"general_information":["Denominación del alimento: Barrita de proteína","Nombre del operador: ATKINS IBERIA SLU","Dirección del operador: Avenida Diagonal 523 8H, 08029 Barcelona, España","Cantidad Neta: 60 g"],"ingredients":[" Espesante (polidextrosa), Gelatina hidrolizada, Humectante (glicerina), Proteína de soja, Edulcorantes (maltitol, xilitol, sucralosa), Manteca de palma, Pasta de cacao, Proteínas de la leche, Cacao desgrasado, Manteca de cacao, Harina de arroz, Emulgente (lecitina de soja), Leche desnatada en polvo, Aromas, Grasa de leche, Sal, Extracto de malta de cebada . Sabor chocolate, con edulcorantes, sin azúcares añadidos, con 17% de chocolate (cacao 55% mínimo), 15% relleno de sabor caramelo. Contiene azúcares naturalmente presentes."],"ean":"5060074625955"},{"full_name":"ATKINS Advantage barrita snacks de chocolate con naranja envase 60 g","name":"Advantage barrita snacks de chocolate con naranja envase 60 g","brand":"ATKINS ","img":"https://sgfm.elcorteingles.es/SGFM/dctm/MEDIA03/201607/20/00200344400486____1__600x600.jpg","price":"2,35 €","price_unit":"(39,17 € / Kilo)","categories":["Supermercado","Dietéticos","Productos control de peso","Barritas y snacks control de peso","ATKINS Advantage barrita snacks de chocolate con naranja envase 60 g"],"general_information":[],"ingredients":[],"ean":"5060074624897"},{"full_name":"ATKINS Advantage barrita snacks de chocolate cacahuete y caramelo envase 60 g","name":"Advantage barrita snacks de chocolate cacahuete y caramelo envase 60 g","brand":"ATKINS ","img":"https://sgfm.elcorteingles.es/SGFM/dctm/MEDIA03/201612/20/00200344400494____1__600x600.jpg","price":"2,35 €","price_unit":"(39,17 € / Kilo)","categories":["Supermercado","Dietéticos","Productos control de peso","Barritas y snacks control de peso","ATKINS Advantage barrita snacks de chocolate cacahuete y caramelo envase 60 g"],"general_information":[],"ingredients":[],"ean":"5060074624569"},{"full_name":"ATKINS Endulge barrita de chocolate con leche crujiente sin azúcar añadido con edulcorante envase 30 g","name":"Endulge barrita de chocolate con leche crujiente sin azúcar añadido con edulcorante envase 30 g","brand":"ATKINS ","img":"https://sgfm.elcorteingles.es/SGFM/dctm/MEDIA03/201607/20/00200344400304____1__600x600.jpg","price":"1,89 €","price_unit":"(63 € / Kilo)","categories":["Supermercado","Dietéticos","Productos control de peso","Barritas y snacks control de peso","ATKINS Endulge barrita de chocolate con leche crujiente sin azúcar añadido con edulcorante envase 30 g"],"general_information":["Denominación del alimento: Barrita de proteína","Nombre del operador: ATKINS IBERIA SLU","Dirección del operador: Avenida Diagonal 523 8H, 08029 Barcelona, España","Cantidad Neta: 30 g"],"ingredients":[" Edulcorante (malitol). Manteca de cacao. Leche entera en polvo. Pasta de cacao. Soja crujiente (protei?na aislada de soja, almido?n de tapioca, sal). Grasa de mantequilla. Emulgente (Lecitina de Soja). Aroma."],"ean":"5060074626129"},{"full_name":"ATKINS Endulge barrita snacks de coco y chocolate envase 35 g","name":"Endulge barrita snacks de coco y chocolate envase 35 g","brand":"ATKINS ","img":"https://sgfm.elcorteingles.es/SGFM/dctm/MEDIA03/201607/20/00120744400431____1__600x600.jpg","price":"1,89 €","price_unit":"(54 € / Kilo)","categories":["Supermercado","Dietéticos","Productos control de peso","Barritas y snacks control de peso","ATKINS Endulge barrita snacks de coco y chocolate envase 35 g"],"general_information":[],"ingredients":[],"ean":"5060074626518"},{"full_name":"ATKINS barritas de cookies y crema bajas en carbohidratos 5 unidades x 30g envase 150 g","name":"barritas de cookies y crema bajas en carbohidratos 5 unidades x 30g envase 150 g","brand":"ATKINS ","img":"https://sgfm.elcorteingles.es/SGFM/dctm/MEDIA03/201607/13/00120744401199____1__600x600.jpg","price":"6,39 €","categories":["Supermercado","Dietéticos","Productos control de peso","Barritas y snacks control de peso","ATKINS barritas de cookies y crema bajas en carbohidratos 5 unidades x 30g envase 150 g"],"general_information":["Denominación del alimento: Barrita de proteína","Nombre del operador: ATKINS IBERIA SLU","Dirección del operador: Avenida Diagonal 523 8H, 08029 Barcelona, España","Cantidad Neta: 30 g"],"ingredients":[" Humectante (Glicerol). Proteína de Soja. Gluten de Trigo Hidrolizado. Aceite de Palma Sostenible. Incrementador del Volumen (Polidextrosa). Edulcorantes (maltiltol, sucralosa). Manteca de Cacao. Leche entera en polvo. Trozos de Cacao. Harina de Soja. Proteína Láctea. Colorante (dióxido de titanio). Emulgente (Lecitina de Soja). Aromatizantes (contiene Leche). Cacao Bajo en Grasa. Almidón de Tapioca. Sal. Puede contener: frutos de cáscara, cacahuetes y granos de sésamo."],"ean":"5060074629694"},{"full_name":"ATKINS barritas de chocolate con frambuesa bajas en carbohidratos 5 unidades x 30g envase 150 g","name":"barritas de chocolate con frambuesa bajas en carbohidratos 5 unidades x 30g envase 150 g","brand":"ATKINS ","img":"https://sgfm.elcorteingles.es/SGFM/dctm/MEDIA03/201607/13/00120744401207____1__600x600.jpg","price":"6,39 €","categories":["Supermercado","Dietéticos","Productos control de peso","Barritas y snacks control de peso","ATKINS barritas de chocolate con frambuesa bajas en carbohidratos 5 unidades x 30g envase 150 g"],"general_information":["Denominación del alimento: Barrita de proteína","Nombre del operador: ATKINS IBERIA SLU","Dirección del operador: Avenida Diagonal 523 8H, 08029 Barcelona, España","Cantidad Neta: 30 g"],"ingredients":[" Incrementador del Volumen (Polidextrosa).Humectante (Glicerol). Proteína de Soja. Gluten de Trigo Hidrolizado. Edulcorantes (maltiltol, xylitol,sucralosa). Aceite de Palma Sostenible. Pasta de Cacao. Manteca de Cacao. Proteína Láctea. Leche entera en polvo. Gelatina Hidrolizada. Cacao Bajo en Grasa. Emulgente (Lecitina de Soja).Crema en Polvo (contiene Leche). Leche desnatada en polvo. Aromatizantes. Sal. Colorante (carmín). Puede contener:frutos de cáscara, cacahuetes y granos de sésamo."],"ean":"5060074630935"},{"full_name":"ATKINS Advantage barrita snacks de capuchino y nueces envase 30 g envase 37 g","name":"Advantage barrita snacks de capuchino y nueces envase 30 g envase 37 g","brand":"ATKINS ","img":"https://sgfm.elcorteingles.es/SGFM/dctm/MEDIA03/201607/20/00200344400510____1__600x600.jpg","price":"1,89 €","price_unit":"(51,08 € / Kilo)","categories":["Supermercado","Dietéticos","Productos control de peso","Barritas y snacks control de peso","ATKINS Advantage barrita snacks de capuchino y nueces envase 30 g envase 37 g"],"general_information":[],"ingredients":[],"ean":"5060074631116"},{"full_name":"DIETA DUKAN barritas de salvado de avena con semillas de lino 6 paquetes individuales envase 150 g","name":"barritas de salvado de avena con semillas de lino 6 paquetes individuales envase 150 g","brand":"DIETA DUKAN ","img":"https://sgfm.elcorteingles.es/SGFM/dctm/MEDIA02/CONTENIDOS/201410/20/00120744400373____1__600x600.jpg","price":"4,25 €","price_unit":"(28,33 € / Kilo)","categories":["Supermercado","Dietéticos","Productos control de peso","Barritas y snacks control de peso","DIETA DUKAN barritas de salvado de avena con semillas de lino 6 paquetes individuales envase 150 g"],"general_information":[],"ingredients":[],"ean":"3760151011641"},{"full_name":"DUKAN barritas de salvado de avena con sabor a chocolate y avellanas envase 6 unidades","name":"barritas de salvado de avena con sabor a chocolate y avellanas envase 6 unidades","brand":"DUKAN ","img":"https://sgfm.elcorteingles.es/SGFM/dctm/MEDIA03/201709/14/00120744400381____2__600x600.jpg","price":"4,25 €","price_unit":"(28,33 € / Kilo)","categories":["Supermercado","Dietéticos","Productos control de peso","Barritas y snacks control de peso","DUKAN barritas de salvado de avena con sabor a chocolate y avellanas envase 6 unidades"],"general_information":[],"ingredients":[],"ean":"3760151011658"},{"full_name":"DIETA DUKAN barritas de salvado de avena extra chocolate 4x30g envase 120 g","name":"barritas de salvado de avena extra chocolate 4x30g envase 120 g","brand":"DIETA DUKAN ","img":"https://sgfm.elcorteingles.es/SGFM/dctm/MEDIA03/201605/11/00120744400910____1__600x600.jpg","price":"4,05 €","price_unit":"(33,75 € / Kilo)","categories":["Supermercado","Dietéticos","Productos control de peso","Barritas y snacks control de peso","DIETA DUKAN barritas de salvado de avena extra chocolate 4x30g envase 120 g"],"general_information":[],"ingredients":[],"ean":"3760151013461"},{"full_name":"DIETA DUKAN galletas de salvado de avena con chocolate 12 unidades envase 200 g","name":"galletas de salvado de avena con chocolate 12 unidades envase 200 g","brand":"DIETA DUKAN ","img":"https://sgfm.elcorteingles.es/SGFM/dctm/MEDIA02/CONTENIDOS/201407/21/00120744300433____1__600x600.jpg","price":"5,15 €","price_unit":"(25,75 € / Kilo)","categories":["Supermercado","Dietéticos","Productos control de peso","Barritas y snacks control de peso","DIETA DUKAN galletas de salvado de avena con chocolate 12 unidades envase 200 g"],"general_information":[],"ingredients":[],"ean":"3760151013478"},{"full_name":"DIETA DUKAN galletas de salvado de avena sabor coco envase 225 g","name":"galletas de salvado de avena sabor coco envase 225 g","brand":"DIETA DUKAN ","img":"https://sgfm.elcorteingles.es/SGFM/dctm/MEDIA02/CONTENIDOS/201410/20/00120744300086____1__600x600.jpg","price":"4,65 €","price_unit":"(20,67 € / Kilo)","categories":["Supermercado","Dietéticos","Productos control de peso","Barritas y snacks control de peso","DIETA DUKAN galletas de salvado de avena sabor coco envase 225 g"],"general_information":[],"ingredients":[],"ean":"3760151011481"},{"full_name":"DIETA DUKAN galletas de salvado de avena con semillas de chía envase 160 g","name":"galletas de salvado de avena con semillas de chía envase 160 g","brand":"DIETA DUKAN ","img":"https://sgfm.elcorteingles.es/SGFM/dctm/MEDIA03/201604/26/00120744300490____1__600x600.jpg","price":"4,59 €","price_unit":"(28,69 € / Kilo)","categories":["Supermercado","Dietéticos","Productos control de peso","Barritas y snacks control de peso","DIETA DUKAN galletas de salvado de avena con semillas de chía envase 160 g"],"general_information":[],"ingredients":[],"ean":"3760151013966"},{"full_name":"DIETA DUKAN galletas de salvado de avena con pepitas de chocolate envase 225 g","name":"galletas de salvado de avena con pepitas de chocolate envase 225 g","brand":"DIETA DUKAN ","img":"https://sgfm.elcorteingles.es/SGFM/dctm/MEDIA02/CONTENIDOS/201410/20/00120744300102____1__600x600.jpg","price":"4,65 €","price_unit":"(20,67 € / Kilo)","categories":["Supermercado","Dietéticos","Productos control de peso","Barritas y snacks control de peso","DIETA DUKAN galletas de salvado de avena con pepitas de chocolate envase 225 g"],"general_information":[],"ingredients":[],"ean":"3760151011900"},{"full_name":"DIETA DUKAN galleta salvado de avena con semillas de amapola sabor vainilla envase 225 g","name":"galleta salvado de avena con semillas de amapola sabor vainilla envase 225 g","brand":"DIETA DUKAN ","img":"https://sgfm.elcorteingles.es/SGFM/00/29/2/0120744300292/0120744300292000g01011.jpg","price":"4,39 €","price_unit":"(19,51 € / Kilo)","categories":["Supermercado","Dietéticos","Productos control de peso","Barritas y snacks control de peso","DIETA DUKAN galleta salvado de avena con semillas de amapola sabor vainilla envase 225 g"],"general_information":[],"ingredients":[],"ean":"3760151011498"},{"full_name":"DIETA DUKAN mini cookies de salvado de avena con chocolate baja materia grasa envase 100 g","name":"mini cookies de salvado de avena con chocolate baja materia grasa envase 100 g","brand":"DIETA DUKAN ","img":"https://sgfm.elcorteingles.es/SGFM/dctm/MEDIA03/201604/26/00120744300623____1__600x600.jpg","price":"2,50 €","categories":["Supermercado","Dietéticos","Productos control de peso","Barritas y snacks control de peso","DIETA DUKAN mini cookies de salvado de avena con chocolate baja materia grasa envase 100 g"],"general_information":[],"ingredients":[],"ean":"3760151013829"},{"full_name":"DIETA DUKAN Pretzel lazos de salvado de avena con chocolate baja materia grasa envase 100 g","name":"Pretzel lazos de salvado de avena con chocolate baja materia grasa envase 100 g","brand":"DIETA DUKAN ","img":"https://sgfm.elcorteingles.es/SGFM/dctm/MEDIA03/201604/26/00120744401181____1__600x600.jpg","price":"2,75 €","categories":["Supermercado","Dietéticos","Productos control de peso","Barritas y snacks control de peso","DIETA DUKAN Pretzel lazos de salvado de avena con chocolate baja materia grasa envase 100 g"],"general_information":[],"ingredients":[],"ean":"3760151013799"},{"full_name":"DUKAN tortitas de salvado de avena con pepitas de chocolate 3 unidades paquete 210 g","name":"tortitas de salvado de avena con pepitas de chocolate 3 unidades paquete 210 g","brand":"DUKAN ","img":"https://sgfm.elcorteingles.es/SGFM/dctm/MEDIA03/201709/14/00120770400594____1__600x600.jpg","price":"3,35 €","price_unit":"(15,95 € / Kilo)","categories":["Supermercado","Dietéticos","Productos control de peso","Barritas y snacks control de peso","DUKAN tortitas de salvado de avena con pepitas de chocolate 3 unidades paquete 210 g"],"general_information":[],"ingredients":[],"ean":"3760151014291"},{"full_name":"DIETA DUKAN pepitas de salvado de avena sabor caramelo sin azúcares añadidos envase 350 g","name":"pepitas de salvado de avena sabor caramelo sin azúcares añadidos envase 350 g","brand":"DIETA DUKAN ","img":"https://sgfm.elcorteingles.es/SGFM/dctm/MEDIA03/201605/11/00120744300458____1__600x600.jpg","price":"5,84 €","price_unit":"(16,69 € / Kilo)","categories":["Supermercado","Dietéticos","Productos control de peso","Barritas y snacks control de peso","DIETA DUKAN pepitas de salvado de avena sabor caramelo sin azúcares añadidos envase 350 g"],"general_information":[],"ingredients":[],"ean":"3760151013355"},{"full_name":"DIETA DUKAN tortitas de salvado de avena sabor natural 3 unidades envase 210 g","name":"tortitas de salvado de avena sabor natural 3 unidades envase 210 g","brand":"DIETA DUKAN ","img":"https://sgfm.elcorteingles.es/SGFM/dctm/MEDIA03/201608/24/00120770400578____1__600x600.jpg","price":"2,79 €","price_unit":"(13,29 € / Kilo)","categories":["Supermercado","Dietéticos","Productos control de peso","Barritas y snacks control de peso","DIETA DUKAN tortitas de salvado de avena sabor natural 3 unidades envase 210 g"],"general_information":[],"ingredients":[],"ean":"3760151014277"},{"full_name":"REGIME DUKAN tortitas de salvado de avena sabor vainilla 3 unidades envase 210 g","name":"tortitas de salvado de avena sabor vainilla 3 unidades envase 210 g","brand":"REGIME DUKAN ","img":"https://sgfm.elcorteingles.es/SGFM/dctm/MEDIA03/201608/24/00120770400586____1__600x600.jpg","price":"2,79 €","price_unit":"(13,29 € / Kilo)","categories":["Supermercado","Dietéticos","Productos control de peso","Barritas y snacks control de peso","REGIME DUKAN tortitas de salvado de avena sabor vainilla 3 unidades envase 210 g"],"general_information":[],"ingredients":[],"ean":"3760151014284"},{"full_name":"SPECIAL LINE batidos sabor chocolate sustitivos de 1 comida 9x30g envase 270 g","name":"batidos sabor chocolate sustitivos de 1 comida 9x30g envase 270 g","brand":"SPECIAL LINE ","img":"https://sgfm.elcorteingles.es/SGFM/dctm/MEDIA03/201704/20/00120744000140____1__600x600.jpg","price":"5,95 €","price_unit":"(22,04 € / Kilo)","categories":["Supermercado","Dietéticos","Productos control de peso","Sustitutivos alimenticios","SPECIAL LINE batidos sabor chocolate sustitivos de 1 comida 9x30g envase 270 g"],"general_information":[],"ingredients":[],"ean":"8433329030847"},{"full_name":"SPECIAL LINE batidos sabor fresa sustitutivos de 1 comida 9x30g envase 270 g","name":"batidos sabor fresa sustitutivos de 1 comida 9x30g envase 270 g","brand":"SPECIAL LINE ","img":"https://sgfm.elcorteingles.es/SGFM/00/15/7/0120744000157/0120744000157000g01011.jpg","price":"5,95 €","price_unit":"(22,04 € / Kilo)","categories":["Supermercado","Dietéticos","Productos control de peso","Sustitutivos alimenticios","SPECIAL LINE batidos sabor fresa sustitutivos de 1 comida 9x30g envase 270 g"],"general_information":[],"ingredients":[],"ean":"8433329030854"},{"full_name":"SPECIAL LINE barritas sustitutivas control de peso sabor vainilla 6 unidades x 35g caja 210 g","name":"barritas sustitutivas control de peso sabor vainilla 6 unidades x 35g caja 210 g","brand":"SPECIAL LINE ","img":"https://sgfm.elcorteingles.es/SGFM/dctm/MEDIA03/201607/20/00120744400977____1__600x600.jpg","price":"4,75 €","price_unit":"(135,71 € / Kilo)","categories":["Supermercado","Dietéticos","Productos control de peso","Sustitutivos alimenticios","SPECIAL LINE barritas sustitutivas control de peso sabor vainilla 6 unidades x 35g caja 210 g"],"general_information":["Denominación del alimento: BARRITAS SUSTITUTIVAS PARA EL CONTROL DE PESO. Con azúcares y edulcorantes","Nombre del operador: Elaborado para el Grupo El Corte Inglés \nHermosilla, 112. 28009 - Madrid - España \npor CIF: A-08650509","Cantidad Neta: 210 g"],"ingredients":[" Ingredientes: Ingredientes: Concentrado de proteínas lácteas, jarabe de glucosa, cobertura de chocolate con edulcorante  (pasta de cacao, edulcorante (maltitol), manteca de cacao, emulgente: lecitina de soja, aroma natural de vainilla), jarabe de fructosa, edulcorante (jarabe de sorbitol), leche desnatada en polvo, fibra de avena, polidextrosa, jarabe de oligofructosa, manteca de cacao, aceite de cártamo (Carthamus Tinctorius), gluconato potásico,  crocanti (azúcar, almendra), caramelo en polvo, citrato potásico,  extracto de garcinia cambogia (0,72%), aromas, celulosa, fosfato cálcico, citrato sódico, carbonato magnésico, complejo vitamínico (maltodextrina,  ácido L-ascórbico,  acetato de DL-alfa-tocoferilo, nicotinamida, D-pantotenato cálcico, acetato de retinilo, clorhidrato de piridoxina, colecalciferol, riboflavina, clorhidrato de tiamina, ácido pteroilmonoglutámico, D-biotina, cianocobalamina). pirofosfato de hierro, sulfato de zinc, gluconato de cobre,  sulfato de manganeso, yoduro potásico, selenito sódico. Puede contener trazas de gluten."],"conservation":" Conservar en lugar fresco y seco, por debajo de 21ºC. Una vez abierto, consumir en el mismo día.","ean":"8433329062282"},{"full_name":"SPECIAL LINE barritas sustitutivas control de peso sabor yogur-limón 6 unidades x 35g caja 210 g","name":"barritas sustitutivas control de peso sabor yogur-limón 6 unidades x 35g caja 210 g","brand":"SPECIAL LINE ","img":"https://sgfm.elcorteingles.es/SGFM/dctm/MEDIA03/201607/20/00120744400993____1__600x600.jpg","price":"4,75 €","price_unit":"(135,71 € / Kilo)","categories":["Supermercado","Dietéticos","Productos control de peso","Sustitutivos alimenticios","SPECIAL LINE barritas sustitutivas control de peso sabor yogur-limón 6 unidades x 35g caja 210 g"],"general_information":["Denominación del alimento: BARRITAS SUSTITUTIVAS PARA EL CONTROL DE PESO. Con azúcares y edulcorantes","Nombre del operador: Elaborado para el Grupo El Corte Inglés \nHermosilla, 112. 28009 - Madrid - España \npor CIF: A-08650509","Cantidad Neta: 210 g"],"ingredients":[" Ingredientes: Concentrado de proteínas lácteas, jarabe de glucosa, cobertura vegetal blanca (azúcar, grasa vegetal hidrogenada, leche desnatada en polvo, emulgente: lecitina de soja, vainillina, aroma), jarabe de fructosa, edulcorante (jarabe de sorbitol), leche desnatada en polvo, yogur en polvo (3,6%), fibra de avena, polidextrosa, jarabe de oligofructosa, manteca de cacao, aromas, aceite de cártamo (Carthamus Tinctorius), gluconato potásico, limón en trozos (1,2%), citrato potásico, extracto de garcinia cambogia (0,69%), celulosa, fosfato cálcico, citrato sódico, carbonato magnésico, complejo vitamínico (maltodextrina, ácido L-ascórbico, acetato de DL-alfa-tocoferilo, nicotinamida, D-pantotenato cálcico, acetato de retinilo, clorhidrato de piridoxina, colecalciferol, riboflavina, clorhidrato de tiamina, ácido pteroilmonoglutámico, D-biotina, cianocobalamina), pirofosfato de hierro, sulfato de zinc, gluconato de cobre, sulfato de manganeso, yoduro potásico, selenito sódico. Puede contener frutos de cáscara y trazas de gluten."],"conservation":" Conservar en lugar fresco y seco, por debajo de 21ºC. Una vez abierto, consumir en el mismo día.","ean":"8433329062299"},{"full_name":"SPECIAL LINE barritas sustitutivas control de peso sabor frutos rojos 6 unidades x 35 g caja 210 g","name":"barritas sustitutivas control de peso sabor frutos rojos 6 unidades x 35 g caja 210 g","brand":"SPECIAL LINE ","img":"https://sgfm.elcorteingles.es/SGFM/dctm/MEDIA03/201607/20/00120744400985____1__600x600.jpg","price":"4,75 €","price_unit":"(135,71 € / Kilo)","categories":["Supermercado","Dietéticos","Productos control de peso","Sustitutivos alimenticios","SPECIAL LINE barritas sustitutivas control de peso sabor frutos rojos 6 unidades x 35 g caja 210 g"],"general_information":["Denominación del alimento: BARRITAS SUSTITUTIVAS PARA EL CONTROL DE PESO. Con azúcares y edulcorantes","Nombre del operador: Elaborado para el Grupo El Corte Inglés \nHermosilla, 112. 28009 - Madrid - España \npor CIF: A-08650509","Cantidad Neta: 210 g"],"ingredients":[" Ingredientes: Concentrado de proteínas lácteas, jarabe de glucosa, cobertura de chocolate con edulcorante  (pasta de cacao, edulcorante (maltitol), manteca de cacao, emulgente: lecitina de soja, aroma natural de vainilla), jarabe de fructosa, edulcorante (jarabe de sorbitol), leche desnatada en polvo, fibra de avena, polidextrosa, jarabe de oligofructosa, manteca de cacao, aceite de cártamo (Carthamus Tinctorius), aromas, gluconato potásico, frutos rojos en trozos (1,3%, Ingredientes: Puré de fresa, grosella negra y frambuesa, jarabe de fructosa-glucosa, humectante: glicerol, azúcar, fibra de trigo, gelificante: pectina, grasa vegetal, acidulantes: ácido málico y ácido cítrico, aroma), citrato potásico, extracto de garcinia cambogia (0,72%), celulosa, fosfato cálcico, citrato sódico, acidulante (ácido málico), carbonato magnésico, complejo vitamínico (maltodextrina,  ácido L-ascórbico, acetato de DL-alfa-tocoferilo, nicotinamida, D-pantotenato cálcico, acetato de retinilo, clorhidrato de piridoxina, colecalciferol, riboflavina, clorhidrato de tiamina, ácido pteroilmonoglutámico, D-biotina, cianocobalamina), pirofosfato de hierro, sulfato de zinc, gluconato de cobre,  sulfato de manganeso, yoduro potásico, selenito sódico. Puede contener  trazas de gluten."],"conservation":" Conservar en lugar fresco y seco, por debajo de 21ºC. Una vez abierto, consumir en el mismo día.","ean":"8433329062305"},{"full_name":"SPECIAL LINE barritas sustitutivas para el control de peso sabor chocolate 6 unidades x 35 g caja 210 g","name":"barritas sustitutivas para el control de peso sabor chocolate 6 unidades x 35 g caja 210 g","brand":"SPECIAL LINE ","img":"https://sgfm.elcorteingles.es/SGFM/dctm/MEDIA03/201607/20/00120744400969____1__600x600.jpg","price":"4,75 €","price_unit":"(22,62 € / Kilo)","categories":["Supermercado","Dietéticos","Productos control de peso","Sustitutivos alimenticios","SPECIAL LINE barritas sustitutivas para el control de peso sabor chocolate 6 unidades x 35 g caja 210 g"],"general_information":["Denominación del alimento: BARRITAS SUSTITUTIVAS PARA EL CONTROL DE PESO . Con azúcares y edulcorantes","Nombre del operador: Elaborado para el Grupo El Corte Inglés \nHermosilla, 112. 28009 - Madrid - España \npor CIF: A-08650509","Cantidad Neta: 210 g"],"ingredients":[" Ingredientes: Concentrado de proteínas lácteas, jarabe de glucosa, cobertura de chocolate con leche (azúcar, manteca de cacao, leche desnatada en polvo, pasta de cacao, lactosuero, mantequilla anhidra, leche entera en polvo, emulgente: lecitina de soja, aroma), jarabe de fructosa, edulcorante (jarabe de sorbitol), leche desnatada en polvo, fibra de avena, polidextrosa, jarabe de oligofructosa, manteca de cacao, aceite de cártamo (Carthamus Tinctorius), gluconato potásico,  cacao en polvo, citrato potásico,  grano de cacao (0,64%), celulosa, fosfato cálcico, citrato sódico, aromas, L-carnitina (0,35%), carbonato magnésico, complejo vitamínico (maltodextrina,  ácido L-ascórbico,  acetato de DL-alfa-tocoferilo, nicotinamida, D-pantotenato cálcico, acetato de retinilo, clorhidrato de piridoxina, colecalciferol, riboflavina, clorhidrato de tiamina, ácido pteroilmonoglutámico, D-biotina, cianocobalamina). pirofosfato de hierro, sulfato de zinc, gluconato de cobre,  sulfato de manganeso, yoduro potásico, selenito sódico. Puede contener trazas de gluten."],"conservation":" Conservar en lugar fresco y seco, por debajo de 21ºC. Una vez abierto, consumir en el mismo día.","ean":"8433329062275"},{"full_name":"BIMANAN Línea batonnets sustitutivos de una comida sabor chocolate intenso 6 unidades caja 186 g","name":"Línea batonnets sustitutivos de una comida sabor chocolate intenso 6 unidades caja 186 g","brand":"BIMANAN ","img":"https://sgfm.elcorteingles.es/SGFM/dctm/MEDIA02/CONTENIDOS/201504/15/00200344401005____1__600x600.jpg","price":"5,30 €","price_unit":"(28,49 € / Kilo)","categories":["Supermercado","Dietéticos","Productos control de peso","Sustitutivos alimenticios","BIMANAN Línea batonnets sustitutivos de una comida sabor chocolate intenso 6 unidades caja 186 g"],"general_information":["Denominación del alimento: Barritas de chocolate sustitutivas de una o varias comidas para el control de peso","Nombre del operador: Nutrition & Santé Iberia, S.L.","Dirección del operador: c/ Jesús Serra i Santamans, nº 4 - 1ª planta. 08174 Sant Cugat del Vallés - Barcelona","Cantidad Neta: 186 g","Número de raciones por envase: 6"],"ingredients":[" Chocolate negro de cobertura*: 22% (pasta de cacao, azúcar, manteca de cacao, materia grasa de leche, emulgente: lecitinas de soja, aroma natural de vainilla), proteínas de leche (proteínas de leche, sales potásicas del ác. ortofosfórico, sales cálcicas del ác. ortofosfórico), jarabe de azúcar invertida, gluten de trigo, dextrina de trigo líquida, jarabe de fructooligosacáridos, estabilizante: sorbitoles, proteínas de leche, aceite de cártamo, cacao en polvo desgrasado (emulgente: lecitinas de soja), minerales (sales potásicas del ác. ortofosfórico, sales sódicas del ác.ortofosfórico, carbonato cálcico, sales magnésicas del ác. ortofosfórico, sulfato de zinc, hierro elemental, gluconato de manganeso, citrato de cobre, yoduro potásico y selenito sódico), vitaminas: ácido L-ascórbico, acetato de DL-alfa tocoferilo (Lactosa, proteínas de leche), nicotinamida, acetato de retinilo, D-pantotenato cálcico, colecalciferol, clorhidrato de tiamina, riboflavina, clorhidrato de piridoxina, cianocobalamina, ác. pteroilmonoglutámico (acido fólico), D-biotina, aroma natural de cacao, jarabe de glucosa deshidratado, emulgente: lecitinas de nabina.*Cacao: min 45 %. Elaborado en una fábrica que utiliza huevo, pescado, altramuces, frutos de cáscara, apio y sésamo)."],"conservation":" Conservar en lugar fresco y seco.","ean":"3175681159358"},{"full_name":"BIMANAN Línea Mi Comida batonnets sustitutivos sabor chocolate con corazón de coco 6 unidades envase 186 g","name":"Línea Mi Comida batonnets sustitutivos sabor chocolate con corazón de coco 6 unidades envase 186 g","brand":"BIMANAN ","img":"https://sgfm.elcorteingles.es/SGFM/00/01/5/0200344400015/0200344400015000g01011.jpg","price":"5,30 €","price_unit":"(28,49 € / Kilo)","categories":["Supermercado","Dietéticos","Productos control de peso","Sustitutivos alimenticios","BIMANAN Línea Mi Comida batonnets sustitutivos sabor chocolate con corazón de coco 6 unidades envase 186 g"],"general_information":["Denominación del alimento: Barritas de chocolate con leche con corazón de coco sustitutivas de una comida, para el control de peso.","Nombre del operador: Nutrition & Santé Iberia, S.L.","Dirección del operador: c/ Jesús Serra i Santamans, nº 4 - 1ª planta. 08174 Sant Cugat del Vallés - Barcelona","Cantidad Neta: 186 g","Número de raciones por envase: 6"],"ingredients":[" Cobertura de chocolate con leche: 22% (azúcar, manteca de cacao, leche descremada en polvo, proteínas de la leche, pasta de cacao, materia grasa de leche, emulgente: lecitinas de soja, aroma natural de vainilla), proteínas de la leche, gluten de trigo, jarabe de fructosa, jarabe de glucosa de trigo, estabilizadores: sorbitoles, jarabe de fructo-oligosacáridos, azúcar glacé (azúcar, fécula de patata), coco rallado: 2,4%, aceite de cártamo, cacao desgrasado en polvo, minerales (sales de potasio del ac. ortofosfórico, sales de sodio del ácido ortofosfórico, sales de calcio del ácido ortofosfórico, carbonato cálcico, sales de magnesio del ácido ortofosfórico, sulfato de zinc, hierro elemental, gluconato de manganeso, citrato de cobre, yoduro potásico y selenito sódico), jarabe de glucosa deshidratado, vitaminas: ácido L-ascórbico, acetato de DL-alfa tocoferilo (lactosa, proteínas de leche), nicotinamida, acetato de retinilo, D-pantotenato cálcico, colecalciferol, clorhidrato de tiamina, riboflavina, clorhidrato de piridoxina, cianocobalamina, ácido pteroilmonoglutámico (ac. fólico ), D-biotina, lactosa ; aromas naturales de coco, emulgente: lecitinas de colza. Cacao: min. 8,9%. Elaborado en una fábrica que utiliza huevo, pescado, altramuces, frutos de cáscara, apio y sésamo."],"conservation":" Conservar en lugar fresco y seco.","ean":"3175681122680"},{"full_name":"BIMANAN Línea Mi Comida batonnets sustitutivos sabor toffee 6 unidades envase 222 g","name":"Línea Mi Comida batonnets sustitutivos sabor toffee 6 unidades envase 222 g","brand":"BIMANAN ","img":"https://sgfm.elcorteingles.es/SGFM/dctm/MEDIA03/201702/13/00200344400023____1__600x600.jpg","price":"5,30 €","price_unit":"(23,87 € / Kilo)","categories":["Supermercado","Dietéticos","Productos control de peso","Sustitutivos alimenticios","BIMANAN Línea Mi Comida batonnets sustitutivos sabor toffee 6 unidades envase 222 g"],"general_information":["Denominación del alimento: Barritas sabor toffee sustitutivas de una comida, para el control de peso","Nombre del operador: Nutrition & Santé Iberia, S.L.","Dirección del operador: c/ Jesús Serra i Santamans, nº 4 - 1ª planta. 08174 Sant Cugat del Vallés - Barcelona","Cantidad Neta: 186 g","Número de raciones por envase: 6"],"ingredients":[" Cobertura de chocolate con leche (24%) (azúcar, manteca de cacao, leche desnatada en polvo, proteínas de leche, pasta de cacao, materia grasa de leche, emulgente: lecitinas de soja, aroma natural de vainilla), proteínas de leche (sales de potasio y sales de calcio del ac. ortofosfórico), gluten de trigo, jarabe de fructosa, jarabe de glucosa, estabilizante: sorbitoles, jarabe de fructooligosacaridos, azúcar glacé (sacarosa, fécula de patata), aceite de cártamo, minerales: sales de potasio del ac. ortofosfórico,sales de sodio del ac. ortofosfórico, carbonato de calcio, sales de magnesio del ac. ortofosfórico, sulfato de zinc, hierro elemental, gluconato de manganeso, citrato de cobre, yoduro de potasio y selenito de sodio; cacao desgrasado en polvo, aromas, emulgente: lecitinas de nabina, jarabe de glucosa deshidratado, vitaminas: ácido L-ascórbico, acetato de DL-alfa tocoferilo (proteínas de leche, lactosa), nicotinamida, acetato de retinilo, D-pantotenato cálcico, colecalciferol, clorhidrato de tiamina, riboflavina, clorhidrato de piridoxina, cianocobalamina, ácido pteroilmonoglutámico (ácido fólico), D-biotina. *Cacao : 32% mínimo. Elaborado en una fábrica que utiliza huevo, pescado, altramuces, frutos de cáscara, apio y sésamo."],"conservation":" Conservar en lugar fresco y seco.","ean":"3175681122444"},{"full_name":"BIMANAN Línea batonnets sustitutivos de una comida sabor chocolate fondant 6 unidades caja 186 g","name":"Línea batonnets sustitutivos de una comida sabor chocolate fondant 6 unidades caja 186 g","brand":"BIMANAN ","img":"https://sgfm.elcorteingles.es/SGFM/dctm/MEDIA03/201702/13/00120744400233____1__600x600.jpg","price":"5,30 €","price_unit":"(28,49 € / Kilo)","categories":["Supermercado","Dietéticos","Productos control de peso","Sustitutivos alimenticios","BIMANAN Línea batonnets sustitutivos de una comida sabor chocolate fondant 6 unidades caja 186 g"],"general_information":["Denominación del alimento: Barritas de chocolate sustitutivas de una comida, para el control de peso","Nombre del operador: Nutrition & Santé Iberia, S.L.","Dirección del operador: c/ Jesús Serra i Santamans, nº 4 - 1ª planta. 08174 Sant Cugat del Vallés - Barcelona","Cantidad Neta: 186 g","Número de raciones por envase: 6"],"ingredients":[" Chocolate negro de cobertura*:24% (pasta de cacao, azúcar, manteca de cacao, materia grasa de leche, emulgente: lecitinas de soja, aroma natural de vainilla), proteínas de leche (proteínas de leche, sales potásicas del ác. ortofosfórico, sales cálcicas del ác. ortofosfórico), gluten de trigo, jarabe de fructosa, jarabe de glucosa, estabilizante: sorbitoles, jarabe de fructo-oligosacáridos, proteínas de leche, azúcar glacé (azúcar, fécula de patata), cacao en polvo desgrasado, aceite de cártamo, minerales (sales potásicas del ac.ortofosfórico, sales cálcicas del ac.ortofosfórico, carbonato cálcico, sales magnésicas del ác.ortofosfórico, sulfato de zinc, hierro elemental, gluconato de manganeso, citrato de cobre, yoduro potásico y selenito sódico), vitaminas: ácido L-ascórbico, acetato de DL-alfa tocoferilo (lactosa, proteínas de leche), nicotinamida, acetato de retinilo, D-pantotenato cálcico, colecalciferol, clorhidrato de tiamina, riboflavina, clorhidrato de piridoxina, cianocobalamina, ác. pteroilmonoglutámico (acido fólico), D-biotina, aromas, emulgente: lecitinas de nabina. *Cacao: mínimo 45%. Elaborado en una fábrica que utiliza huevo, altramuces, frutos de cáscara, apio y sésamo."],"conservation":" Conservar en lugar fresco y seco.","ean":"3175681088184"},{"full_name":"BIMANAN Línea crema sustitutiva de chocolate intenso 2 unidades estuche 420 g","name":"Línea crema sustitutiva de chocolate intenso 2 unidades estuche 420 g","brand":"BIMANAN ","img":"https://sgfm.elcorteingles.es/SGFM/dctm/MEDIA03/201702/13/00200344100078____1__600x600.jpg","price":"4,94 €","price_unit":"(11,76 € / Kilo)","categories":["Supermercado","Dietéticos","Productos control de peso","Sustitutivos alimenticios","BIMANAN Línea crema sustitutiva de chocolate intenso 2 unidades estuche 420 g"],"general_information":["Denominación del alimento: Crema chocolate sustitutiva de una comida para el control de peso. Con azúcares y edulcorante.","Nombre del operador: Nutrition & Santé Iberia, S.L.","Dirección del operador: Paseo de Gracia, nº 11 , Escalera B, 1ª planta. 08007 Barcelona","Cantidad Neta: 420 g","Número de raciones por envase: 2","Otras menciones obligatorias en la etiqueta: Con azúcares y edulcorante. Envasado en atmósfera protectora"],"ingredients":[" Leche desnatada, agua, azúcar, proteínas de leche, almidón modificado, chocolate (azúcar, pasta de cacao,leche):2%, cacao desgrasado, aceite de soja, maltodextrina, crema de leche, minerales (citrato de sodio, hidróxido potásico, citrato potásico, sales magnésicas de ac.cítrico, sulfato ferroso, sulfato de zinc, selenito sódico, sulfato de cobre, sulfato de manganeso, yodato de potasio), emulgentes (mono y digliceridos de ácidos grasos), gelificante (carragenano), espesante (goma guar), vitaminas: ácido L-ascórbico, DL-alfa-tocoferilo (lactosa, proteína de leche), nicotinamida, acetato de retinilo, colecalciferol, D-pantotenato cálcico, clorhidrato de tiamina, riboflavina, cianocobalamina, ác. pteroilmonoglutámico (ácido fólico), D-biotina; edulcorantes: sucralosa y acesulfame potásico. Elaborado en una fábrica que utiliza pescado, frutos de cáscara, huevo, apio, sésamo y sulfitos. Envasado en atmósfera protectora."],"conservation":" Conservar en lugar fresco y seco.","ean":"3175681088160"},{"full_name":"BIMANAN Línea Mi Comida crema de vainilla caramelo sustitutiva 2 unidades estuche 420 g","name":"Línea Mi Comida crema de vainilla caramelo sustitutiva 2 unidades estuche 420 g","brand":"BIMANAN ","img":"https://sgfm.elcorteingles.es/SGFM/dctm/MEDIA03/201702/13/00200344100011____1__600x600.jpg","price":"4,94 €","price_unit":"(11,76 € / Kilo)","categories":["Supermercado","Dietéticos","Productos control de peso","Sustitutivos alimenticios","BIMANAN Línea Mi Comida crema de vainilla caramelo sustitutiva 2 unidades estuche 420 g"],"general_information":["Denominación del alimento: Cremas sabor vainilla caramel sustitutivas de una comida, para el control de peso. Con azúcar y edulcorantes.","Nombre del operador: Nutrition & Santé Iberia, S.L.","Dirección del operador: Paseo de Gracia, nº 11 , Escalera B, 1ª planta. 08007 Barcelona","Cantidad Neta: 420 g","Número de raciones por envase: 2","Otras menciones obligatorias en la etiqueta: Con azúcar y edulcorantes. Envasado en atmósfera protectora."],"ingredients":[" Leche desnatada, agua, azúcar, proteínas de la leche, aceite de nabina, maltodextrina, almidón modificado, aroma, minerales ( citratos de sodio y potasio, hidróxido de potasio, sales potásicas del ácido ortofosfórico, óxido de magnesio, pirofosfato de hierro III, sulfato de zinc, selenito sódico, sulfato de cobre, sulfato de manganeso, yodato de potasio), gelificante (carragenanos), vitaminas: acido L-ascórbico, DL-alfa-tocoferol (lactosa, proteínas de la leche), nicotinamida, acetato de retinilo, colecalciferol, D-pantotenato cálcico, clorhidrato de piridoxina, clorhidrato de tiamina, riboflavina, cianocobalamina, ácido pteroilmonoglutámico (ácido fólico), D-biotina; colorante: carotenos, edulcorante: acesulfamo K. Elaborado en una fábrica que utiliza pescado, frutos de cáscara, huevo, soja, apio, sésamo y sésamo. Con azúcar y edulcorantes. Envasado en atmósfera protectora."],"conservation":" Conservar en lugar fresco y seco.","ean":"3175681122536"},{"full_name":"BIMANAN Línea batidos sustitutivos de una comida sabor cappuccino 5 unidades caja 150 g","name":"Línea batidos sustitutivos de una comida sabor cappuccino 5 unidades caja 150 g","brand":"BIMANAN ","img":"https://sgfm.elcorteingles.es/SGFM/dctm/MEDIA03/201604/26/00200344000633____1__600x600.jpg","price":"7,50 €","categories":["Supermercado","Dietéticos","Productos control de peso","Sustitutivos alimenticios","BIMANAN Línea batidos sustitutivos de una comida sabor cappuccino 5 unidades caja 150 g"],"general_information":["Denominación del alimento: Batidos en polvo sabor capuccino sustitutivos de una o varias comidas para el control de peso. Con azúcares y edulcorantes.","Nombre del operador: Nutrition & Santé Iberia, S.L.","Dirección del operador: Paseo de Gracia, nº 11 , Escalera B, 1ª planta. 08007 Barcelona","Cantidad Neta: 150 g","Número de raciones por envase: 5","Otras menciones obligatorias en la etiqueta: Contiene una fuente de fenilalanina. Con azúcares y edulcorantes. Envasado en atmósfera protectora."],"ingredients":[" Azúcar, grasa vegetal en polvo (jarabe de glucosa, grasa de palma, emulgentes: ésteres acéticos de mono y diglicéridos de ácidos grasos, proteínas de la leche), proteína de la leche, aceite vegetal en polvo (aceite de girasol, jarabe de glucosa, proteína de la leche, emulgentes: ésteres cítricos de mono y diglicéridos de ácidos grasos, antioxidantes: ésteres ácidos grasos de ácido ascórbico y extracto rico en tocoferoles), leche desnatada en polvo, aroma natural de café, espesantes: carragenanos, minerales: citrato potásico, sales de calcio del ac. ortofosfórico, cloruro de sodio, carbonato de magnesio, difosfato de hierro, sulfato de zinc, yoduro de potasio, gluconato de cobre, selenito de sodio, sulfato de manganeso; fibras vegetales (fibra de acacia y fibra de trigo sin gluten), vitaminas: ácido L-ascórbico, acetato de dl-alfa tocoferilo, nicotinamida, acetato de retinilo, colecalciferol, clorhidrato de piridoxina, clorhidrato de tiamina, D-pantotenato de calcio, riboflavina, ac.pteroilmonoglutámico (ác. fólico), D-biotina; maltodextrina, edulcorantes: acesulfamo K y aspartamo. Contiene una fuente de fenilalanina. Con azúcares y edulcorantes. Elaborado en una fábrica que utiliza gluten, huevo, pescado, soja, frutos de cáscara, apio, altramuces y sésamo."],"conservation":" Conservar en lugar fresco y seco","ean":"3175681193772"},{"full_name":"BIMANAN Línea batidos sustitutivos de una comida sabor chocolate con leche 5 unidades caja 150 g","name":"Línea batidos sustitutivos de una comida sabor chocolate con leche 5 unidades caja 150 g","brand":"BIMANAN ","img":"https://sgfm.elcorteingles.es/SGFM/dctm/MEDIA03/201702/10/00200344000625____2__600x600.jpg","price":"7,50 €","categories":["Supermercado","Dietéticos","Productos control de peso","Sustitutivos alimenticios","BIMANAN Línea batidos sustitutivos de una comida sabor chocolate con leche 5 unidades caja 150 g"],"general_information":["Denominación del alimento: Batidos en polvo sabor chocolate sustitutivos de una o varias comidas para el control de peso. Con azúcares y edulcorantes.","Nombre del operador: Nutrition & Santé Iberia, S.L.","Dirección del operador: c/ Jesús Serra i Santamans, nº 4 - 1ª planta. 08174 Sant Cugat del Vallés - Barcelona","Cantidad Neta: 150 g","Número de raciones por envase: 5","Otras menciones obligatorias en la etiqueta: Con azúcares y edulcorantes."],"ingredients":[" Azúcar, materia grasa vegetal compuesta (jarabe de glucosa, grasa vegetal no hidrogenada de palma, emulgente: ésteres acéticos de mono y diglicéridos de ácidos grasos, proteína de leche) materia grasa vegetal compuesta (aceite de girasol, jarabe de glucosa, proteína de leche, emulgente: ésteres acéticos de mono y diglicéridos de ácidos grasos, antioxidantes: ésteres de ácidos grasos de ácido ascórbico y extracto rico en tocoferoles), cacao en polvo alcalinizado, proteínas de leche, cacao desgrasado en polvo (cacao desgrasado en polvo alcalinizado, emulgente: lecitina de soja), espesantes: carragenanos y carboximetilcelulosa sódica, aroma (aroma, colorante: caramelo amónico), sales de calcio del ácido ortofosfórico, cloruro sódico, corrector de la acidez: citratos de potasio, aroma, leche descremada en polvo, maltodextrina, difosfato férrico, ácido L-ascórbico, edulcorantes: acesulfamo K y aspartamo, acetato de dl-alfa tocoferilo, antioxidante: extracto rico en tocoferoles, nicotinamida, sulfato de zinc, yoduro potásico, acetato de retinilo, carbonato de magnesio, gluconato de cobre, selenito de sodio, sulfato de manganeso, colecalciferol, clorhidrato de piridoxina, riboflavina, D-pantotenato de calcio, ácido pteroilmonoglutámico (ác. fólico), D-Biotina. Contiene una fuente de fenilalanina. Con azúcares y edulcorantes. Elaborado en una fábrica que utiliza gluten, huevo, altramuces, frutos de cáscara, apio y sésamo."],"conservation":" Conservar en lugar fresco y seco.","ean":"3175681175488"},{"full_name":"BICENTURY Sustituye barritas rellenas de chocolate 6 unidades estuche 270 g","name":"Sustituye barritas rellenas de chocolate 6 unidades estuche 270 g","brand":"BICENTURY ","img":"https://sgfm.elcorteingles.es/SGFM/dctm/MEDIA03/201702/28/00120744401223____1__600x600.jpg","price":"7,45 €","price_unit":"(27,59 € / Kilo)","categories":["Supermercado","Dietéticos","Productos control de peso","Sustitutivos alimenticios","BICENTURY Sustituye barritas rellenas de chocolate 6 unidades estuche 270 g"],"general_information":["Denominación del alimento: Galleta rellena de chocolate sabor avellana. Sustitutivo de una comida para control del peso. 2 galletas sustituyen una  comida","País de origen: España","Nombre del operador: BIOCENTURY S.L.U.","Dirección del operador: Ctra. N-II km 714. 17242 QUART-GIRONA","Cantidad Neta: 270 g","Número de raciones por envase: 3","Otras menciones obligatorias en la etiqueta: Un consumo excesivo puede tener efectos laxantes. Las galletas rellenas sustitutivas de una comida para control del peso deben consumirse junto con otros alimentos en el marco de una dieta de bajo valor energético. 2 galletas rellenas sustituyen una comida. Se recomienda beber 2 L de agua al día. Es importante seguir una dieta variada y equilibrada y un estilo de vida saludable."],"ingredients":[" Relleno de chocolate (30%) (jarabe de glucosa y fructosa, chocolate negro ( 17%) (pasta de cacao, azúcar,cacao desgrasado en polvo, emulgente: lecitina de soja, aroma), humectante: glicerol, leche desnatada condensada edulcorada, azúcar, espesante: almidón modificado, gelificante: pectina, aromas), proteínas de trigo, azúcar de caña, harina de trigo, partículas de soja (proteína de soja, almidón, sal), aceite de nabina, proteínas hidrolizadas de trigo, proteínas de guisante, minerales (potasio, calcio, magnesio, zinc, hierro, cobre, manganeso, yodo, selenio, fósforo), acidulante: ácido cítrico,  levadura inactiva, vitaminas (A, D, E, C, B1, B2, B3, B6, B9-ácido fólico, B12, biotina, ácido pantoténico) (contienen derivados lácteos)), aroma natural, gasificante: carbonato sódico. Contiene gluten, soja, leche y/o derivados de los mismos. Puede contener trazas de sésamo, frutos de cáscara, altramuz, huevo, apio, pescado y/o derivados de los mismos."],"conservation":" Conservar en un lugar fresco y seco.","ean":"8423207209380"},{"full_name":"BICENTURY Sustituye barritas rellenas de manzana y frambuesa 6 barritas estuche 270 g","name":"Sustituye barritas rellenas de manzana y frambuesa 6 barritas estuche 270 g","brand":"BICENTURY ","img":"https://sgfm.elcorteingles.es/SGFM/dctm/MEDIA03/201702/28/00120744401231____1__600x600.jpg","price":"7,45 €","price_unit":"(27,59 € / Kilo)","categories":["Supermercado","Dietéticos","Productos control de peso","Sustitutivos alimenticios","BICENTURY Sustituye barritas rellenas de manzana y frambuesa 6 barritas estuche 270 g"],"general_information":["Denominación del alimento: Galleta rellena de manzana y frambuesa. Sustitutivo de una comida para control del peso. 2 galletas sustituyen una  comida","País de origen: España","Nombre del operador: BIOCENTURY S.L.U.","Dirección del operador: Ctra. N-II km 714. 17242 QUART-GIRONA","Cantidad Neta: 270 g","Número de raciones por envase: 3","Otras menciones obligatorias en la etiqueta: Un consumo excesivo puede tener efectos laxantes. Las galletas rellenas sustitutivas de una comida para control del peso deben consumirse junto con otros alimentos en el marco de una dieta de bajo valor energético. 2 galletas rellenas sustituyen una comida. Se recomienda beber 2 L de agua al día. Es importante seguir una dieta variada y equilibrada y un estilo de vida saludable."],"ingredients":[" Relleno de fruta (30%) ( puré de manzana (56%), jarabe de glucosa y fructosa, puré de frambuesa (7%), azúcar, humectante: glicerol, zumo concentrado de uva, zumo concentrado de limón, aroma, corrector de la acidez: citrato sódico), proteínas de trigo, azúcar de caña,harina de trigo, partículas de soja (proteína de soja, almidón, sal), aceite de nabina, proteínas hidrolizadas de trigo, proteína de guisante, minerales (potasio, fósforo, calcio, magnesio, hierro, zinc, cobre, manganeso, selenio, yodo), acidulante: ácido cítrico, levadura inactiva, aromas, canela,  vitaminas ((A, D, E, C, B1, B2, B3, B6, B9-ácido fólico, B12, biotina, ácido pantoténico) (contienen derivados lácteos)], sal marina, gasificantes ( carbonato de sodio). Contiene gluten, soja, leche y/o derivados de los mismos. Puede contener trazas de sésamo, frutos de cáscara, altramuz, huevo, apio, pescado y/o derivados de los mismos."],"conservation":" Conservar en un lugar fresco y seco.","ean":"8423207209373"},{"full_name":"BICENTURY Sustituye barritas sustitutivas sabor chocolate negro 4 unidades estuche 128 g","name":"Sustituye barritas sustitutivas sabor chocolate negro 4 unidades estuche 128 g","brand":"BICENTURY ","img":"https://sgfm.elcorteingles.es/SGFM/00/06/8/0120744400068/0120744400068000g01011.jpg","price":"3,69 €","price_unit":"(28,83 € / Kilo)","categories":["Supermercado","Dietéticos","Productos control de peso","Sustitutivos alimenticios","BICENTURY Sustituye barritas sustitutivas sabor chocolate negro 4 unidades estuche 128 g"],"general_information":["Denominación del alimento: Barrita de chocolate negro con chocochips (6%). Sustitutivo de una comida para control del peso. 2 barritas sustituyen una comida.","País de origen: España","Nombre del operador: Biocentury S.L.U.","Dirección del operador: Ctra. N-II km 714. 17242 QUART-GIRONA","Cantidad Neta: 128 g","Número de raciones por envase: 2","Otras menciones obligatorias en la etiqueta: Un consumo excesivo puede producir efectos laxantes. Los sustitutivos de una comida para control del peso deben consumirse junto con otros alimentos en el marco de una dieta de bajo valor energético. Es importante seguir una dieta variada y equilibrada y un estilo de vida saludable. Se recomienda beber 2 L de agua al día. 2 barritas sutituyen una comida."],"ingredients":[" Azúcar, proteínas de la leche, humectante: jarabe de sorbitol , chocolate negro (11,5%)(azúcar, pasta de cacao, manteca de cacao, emulgente: lecitina de soja, aromas), cacao, leche desnatada en polvo, aceite de girasol en polvo (contiene leche), minerales (fósforo, potasio, sodio, magnesio, hierro, cinc, cobre, manganeso, yodo, selenio), grasa vegetal (aceite de palma), fibra alimentaria: fibra de guisante,  emulgente: lecitina de soja, jarabe de glucosa, vitaminas (A, D, E, C, B1, B2, B3, B6, B9-ácido fólico, B12, biotina, ácido pantoténico), aromas (contiene lactosa). Contiene soja, leche y/o derivados de los mismos.Puede contener trazas de cereales que contienen gluten, frutos de cáscara y derivados de los mismos."],"conservation":" Mantener en lugar fresco y seco","ean":"8423207000291"},{"full_name":"BICENTURY Sustituye barritas sustitutivas sabor chocolate con leche 4 unidades estuche 128 g","name":"Sustituye barritas sustitutivas sabor chocolate con leche 4 unidades estuche 128 g","brand":"BICENTURY ","img":"https://sgfm.elcorteingles.es/SGFM/00/03/5/0120744400035/0120744400035000g01011.jpg","price":"3,69 €","price_unit":"(28,83 € / Kilo)","categories":["Supermercado","Dietéticos","Productos control de peso","Sustitutivos alimenticios","BICENTURY Sustituye barritas sustitutivas sabor chocolate con leche 4 unidades estuche 128 g"],"general_information":["Denominación del alimento: Barrita de chocolate con leche con chocochips (6%). Sustitutivo de una comida para control del peso. Dos barritas sustituyen una comida.","País de origen: España","Nombre del operador: Biocentury S.L.U.","Dirección del operador: Ctra. N-II km 714. 17242 QUART-GIRONA","Cantidad Neta: 128 g","Otras menciones obligatorias en la etiqueta: Un consumo excesivo puede producir efectos laxantes. Es importante seguir una dieta variada y equilibrada y un estilo de vida saludable. Se recomienda beber 2 L de agua al día. Los sustitutivos de una comida para control del peso deben consumirse junto con otros alimentos en el marco de una dieta de bajo valor energético. 2 baritas sustituyen una comida."],"ingredients":[" Azúcar, proteínas de la leche, humectante: jarabe de sorbitol, chocolate con leche (11,5%) (azúcar, manteca de cacao, pasta de cacao, leche desnatada en polvo, mantequilla anhidra, emulgente: lecitina de soja, aromas) , leche desnatada en polvo, cacao, aceite de girasol en polvo (contiene leche), minerales (fósforo, potasio, sodio, magnesio, hierro, cinc, cobre, manganeso, yodo, selenio), grasa vegetal (aceite de palma), fibra alimentaria: fibra de guisante, emulgente: lecitina de soja, jarabe de glucosa, vitaminas (A, D, E, C, B1, B2, B3, B6, B9-ácido fólico, B12, biotina, ácido pantoténico), aromas (contiene lactosa). Contiene soja, leche y/o derivados de los mismos.Puede contener trazas de cereales que contienen gluten, frutos de cáscara y derivados de los mismos."],"conservation":" Mantener en lugar fresco y seco","ean":"8423207000208"},{"full_name":"BICENTURY Sustituye barritas sustitutivas sabor yogur y limón 4 unidades estuche 128 g","name":"Sustituye barritas sustitutivas sabor yogur y limón 4 unidades estuche 128 g","brand":"BICENTURY ","img":"https://sgfm.elcorteingles.es/SGFM/00/05/6/0200344400056/0200344400056000g01011.jpg","price":"3,69 €","price_unit":"(922,50 € / Kilo)","categories":["Supermercado","Dietéticos","Productos control de peso","Sustitutivos alimenticios","BICENTURY Sustituye barritas sustitutivas sabor yogur y limón 4 unidades estuche 128 g"],"general_information":["Denominación del alimento: Barrita sabor yogur-limón bañada en chocolate blanco. Sustitutivo de una comida para control del peso. 2 barritas sustituyen una comida.","País de origen: España","Nombre del operador: Biocentury S.L.U.","Dirección del operador: Ctra. N-II km 714. 17242 QUART-GIRONA","Cantidad Neta: 128 g","Número de raciones por envase: 2","Otras menciones obligatorias en la etiqueta: Un consumo excesivo puede producir efectos laxantes. Es importante seguir una dieta variada y equilibrada y un estilo de vida saludable. Se recomienda beber 2 L de agua al día. Los sustitutivos de una comida para control del peso deben consumirse junto con otros alimentos en el marco de una dieta de bajo valor energético. 2 barritas sustituyen una comida"],"ingredients":[" Proteínas de la leche, azúcar, humectante, jarabe de sorbitol, chocolate blanco (14%) (azúcar, manteca de cacao, leche desnatada en polvo, mantequilla anhidra, emulgente: lecitina de soja, aromas), leche desnatada en polvo, grasa vegetal (aceite de palma), fibras alimentarias: (fibra de guisante, fibra de avena), minerales (sodio, fósforo, potasio, hierro, cinc, cobre, yodo, selenio, magnesio, manganeso), aceite de girasol en polvo (contiene leche), limón deshidratado 1,8% (zumo de limón, maltodextrina)"],"conservation":" Mantener en lugar fresco y seco","ean":"8423207000260"},{"full_name":"BICENTURY Sustituye batido sustitutivo en polvo sabor yogur con fresas 5 unidades envase 225 g","name":"Sustituye batido sustitutivo en polvo sabor yogur con fresas 5 unidades envase 225 g","brand":"BICENTURY ","img":"https://sgfm.elcorteingles.es/SGFM/dctm/MEDIA02/CONTENIDOS/201504/17/00120744000314____1__600x600.jpg","price":"5,50 €","price_unit":"(24,44 € / Kilo)","categories":["Supermercado","Dietéticos","Productos control de peso","Sustitutivos alimenticios","BICENTURY Sustituye batido sustitutivo en polvo sabor yogur con fresas 5 unidades envase 225 g"],"general_information":["Denominación del alimento: Batido sustitutivo de la comida para control del peso. 1 batido sustituye una comida. Sabor yogur con fresa. Preparado en polvo para reconstituir.  Con azúcar y edulcorante.","País de origen: España","Nombre del operador: Biocentury S.L.U.","Dirección del operador: Ctra. N-II km 714. 17242 QUART-GIRONA","Cantidad Neta: 225 g","Número de raciones por envase: 5","Otras menciones obligatorias en la etiqueta: Se recomienda beber 2 L de agua al día. Es importante seguir una dieta variada y equilibrada y un estilo de vida saludable."],"ingredients":[" Leche desnatada en polvo, fibra alimentaria: inulina, azúcar, aceite de girasol en polvo (contiene leche), espesante: E-1422, aroma (contiene leche), acidulante: ácido cítrico, fresa deshidratada (1%), vitaminas ( A, D, E, C, B1, B2, B3, B6, B9-ácido fólico, B12, biotina, ácido pantoténico), minerales ( hierro, cinc, cobre, manganeso, yodo, selenio), edulcorante: acesulfame potásico,  colorante: ácido carmínico. Contiene leche  y sus derivados Puede contener trazas de  soja y sus derivados"],"conservation":" Conservar en un lugar fresco y seco.","ean":"8423207207928"},{"full_name":"SANTIVERI Dietabelt barritas de chocolate con leche sabor yogur sustitutiva de una comida envase 35 g","name":"Dietabelt barritas de chocolate con leche sabor yogur sustitutiva de una comida envase 35 g","brand":"SANTIVERI ","img":"https://sgfm.elcorteingles.es/SGFM/00/52/2/0120744400522/0120744400522000g01011.jpg","price":"1,54 €","price_unit":"(44 € / Kilo)","categories":["Supermercado","Dietéticos","Productos control de peso","Sustitutivos alimenticios","SANTIVERI Dietabelt barritas de chocolate con leche sabor yogur sustitutiva de una comida envase 35 g"],"general_information":["Denominación del alimento: BARRITAS CON CHOCOLATE CON LECHE.SU","Nombre del operador: CASA SANTIVERI S.L.","Dirección del operador: ENCUNY 8, 08038 BARCELONA","Cantidad Neta: 35 g"],"ingredients":[" jarabe de glucosa, PROTEÍNA DE LA LECHE, COBERTURA DE CHOCOLATE CON LECHE (14,2%), azúcar, manteca de cacao, LECHE ENTERA EN POLVO, pasta de cacao, CASEINATO CÁLCICO, SUERO DE LECHE, azucar de caña integral, dextrosa, LECHE DESNATADA EN POLVO, aceite de girasol, aroma, fosfato dicálcico, óxido de magnesio, cloruro potásico, fosfato monopotásico, citrato de potasio, lactato de zinc, sulfato de hierro, gluconato de cobre, sulfato de manganeso, yoduro de potasio, LECITINA DE SOJA (EMULGENTE), vitamina c (ácido l-ascórbico), vitamina e (acetato de dl-alfatocoferilo), vitamina b3 (nicotinamida), vitamina a (retinol), vitamina b5 (d-pantotenato cálcico), vitamina d (colecalciferol), vitamina b6 (clorhidrato de piridoxina), vitamina b2 (riboflavina), vitamina b1 (clorhidrato de tiamina), vitamina b9 (ácido pteroilmonoglutámico), vitamina h (d-biotina), vitamina k (filoquinona), vitamina b12 (cianocobalamina)"],"ean":"8412170029316"},{"full_name":"SANTIVERI Dietabelt barritas sustitutiva sabor naranja bañadas en chocolate negro envase 35 g","name":"Dietabelt barritas sustitutiva sabor naranja bañadas en chocolate negro envase 35 g","brand":"SANTIVERI ","img":"https://sgfm.elcorteingles.es/SGFM/dctm/MEDIA02/CONTENIDOS/201507/03/00120748703525____1__600x600.jpg","price":"1,47 €","price_unit":"(4,20 € / 100 gr.)","categories":["Supermercado","Dietéticos","Productos control de peso","Sustitutivos alimenticios","SANTIVERI Dietabelt barritas sustitutiva sabor naranja bañadas en chocolate negro envase 35 g"],"general_information":["Denominación del alimento: BARRITAS CHOCOLATE NEGRO SABOR NARA","Nombre del operador: CASA SANTIVERI S.L.","Dirección del operador: ENCUNY 8, 08038 BARCELONA","Cantidad Neta: 35 g"],"ingredients":[" jarabe de glucosa, COBERTURA DE CHOCOLATE NEGRO (18,9%), pasta de cacao, maltitol (edulcorante), manteca de cacao, cacao en polvo, LECITINA DE SOJA (EMULGENTE), PROTEÍNA DE LA LECHE, CASEINATO CÁLCICO, azucar de caña integral, dextrosa, LECHE ENTERA EN POLVO, aceite de girasol, citrato de potasio, fosfato dicálcico, fosfato disódico, citrato de magnesio, sulfato de hierro, lactato de zinc, gluconato de cobre, sulfato de manganeso, seleniometionina, yoduro potásico, extracto mango africano, LECHE DESNATADA EN POLVO, aroma, vitamina c (ácido l-ascórbico), vitamina e (d-alfatocoferol), vitamina b3 (nicotinamida), vitamina a (acetato de retinilo), vitamina b5 (d-pantotenato cálcico), vitamina e (acetato de dl-alfatocoferilo), vitamina b6 (clorhidrato de piridoxina), vitamina b2 (riboflavina), vitamina b1 (clorhidrato de tiamina), vitamina b9 (ácido pteroilmonoglutámico), vitamina h (d-biotina), vitamina k (filoquinona), vitamina b12 (cianocobalamina)"],"ean":"8412170033856"},{"full_name":"SANTIVERI Dietabelt barritas sustitutiva sabor yogur limón bañadas en chocolate negro envase 35 g","name":"Dietabelt barritas sustitutiva sabor yogur limón bañadas en chocolate negro envase 35 g","brand":"SANTIVERI ","img":"https://sgfm.elcorteingles.es/SGFM/dctm/MEDIA02/CONTENIDOS/201507/03/00120748703517____1__600x600.jpg","price":"1,47 €","price_unit":"(4,20 € / 100 gr.)","categories":["Supermercado","Dietéticos","Productos control de peso","Sustitutivos alimenticios","SANTIVERI Dietabelt barritas sustitutiva sabor yogur limón bañadas en chocolate negro envase 35 g"],"general_information":["Denominación del alimento: BARRITAS CHOCOLATE NEGRO YOGUR-LIMO","Nombre del operador: CASA SANTIVERI S.L.","Dirección del operador: ENCUNY 8, 08038 BARCELONA","Cantidad Neta: 35 g"],"ingredients":[" jarabe de glucosa, COBERTURA DE CHOCOLATE NEGRO (18,9%), pasta de cacao, maltitol (edulcorante), manteca de cacao, cacao en polvo, LECITINA DE SOJA (EMULGENTE), PROTEÍNA DE LA LECHE, CASEINATO CÁLCICO, azucar de caña integral, dextrosa, LECHE ENTERA EN POLVO, aceite de girasol, citrato de potasio, fosfato dicálcico, fosfato disódico, citrato de magnesio, sulfato de hierro, lactato de zinc, gluconato de cobre, sulfato de manganeso, seleniometionina, yoduro potásico, aroma, extracto mango africano, LECHE DESNATADA EN POLVO, lecitina de girasol (emulgente), vitamina c (ácido l-ascórbico), vitamina e (acetato de dl-alfatocoferilo), vitamina b3 (nicotinamida), vitamina a (retinol), vitamina b5 (d-pantotenato cálcico), vitamina d (colecalciferol), vitamina b6 (clorhidrato de piridoxina), vitamina b2 (riboflavina), vitamina b1 (clorhidrato de tiamina), vitamina b9 (ácido pteroilmonoglutámico), vitamina h (d-biotina), vitamina k (filoquinona), vitamina b12 (cianocobalamina)"],"ean":"8412170033832"},{"full_name":"SANTIVERI Dietabelt barritas sustitutiva de chocolate negro envase 35 g","name":"Dietabelt barritas sustitutiva de chocolate negro envase 35 g","brand":"SANTIVERI ","img":"https://sgfm.elcorteingles.es/SGFM/dctm/MEDIA03/201702/27/00120744400050____1__600x600.jpg","price":"1,54 €","price_unit":"(44 € / Kilo)","categories":["Supermercado","Dietéticos","Productos control de peso","Sustitutivos alimenticios","SANTIVERI Dietabelt barritas sustitutiva de chocolate negro envase 35 g"],"general_information":["Denominación del alimento: BARRITAS CON CHOCOLATE NEGRO. SUSTI","Nombre del operador: CASA SANTIVERI S.L.","Dirección del operador: ENCUNY 8, 08038 BARCELONA","Cantidad Neta: 35 g"],"ingredients":[" ORA-06502: PL/SQL: error : buffer de cadenas de caracteres demasiado pequeño numérico o de valor"],"ean":"8412170012950"},{"full_name":"CORPORE DIET barritas con CLA sabor chocolate enriquecidas con vitaminas 5 unidades envase 175 g","name":"barritas con CLA sabor chocolate enriquecidas con vitaminas 5 unidades envase 175 g","brand":"CORPORE DIET ","img":"https://sgfm.elcorteingles.es/SGFM/00/35/7/0120744400357/0120744400357000g01011.jpg","price":"6,95 €","price_unit":"(39,71 € / Kilo)","categories":["Supermercado","Dietéticos","Productos control de peso","Sustitutivos alimenticios","CORPORE DIET barritas con CLA sabor chocolate enriquecidas con vitaminas 5 unidades envase 175 g"],"general_information":["Denominación del alimento: Complemento alimenticio","Nombre del operador: WorldNut Nutricosmética Natural S.L.U.","Dirección del operador: C/ Grècia nº 3 (Pol. Ind. Recinte Firal) 17600 - Figueres (Girona)","Lugar de procedencia del alimento: Producido en la UE.","Cantidad Neta: 175 g","Número de raciones por envase: 5","Otras menciones obligatorias en la etiqueta: Los complementos alimenticios no deben utilizarse como sustitutos de una dieta variada y equilibrada ni de un modo de vida sano. No superar la dosis diaria expresamente recomendada. Mantener fuera del alcance de los niños. En caso de embarazo consulte con su médico antes de iniciar la toma del producto."],"ingredients":[" Cobertura de chocolate con leche (28.57%) (azúcar, manteca de cacao, leche descremada en polvo, pasta de cacao, lactosuero, mantequilla anhidra (leche), fructosa, cobertura de chocolate negro (11.07%) (pasta de cacao, azúcar, manteca de cacao, emulgente: lecitina de soja y aroma natural de vainilla), harina de trigo, maltodextrina, dextrosa, proteínas de leche, aceite CLA (4.00%), inulina, grasa vegetal de palma no hidrogenada, emulgente (lecitina de soja y polirricinoleato de poliglicerol), espesante (goma guar), gasificantes (bicarbonato amónico y bicarbonato sódico) y complejo vitamínico. Contiene: leche, soja y gluten."],"conservation":" Conservar en un lugar fresco y seco, protegido de la luz solar directa.","ean":"8437012193062"},{"full_name":"PRISMA NATURAL natillas hipocalóricas de vainilla sustitutivas de 1 comida 6 unidades paquete 300 g","name":"natillas hipocalóricas de vainilla sustitutivas de 1 comida 6 unidades paquete 300 g","brand":"PRISMA NATURAL ","img":"https://sgfm.elcorteingles.es/SGFM/dctm/MEDIA03/201702/01/00120737407385____1__600x600.jpg","price":"14,45 €","price_unit":"(4,82 € / 100 gr.)","categories":["Supermercado","Dietéticos","Productos control de peso","Sustitutivos alimenticios","PRISMA NATURAL natillas hipocalóricas de vainilla sustitutivas de 1 comida 6 unidades paquete 300 g"],"general_information":["Denominación del alimento: Natilla","Nombre del operador: Nueva Dietética S.L.","Dirección del operador: P.I. Espaldillas. C/Espaldillas Diez 26-28,  41500 Alcalá de Guadaira, Sevilla.","Cantidad Neta: 50 g","Otras menciones obligatorias en la etiqueta: Contiene aspartamos, una fuente de fenilalanina."],"ingredients":[" Proteína de leche al 80%, Maltodextrina 28.02, Leche desnatada en polvo, MCT, Aroma de vainilla, Almidón transformado de patata, Goma xantana, Carragenano, Fosfato de Calcio (331 mg de Calcio), Cloruro sódico, Carbonato de Magnesio (66,6 mg de Magnesio), Dióxido de Silício, Fumarato de Hierro (4,8 mg de hierro), Aspartarme, Extracto natural de Romero, Vitamina C, Sulfato de Zinc (28,8 mg de zinc), Vitamina E, Sulfato de cobre (5,75 mg de cobre), Sulfato de Manganeso (3,19 mg de manganeso), Vitamina B5, Vitamina B2, Vitamina B3, Vitamina B1, Vitamina B6, Vitamina A, Vitamina B9, Yoduro de potasio (0,38 mg de yodo) Selenito sódico, Vitamina B8, Vitamina D3, Vitamina B12."],"conservation":" Conservar en lugar fresco, seco y alejado de la luz. Conservar a temperatura no superior a 30°C.","ean":"8436048041934"},{"full_name":"PRISMA NATURAL natillas hipocalóricas de chocolate sustitutivas de 1 comida 6 unidades paquete 300 g","name":"natillas hipocalóricas de chocolate sustitutivas de 1 comida 6 unidades paquete 300 g","brand":"PRISMA NATURAL ","img":"https://sgfm.elcorteingles.es/SGFM/dctm/MEDIA03/201702/01/00120737407369____1__600x600.jpg","price":"14,45 €","price_unit":"(4,82 € / 100 gr.)","categories":["Supermercado","Dietéticos","Productos control de peso","Sustitutivos alimenticios","PRISMA NATURAL natillas hipocalóricas de chocolate sustitutivas de 1 comida 6 unidades paquete 300 g"],"general_information":["Denominación del alimento: Natilla","Nombre del operador: Nueva Dietética S.L.","Dirección del operador: P.I. Espaldillas. C/Espaldillas Diez 26-28,  41500 Alcalá de Guadaira, Sevilla.","Cantidad Neta: 50 g","Otras menciones obligatorias en la etiqueta: Contiene aspartamos, una fuente de fenilalanina."],"ingredients":[" Proteína de leche al 80%, Maltodextrina, Leche desnatada en polvo, MCT, Aroma Chocolate Intenso, Almidón Transformado de Patata, Cacao polvo desgrasado, Goma xantana, Carragenano, Fosfato de calcio (331 mg de Calcio), Cloruro sódico, Carbonato de Magnesio (66,6 mg de Magnesio), Dióxido de silício, Fumarato de hierro (4,8 mg de hierro), Aspartarmo, Extracto Natural de Romero, Vitamina C, Sulfato de Zinc (28,8 mg de Zinc), Vitamina E, Sulfato de Cobre (5,75 mg de Cobre), Sulfato de Manganeso (3,19 mg de manganeso), Vitamina B5, Vitamina B2, Vitamina B3, Vitamina B1, Vitamina B6, Vitamina A, Vitamina B9, Yoduro de potasio (0,38 mg de yodo), Selenito sódico, Vitamina B8, Vitamina D3, Vitamina B12."],"conservation":" Conservar en lugar fresco, seco y alejado de la luz. Conservar a temperatura no superior a 30°C.","ean":"8436048041880"},{"full_name":"PRISMA NATURAL natillas hipocalóricas sabor limón sustitutivas de 1 comida 6 unidades estuche 300 g","name":"natillas hipocalóricas sabor limón sustitutivas de 1 comida 6 unidades estuche 300 g","brand":"PRISMA NATURAL ","img":"https://sgfm.elcorteingles.es/SGFM/dctm/MEDIA03/201702/01/00120737407377____1__600x600.jpg","price":"14,45 €","price_unit":"(4,82 € / 100 gr.)","categories":["Supermercado","Dietéticos","Productos control de peso","Sustitutivos alimenticios","PRISMA NATURAL natillas hipocalóricas sabor limón sustitutivas de 1 comida 6 unidades estuche 300 g"],"general_information":["Denominación del alimento: Natilla","Nombre del operador: Nueva Dietética S.L.","Dirección del operador: P.I. Espaldillas. C/Espaldillas Diez 26-28,  41500 Alcalá de Guadaira, Sevilla.","Cantidad Neta: 50 g","Otras menciones obligatorias en la etiqueta: Contiene aspartamos, una fuente de fenilalanina."],"ingredients":[" Proteína de leche al 80%, Maltodextrina, Leche desnatada en polvo, MCT, Aroma de limón, Aroma de yogurt, Limón concentrado polvo (fruto), Cúrcuma polvo, Almidón transformado de patata, Goma xantana, Carragenano, Fosfato de Calcio (331 mg de Calcio), Cloruro Sódico, Carbonato de Magnesio  (66,6 mg de Magnesio), Dióxido de Silicio, Fumarato de hierro  (4,8 mg de hierro), Aspartarme, Extracto natural de romero, Vitamina C, Sulfato de Zinc (28,8 mg de zinc), Vitamina E, Sulfato de cobre (5,75 mg de cobre), sulfato de manganeso (3,19 mg de manganeso), Vitamina B5, Vitamina B2, Vitamina B3, Vitamina B1, Vitamina B6, Vitamina A, Vitamina B9, Yoduro de potasio, (0,38 mg de yodo), Selenito sódico, Vitamina B8, Vitamina D3, Vitamina B12."],"conservation":" Conservar en lugar fresco, seco y alejado de la luz. Conservar a temperatura no superior a 30°C.","ean":"8436048041927"},{"full_name":"NUTRISPORT Control Day barritas sustitutivas sabor yogur unidad 44 g","name":"Control Day barritas sustitutivas sabor yogur unidad 44 g","brand":"NUTRISPORT ","img":"https://sgfm.elcorteingles.es/SGFM//00/79/5/0120744400795/0120744400795000g01011.jpg","price":"1,39 €","price_unit":"(31,59 € / Kilo)","categories":["Supermercado","Dietéticos","Productos control de peso","Sustitutivos alimenticios","NUTRISPORT Control Day barritas sustitutivas sabor yogur unidad 44 g"],"general_information":[],"ingredients":[],"ean":"8424644401559"},{"full_name":"NUTRISPORT Control Day barritas sustitutivas y quemagrasa con L-Carnitina sabor galleta 2 unidades unidad 44 g","name":"Control Day barritas sustitutivas y quemagrasa con L-Carnitina sabor galleta 2 unidades unidad 44 g","brand":"NUTRISPORT ","img":"https://sgfm.elcorteingles.es/SGFM/dctm/MEDIA02/CONTENIDOS/201409/03/00120746802386____1__600x600.jpg","price":"1,39 €","price_unit":"(31,59 € / Kilo)","categories":["Supermercado","Dietéticos","Nutrición deportiva","Suplementos en barritas","NUTRISPORT Control Day barritas sustitutivas y quemagrasa con L-Carnitina sabor galleta 2 unidades unidad 44 g"],"general_information":[],"ingredients":[],"ean":"8424644000950"},{"full_name":"SPECIAL LINE Vientre Plano stick soluble sabor piña y limón estuche 12 sobres","name":"Vientre Plano stick soluble sabor piña y limón estuche 12 sobres","brand":"SPECIAL LINE ","img":"https://sgfm.elcorteingles.es/SGFM//00/25/9/0120744800259/0120744800259000g01011.jpg","price":"2,79 €","price_unit":"(232,50 € / Kilo)","categories":["Supermercado","Dietéticos","Productos control de peso","Infusiones y bebidas","SPECIAL LINE Vientre Plano stick soluble sabor piña y limón estuche 12 sobres"],"general_information":["Denominación del alimento: Complemento alimenticio soluble en polvo con edulcorante.","Nombre del operador: Elaborado para el Grupo El Corte Inglés\nHermosilla, 112 ? 28009 Madrid\nEspaña por NIF: B24537912","Cantidad Neta: 36 g"],"ingredients":[" Ingredientes: Fibra de achicoria (inulina) (62%), zumo de piña en polvo (9,3%), zumo de limón polvo (8,3%), coral en polvo (carbonato cálcico, carbonato magnésico) (6,7%), fermentos lácticos (5%), aromas, fibra de piña en polvo (3%), edulcorante (sucralosa). Puede contener trazas de crustáceos."],"conservation":" Conservar en lugar fresco y seco.\nDebido a la naturaleza de los ingredientes, el polvo puede apelmazarse o sufrir pequeñas variaciones de aspecto que no afectan a su calidad.","ean":"8433329035231"},{"full_name":"BICENTURY Adelgasitel infusión para eliminación de grasas envase 20 unidades","name":"Adelgasitel infusión para eliminación de grasas envase 20 unidades","brand":"BICENTURY ","img":"https://sgfm.elcorteingles.es/SGFM/dctm/MEDIA02/CONTENIDOS/201407/21/00120744500503____1__600x600.jpg","price":"2,59 €","price_unit":"(129,50 € / Kilo)","categories":["Supermercado","Dietéticos","Productos control de peso","Infusiones y bebidas","BICENTURY Adelgasitel infusión para eliminación de grasas envase 20 unidades"],"general_information":["Denominación del alimento: Té aromatizado con hierbabuena","País de origen: España","Nombre del operador: Biocentury S.L.U.","Dirección del operador: Ctra. N-II km 714. 17242 QUART-GIRONA","Cantidad Neta: 36 g","Otras menciones obligatorias en la etiqueta: Es importante seguir una dieta variada y equilibrada y un estilo de vida saludable. Se recomienda beber 2 L de agua al día. Este producto no debe utilizarse como sustituto de una dieta."],"ingredients":[" Té verde (Camellia sinensis) y té semifermentado (té rojo o oolong) (57%), hierbabuena ( Mentha crispa) (42%), anís (Pimpinella anisum). Elaborado en una fábrica que también utiliza: cereales que contienen gluten y sus derivados."],"conservation":" Conservar en un lugar fresco y seco.","ean":"8423207203692"},{"full_name":"BICENTURY Drenactive infusión ayuda a eliminar líquidos envase 20 bolsitas","name":"Drenactive infusión ayuda a eliminar líquidos envase 20 bolsitas","brand":"BICENTURY ","img":"https://sgfm.elcorteingles.es/SGFM/dctm/MEDIA03/201611/15/00120720803749____2__600x600.jpg","price":"2,59 €","price_unit":"(129,50 € / Kilo)","categories":["Supermercado","Dietéticos","Productos control de peso","Infusiones y bebidas","BICENTURY Drenactive infusión ayuda a eliminar líquidos envase 20 bolsitas"],"general_information":["Denominación del alimento: Infusión de 10 plantas con sabor a piña","País de origen: España","Nombre del operador: Biocentury S.L.U.","Dirección del operador: Ctra. N-II km 714. 17242 QUART-GIRONA","Cantidad Neta: 36 g","Número de raciones por envase: 20","Otras menciones obligatorias en la etiqueta: Es importante seguir una dieta variada y equilibrada y un estilo de vida saludable. Se recomienda beber 2 L de agua al día. Mantener fuera del alcance de los niños. Si está usted embarazada o si sufre alguna enfermedad, o toma algún medicamento, consulte con su médico. Este producto no debe utilizarse como sustituto de una dieta."],"ingredients":[" Plantas de infusión (97%) (cola de caballo, té verde, regaliz, menta, hierbabuena, anís, diente de león, té rojo, manzanilla, cola de cereza), aroma. Elaborado en una fábrica que también utiliza: cereales que contienen gluten y sus derivados."],"conservation":" Conservar en un lugar fresco y seco.","ean":"8423207204750"},{"full_name":"BICENTURY Infulax regulador intestinal envase 20 bolsitas","name":"Infulax regulador intestinal envase 20 bolsitas","brand":"BICENTURY ","img":"https://sgfm.elcorteingles.es/SGFM/dctm/MEDIA03/201611/15/00120744800176____1__600x600.jpg","price":"2,59 €","price_unit":"(0,13 € / Unidad)","categories":["Supermercado","Dietéticos","Productos control de peso","Infusiones y bebidas","BICENTURY Infulax regulador intestinal envase 20 bolsitas"],"general_information":["Denominación del alimento: Preparación aromatizada para infusiones a base de plantas con sabor a frutos rojos","País de origen: España","Nombre del operador: Biocentury S.L.U.","Dirección del operador: Ctra. N-II km 714. 17242 QUART-GIRONA","Cantidad Neta: 30 g","Número de raciones por envase: 20","Otras menciones obligatorias en la etiqueta: Es importante seguir una dieta variada y equilibrada y un estilo de vida saludable. Se recomienda beber 2 L de agua al día. Mantener fuera del alcance de los niños. Este producto no debe utilizarse como sustituto de una dieta.No tomar más de dos tazas al día. Precauciones de consumo? no tomar más de dos semanas seguidas sin consultar a su médico. No debe ser consumido por mujeres embarazadas, niños o personas con problemas intestinales."],"ingredients":[" Sen (Cassia angustifolia), hibisco (Hibiscus sabdariffa), aroma. Elaborado en una fábrica que también utiliza: cereales que contienen gluten y sus derivados."],"conservation":" Conservar en un lugar fresco y seco.","ean":"8423207204491"},{"full_name":"BICENTURY Plan 10 complemento para situaciones de control de peso 20 sobres estuche 128 g","name":"Plan 10 complemento para situaciones de control de peso 20 sobres estuche 128 g","brand":"BICENTURY ","img":"https://sgfm.elcorteingles.es/SGFM/dctm/MEDIA02/CONTENIDOS/201407/21/00120744500693____1__600x600.jpg","price":"5,95 €","price_unit":"(4,65 € / 100 gr.)","categories":["Supermercado","Dietéticos","Productos control de peso","Infusiones y bebidas","BICENTURY Plan 10 complemento para situaciones de control de peso 20 sobres estuche 128 g"],"general_information":["Denominación del alimento: Complemento alimenticio a base de té verde y diente de león con edulcorantes.","País de origen: España","Nombre del operador: Biocentury S.L.U.","Dirección del operador: Ctra. N-II km 714. 17242 QUART-GIRONA","Cantidad Neta: 84 g","Otras menciones obligatorias en la etiqueta: No se debe superar la dosis recomendada.Mantener fuera del alcance de los niños.Este producto no debe utilizarse como sustituto de una dieta equilibrada.Se recomienda beber 2 L de agua al día.Es importante seguir una dieta variada y equilibrada y un estilo de vida saludable."],"ingredients":[" Correctores de la acidez (ácido cítrico,bicarbonato sódico), aroma , extracto de diente de león, colorante? caramelo, extracto de té verde, edulcorantes (ciclamato sódico, sacarina sódica). Elaborado en una fábrica que también utiliza: leche y sus derivados."],"conservation":" Conservar en un lugar fresco, seco y protegido de la luz.","ean":"8423207205641"},{"full_name":"BICENTURY Plan 10 celulitis complemento para control de peso estuche 70 g","name":"Plan 10 celulitis complemento para control de peso estuche 70 g","brand":"BICENTURY ","img":"https://sgfm.elcorteingles.es/SGFM/dctm/MEDIA03/201611/15/00120744500792____1__600x600.jpg","price":"1,00 €","price_unit":"(14,29 € / Kilo)","categories":["Supermercado","Dietéticos","Productos control de peso","Infusiones y bebidas","BICENTURY Plan 10 celulitis complemento para control de peso estuche 70 g"],"general_information":["Denominación del alimento: Complemento alimenticio a base de té verde y semilla de uva con edulcorantes. Enriquecido en zinc y vitamina C.","País de origen: España","Nombre del operador: Biocentury S.L.U.","Dirección del operador: Ctra. N-II km 714. 17242 QUART-GIRONA","Cantidad Neta: 70 g","Otras menciones obligatorias en la etiqueta: No se debe superar la dosis diaria recomendada. Es importante seguir una dieta variada y equilibrada y un estilo de vida saludable. Este producto no debe utilizarse como sustituto de una dieta equilibrada. Se recomienda beber 2 L de agua al día. Mantener fuera del alcance de los niños."],"ingredients":[" Acidulante: ácido cítrico, bicarbonato sódico, extracto de té verde (15%), limón deshidratado (zumo de limón, maltodextrina),  edulcorantes (ciclamato sódico, sacarina sódica), extracto de semilla de uva (3%),  aromas, vitamina C, colorante: betacaroteno, acetato de zinc. Elaborado en una fábrica que también utiliza: leche y sus derivados."],"conservation":" Conservar en un lugar fresco, seco y protegido de la luz.","ean":"8423207206303"},{"full_name":"GERBLE Gerlax infusión laxante envase 20 bolsitas","name":"Gerlax infusión laxante envase 20 bolsitas","brand":"GERBLE ","img":"https://sgfm.elcorteingles.es/SGFM/dctm/MEDIA03/201702/10/00120744800051____1__600x600.jpg","price":"2,79 €","price_unit":"(0,14 € / Dosis)","categories":["Supermercado","Dietéticos","Productos control de peso","Infusiones y bebidas","GERBLE Gerlax infusión laxante envase 20 bolsitas"],"general_information":["Denominación del alimento: Complemento alimenticio a base de sen, menta y anís verde","Nombre del operador: Nutrition & Santé Iberia, S.L.","Dirección del operador: c/ Jesús Serra i Santamans, nº 4 - 1ª planta. 08174 Sant Cugat del Vallés - Barcelona","Cantidad Neta: 30 g","Número de raciones por envase: 20"],"ingredients":[" Ingredientes (por dosis diaria = 1 bolsita): Sen (Cassia angustifolia Valh., hojas) (1.04g), Menta (hojas Mentha piperita L. hojas) (0,3g), Anís verde (Pimpinella anisum L., frutos) (0,15g), aroma de menta."],"conservation":" Mantener en lugar fresco y seco.","ean":"8414200809035"},{"full_name":"PLANTASUL infusión para el control de peso envase 25 unidades","name":"infusión para el control de peso envase 25 unidades","brand":"PLANTASUL ","img":"https://sgfm.elcorteingles.es/SGFM//00/09/3/0120744800093/0120744800093000g01011.jpg","price":"4,51 €","price_unit":"(180,40 € / Kilo)","categories":["Supermercado","Dietéticos","Productos control de peso","Infusiones y bebidas","PLANTASUL infusión para el control de peso envase 25 unidades"],"general_information":[],"ingredients":[],"ean":"8413500510252"},{"full_name":"PLANTASUL infusión para el control de peso envase 10 unidades","name":"infusión para el control de peso envase 10 unidades","brand":"PLANTASUL ","price":"2,09 €","price_unit":"(209 € / Kilo)","categories":["Supermercado","Dietéticos","Productos control de peso","Infusiones y bebidas","PLANTASUL infusión para el control de peso envase 10 unidades"],"general_information":[],"ingredients":[],"ean":"8413500510108"},{"full_name":"SHIP té de hierbas naturales cuida la línea estuche 25 unidades","name":"té de hierbas naturales cuida la línea estuche 25 unidades","brand":"SHIP ","img":"https://sgfm.elcorteingles.es/SGFM//00/14/3/0120744800143/0120744800143000g01011.jpg","price":"1,85 €","price_unit":"(0,07 € / Unidad)","categories":["Supermercado","Dietéticos","Productos control de peso","Infusiones y bebidas","SHIP té de hierbas naturales cuida la línea estuche 25 unidades"],"general_information":[],"ingredients":[],"ean":"8412680017001"},{"full_name":"SPECIAL LINE Chitosán dificulta la absorción de las grasas 100 cápsulas envase 50 g","name":"Chitosán dificulta la absorción de las grasas 100 cápsulas envase 50 g","brand":"SPECIAL LINE ","img":"https://sgfm.elcorteingles.es/SGFM/dctm/MEDIA03/201609/16/00120744501451____1__600x600.jpg","price":"5,95 €","price_unit":"(11,90 € / 100 gr.)","categories":["Supermercado","Dietéticos","Productos control de peso","Quemagrasas","SPECIAL LINE Chitosán dificulta la absorción de las grasas 100 cápsulas envase 50 g"],"general_information":["Denominación del alimento: Complemento alimenticio.","Nombre del operador: Elaborado para el Grupo El Corte Ingles \nHermosilla, 112 \n28009 Madrid - España \npor CIF: B78966942","Cantidad Neta: 50 g"],"ingredients":[" Ingredientes: Chitosan (contiene crustáceos) (354 mg), vitamina C (ácido L-ascórbico) (9,3 mg), inulina, fibra de bambú (Bambusa bambos (L.) Voss, tallo) y estabilizante (E470b). Con cápsula de gelatina."],"conservation":" Mantener en lugar fresco y seco.","ean":"8433329030717"},{"full_name":"BIMANAN Línea Total Silueta comprimidos para eliminar grasas tonificar y modelar envase 28,8 g","name":"Línea Total Silueta comprimidos para eliminar grasas tonificar y modelar envase 28,8 g","brand":"BIMANAN ","img":"https://sgfm.elcorteingles.es/SGFM/00/73/1/0200344500731/0200344500731000g01011.jpg","price":"6,95 €","price_unit":"(2,41 € / 100 gr.)","categories":["Supermercado","Dietéticos","Productos control de peso","Quemagrasas","BIMANAN Línea Total Silueta comprimidos para eliminar grasas tonificar y modelar envase 28,8 g"],"general_information":["Denominación del alimento: Complemento alimenticio a base de extractos de cola de caballo, abedul y citrus aurantium","Nombre del operador: Nutrition & Santé Iberia, S.L.","Dirección del operador: Paseo de Gracia, nº 11 , Escalera B, 1ª planta. 08007 Barcelona","Cantidad Neta: 16.2 g","Número de raciones por envase: 36"],"ingredients":[" Ingredientes por dosis diaria = 2 cápsulas. Extracto seco de citrus (Citrus aurantium L. corteza) 6% sinefrina: 200 mg (12 mg sinefrina), extracto seco de Cola de caballo 5:1 (Equisetum arvense, L. tallo): 160 mg, extracto seco de Abedul 4:1 (Betula pendula L., hojas): 160 mg, agente de carga: celulosa microcristalinas, antiaglomerantes: sales magnésicas de ácidos grasos y dióxido de silicio. Cápsula: gelatina y colorante: dióxido de titanio."],"conservation":" Conservar en un lugar fresco y seco","ean":"3175681030237"},{"full_name":"BIMANAN Línea Quemar Grasas sabor mango acción anti grasas acumuladas botella 332 g","name":"Línea Quemar Grasas sabor mango acción anti grasas acumuladas botella 332 g","brand":"BIMANAN ","img":"https://sgfm.elcorteingles.es/SGFM//00/39/3/0120744200393/0120744200393000g01011.jpg","price":"5,45 €","price_unit":"(16,42 € / Kilo)","categories":["Supermercado","Dietéticos","Productos control de peso","Quemagrasas","BIMANAN Línea Quemar Grasas sabor mango acción anti grasas acumuladas botella 332 g"],"general_information":["Denominación del alimento: Complemento alimenticio a base de plantas con edulcorante","Nombre del operador: Nutrition & Santé Iberia, S.L.","Dirección del operador: Paseo de Gracia, nº 11 , Escalera B, 1ª planta. 08007 Barcelona","Cantidad Neta: 300 Mililitros","Número de raciones por envase: 7","Otras menciones obligatorias en la etiqueta: Con edulcorante. Contiene cafeína: 22,6 mg/40 ml (56,5 mg/100 ml). No recomendado para niños ni mujeres embarazadas o en periodo de lactancia."],"ingredients":[" Ingredientes por dosis diaria de 40 ml: Agua, zumo concentrado de mango (4.3g), zumo concentrado de fruta de la pasión (1,6g) a base de concentrados, extractos secos de Yerba Mate (Ilex paraguariensis A.St.-Hil., hoja): 172 mg (equivalente a 1200 mg de planta seca ), y guaraná (Paulina cupana Kurth, semillas): 80 mg (equivalente a 800 mg de planta seca), (soporte: maltodrextrina, sílice) aromas naturales, acidulante: ácido cítrico, conservador: sorbato potásico, cafeína, edulcorante: sucralosa. Puede contener trazas de leche, soja, pescado, apio, cacahuetes, sulfitos y frutos de cáscara."],"conservation":" Conservar en lugar fresco y seco","ean":"3175681145078"},{"full_name":"BIMANAN Línea Celulitis sabor pomelo y arándanos botella 332 g","name":"Línea Celulitis sabor pomelo y arándanos botella 332 g","brand":"BIMANAN ","img":"https://sgfm.elcorteingles.es/SGFM//00/40/1/0120744200401/0120744200401000g01011.jpg","price":"5,40 €","price_unit":"(5.400 € / Kilo)","categories":["Supermercado","Dietéticos","Productos control de peso","Quemagrasas","BIMANAN Línea Celulitis sabor pomelo y arándanos botella 332 g"],"general_information":["Denominación del alimento: Complemento alimenticio a base de plantas con edulcorante","Nombre del operador: Nutrition & Santé Iberia, S.L.","Dirección del operador: Paseo de Gracia, nº 11 , Escalera B, 1ª planta. 08007 Barcelona","Cantidad Neta: 300 Mililitros","Número de raciones por envase: 7","Otras menciones obligatorias en la etiqueta: Con edulcorante"],"ingredients":[" Ingredientes por dosis diaria de 40 ml: Agua, zumo concentrado de pomelo rosa: 2,5%, zumo concentrado de arándano rojo:1%, extracto seco de rabillos de cereza (Prunus cerasus ,L, pedúnculos): 87 mg (equivalente a 1000 mg de planta seca ), aromas naturales, extracto seco de marc de raisin (Vitis vinifera L.,hollejo): 70mg (equivalente a 1000 mg de planta seca), acidulante: ácido cítrico, conservador: sorbato potásico, edulcorante: sucralosa. Puede contener trazas de leche, pescado, apio, cacahuetes, sulfitos y frutos de cáscara."],"conservation":" Conservar en lugar fresco y seco","ean":"3175681145054"},{"full_name":"SANTIVERI lipid complex omega 3.6.9. perlas envase 96 g","name":"lipid complex omega 3.6.9. perlas envase 96 g","brand":"SANTIVERI ","img":"https://sgfm.elcorteingles.es/SGFM/02/13/9/0120737402139/0120737402139000g01011.jpg","price":"19,45 €","price_unit":"(20,26 € / 100 gr.)","categories":["Supermercado","Dietéticos","Productos control de peso","Quemagrasas","SANTIVERI lipid complex omega 3.6.9. perlas envase 96 g"],"general_information":["Denominación del alimento: LIPID COMPLEX perlas. COMPLEMENTO A","Nombre del operador: CASA SANTIVERI S.L.","Dirección del operador: ENCUNY 8, 08038 BARCELONA","Cantidad Neta: 87 g"],"ingredients":[" ACEITES DE/DHA/EPA DE PESCADO (32,2%), aceite de onagra (32,2%), gelatina, glicerina, aceite de oliva (7,1%), vitamina e (acetato de dl-alfatocoferilo)"],"ean":"8412170011083"},{"full_name":"SANTIVERI Dietabelt L-Carnitina líquida envase 100 g","name":"Dietabelt L-Carnitina líquida envase 100 g","brand":"SANTIVERI ","img":"https://sgfm.elcorteingles.es/SGFM//00/04/6/0120747100046/0120747100046000g01011.jpg","price":"21,95 €","price_unit":"(21,95 € / 100 gr.)","categories":["Supermercado","Dietéticos","Productos control de peso","Quemagrasas","SANTIVERI Dietabelt L-Carnitina líquida envase 100 g"],"general_information":[],"ingredients":[],"ean":"8412170020016"},{"full_name":"SANTIVERI Dietabelt L-Carnitina 1500 mg y zinc estuche 100 ml","name":"Dietabelt L-Carnitina 1500 mg y zinc estuche 100 ml","brand":"SANTIVERI ","img":"https://sgfm.elcorteingles.es/SGFM/dctm/MEDIA03/201704/20/00120744501675____1__600x600.jpg","price":"22,95 €","price_unit":"(229,50 € / Litro)","categories":["Supermercado","Dietéticos","Productos control de peso","Quemagrasas","SANTIVERI Dietabelt L-Carnitina 1500 mg y zinc estuche 100 ml"],"general_information":[],"ingredients":[],"ean":"8412170037700"},{"full_name":"SANTIVERI Dietabelt mango africano en cápsulas mejora el rendimiento de tu dieta envase 30 g","name":"Dietabelt mango africano en cápsulas mejora el rendimiento de tu dieta envase 30 g","brand":"SANTIVERI ","img":"https://sgfm.elcorteingles.es/SGFM/00/01/6/0120744500016/0120744500016000g01011.jpg","price":"16,95 €","price_unit":"(56,50 € / 100 gr.)","categories":["Supermercado","Dietéticos","Productos control de peso","Quemagrasas","SANTIVERI Dietabelt mango africano en cápsulas mejora el rendimiento de tu dieta envase 30 g"],"general_information":[],"ingredients":[],"ean":"8412170031098"},{"full_name":"SANTIVERI Dietabelt Slimaluma facilita el metabolismo de las grasas 40 cápsulas envase 18 g","name":"Dietabelt Slimaluma facilita el metabolismo de las grasas 40 cápsulas envase 18 g","brand":"SANTIVERI ","img":"https://sgfm.elcorteingles.es/SGFM/00/04/0/0120744500040/0120744500040000g01011.jpg","price":"20,95 €","price_unit":"(116,39 € / 100 gr.)","categories":["Supermercado","Dietéticos","Productos control de peso","Quemagrasas","SANTIVERI Dietabelt Slimaluma facilita el metabolismo de las grasas 40 cápsulas envase 18 g"],"general_information":["Denominación del alimento: Complemento alimenticio a base de s","Nombre del operador: CASA SANTIVERI S.L.","Dirección del operador: ENCUNY 8, 08038 BARCELONA","Cantidad Neta: 18 g"],"ingredients":[" slimaluma (extracto caralluma y glicósidos) (74%), gelatina vegetal, lactato de zinc, maltodextrina, óxido de silicio (antiaglomerante), estearato de magnesio (antiaglomerante)"],"ean":"8412170031050"},{"full_name":"SANTIVERI Dietabelt Redu Express contribuye a reducir el volumen de grasa estuche 240 g","name":"Dietabelt Redu Express contribuye a reducir el volumen de grasa estuche 240 g","brand":"SANTIVERI ","img":"https://sgfm.elcorteingles.es/SGFM/dctm/MEDIA03/201611/25/00120748704341____1__600x600.jpg","price":"15,60 €","price_unit":"(6,50 € / 100 gr.)","categories":["Supermercado","Dietéticos","Productos control de peso","Quemagrasas","SANTIVERI Dietabelt Redu Express contribuye a reducir el volumen de grasa estuche 240 g"],"general_information":[],"ingredients":[],"ean":"8412170035096"},{"full_name":"SANTIVERI Dietabelt chitosan con alto contenido en fibra envase 60 cápsulas","name":"Dietabelt chitosan con alto contenido en fibra envase 60 cápsulas","brand":"SANTIVERI ","img":"https://sgfm.elcorteingles.es/SGFM/dctm/MEDIA02/CONTENIDOS/201411/14/00120744500123____1__600x600.jpg","price":"10,95 €","price_unit":"(182,50 € / Kilo)","categories":["Supermercado","Dietéticos","Productos control de peso","Quemagrasas","SANTIVERI Dietabelt chitosan con alto contenido en fibra envase 60 cápsulas"],"general_information":[],"ingredients":[],"ean":"8412170012455"},{"full_name":"SANTIVERI Dietabelt Thermofat mejora el rendimiento de tu dieta frasco 240 ml","name":"Dietabelt Thermofat mejora el rendimiento de tu dieta frasco 240 ml","brand":"SANTIVERI ","img":"https://sgfm.elcorteingles.es/SGFM/dctm/MEDIA03/201709/27/00120744501691____1__600x600.jpg","price":"15,95 €","categories":["Supermercado","Dietéticos","Productos control de peso","Quemagrasas","SANTIVERI Dietabelt Thermofat mejora el rendimiento de tu dieta frasco 240 ml"],"general_information":[],"ingredients":[],"ean":"8412170036871"},{"full_name":"SANTIVERI Dietabelt ReduExpress jarabe contribuye al control de peso frasco 240 ml","name":"Dietabelt ReduExpress jarabe contribuye al control de peso frasco 240 ml","brand":"SANTIVERI ","img":"https://sgfm.elcorteingles.es/SGFM/dctm/MEDIA03/201709/27/00120744501683____1__600x600.jpg","price":"16,50 €","categories":["Supermercado","Dietéticos","Productos control de peso","Quemagrasas","SANTIVERI Dietabelt ReduExpress jarabe contribuye al control de peso frasco 240 ml"],"general_information":[],"ingredients":[],"ean":"8412170037717"},{"full_name":"SANTIVERI Thermo Quema con te verde, rojo, nuez de cola y mate estuche 24 g","name":"Thermo Quema con te verde, rojo, nuez de cola y mate estuche 24 g","brand":"SANTIVERI ","img":"https://sgfm.elcorteingles.es/SGFM/dctm/MEDIA03/201704/20/00120744501592____1__600x600.jpg","price":"15,95 €","price_unit":"(664,58 € / Kilo)","categories":["Supermercado","Dietéticos","Productos control de peso","Quemagrasas","SANTIVERI Thermo Quema con te verde, rojo, nuez de cola y mate estuche 24 g"],"general_information":[],"ingredients":[],"ean":"8412170037724"},{"full_name":"CORPORE DIET Captagras chitosán 100% vegetal ayuda a reducir la absorción de las grasas 60 cápsulas bote 85 g","name":"Captagras chitosán 100% vegetal ayuda a reducir la absorción de las grasas 60 cápsulas bote 85 g","brand":"CORPORE DIET ","img":"https://sgfm.elcorteingles.es/SGFM/dctm/MEDIA02/CONTENIDOS/201602/01/00120744501485____1__600x600.jpg","price":"16,75 €","categories":["Supermercado","Dietéticos","Productos control de peso","Quemagrasas","CORPORE DIET Captagras chitosán 100% vegetal ayuda a reducir la absorción de las grasas 60 cápsulas bote 85 g"],"general_information":[],"ingredients":[],"ean":"8437012193413"},{"full_name":"CORPORE DIET Dormigrás quemagrasa acción noche 60 cápsulas envase 23 g","name":"Dormigrás quemagrasa acción noche 60 cápsulas envase 23 g","brand":"CORPORE DIET ","img":"https://sgfm.elcorteingles.es/SGFM/01/12/1/0120744501121/0120744501121000g01011.jpg","price":"12,95 €","price_unit":"(31,20 € / 100 gr.)","categories":["Supermercado","Dietéticos","Productos control de peso","Quemagrasas","CORPORE DIET Dormigrás quemagrasa acción noche 60 cápsulas envase 23 g"],"general_information":["Denominación del alimento: Complemento alimenticio","Nombre del operador: WorldNut Nutricosmética Natural S.L.U.","Dirección del operador: C/ Grècia nº 3 (Pol. Ind. Recinte Firal) 17600 - Figueres (Girona)","Lugar de procedencia del alimento: Producido en la UE.","Cantidad Neta: 23.40 g","Número de raciones por envase: 60","Otras menciones obligatorias en la etiqueta: Los complementos alimenticios no deben utilizarse como sustitutos de una dieta variada y equilibrada ni de un modo de vida sano. No superar la dosis diaria expresamente recomendada. Mantener fuera del alcance de los niños. En caso de embarazo consulte con su médico antes de iniciar la toma del producto."],"ingredients":[" Por cápsula: L-Carnitina (110 mg), L-Arginina (75 mg), L-Glutamina (75 mg), L-Metionina (75 mg), Vitamina B6 (0.7 mg), Vitamina B12 (0.0013 mg), Óxido de Zinc (2.5 mg), Valeriana extracto seco (2.5 mg), Sipernat, Talco, Estearato de Magnesio, Gelatina."],"conservation":" Conservar en un lugar fresco y seco, protegido de la luz solar.","ean":"8437012193185"},{"full_name":"CORPORE DIET cetona de frambuesas activador quemagrasas 60 cápsulas envase 41,5 g","name":"cetona de frambuesas activador quemagrasas 60 cápsulas envase 41,5 g","brand":"CORPORE DIET ","img":"https://sgfm.elcorteingles.es/SGFM/01/13/9/0120744501139/0120744501139000g01011.jpg","price":"10,40 €","price_unit":"(25,06 € / 100 gr.)","categories":["Supermercado","Dietéticos","Productos control de peso","Quemagrasas","CORPORE DIET cetona de frambuesas activador quemagrasas 60 cápsulas envase 41,5 g"],"general_information":["Denominación del alimento: Complemento alimenticio","Nombre del operador: WorldNut Nutricosmética Natural S.L.U.","Dirección del operador: C/ Grècia nº 3 (Pol. Ind. Recinte Firal) 17600 - Figueres (Girona)","Lugar de procedencia del alimento: Producido en la UE.","Cantidad Neta: 23.70 g","Número de raciones por envase: 60","Otras menciones obligatorias en la etiqueta: Los complementos alimenticios no deben utilizarse como sustitutos de una dieta variada y equilibrada ni de un modo de vida sano. No superar la dosis diaria expresamente recomendada. Mantener fuera del alcance de los niños. En caso de embarazo consulte con su médico antes de iniciar la toma del producto."],"ingredients":[" Por cápsula: Cetona de frambuesa polvo (350mg), Camilina (31mg), Irvingia gabonensis extracto seco (5mg), Picolinato de cromo (0.1612mg), Sipernat, Estearato de Magnesio, Gelatina."],"conservation":" Conservar en un lugar fresco y seco, protegido de la luz solar directa.","ean":"8437012193192"},{"full_name":"CORPORE DIET perlas de CLA moldea y tonifica 60 unidades envase 41,5 g","name":"perlas de CLA moldea y tonifica 60 unidades envase 41,5 g","brand":"CORPORE DIET ","img":"https://sgfm.elcorteingles.es/SGFM/00/75/0/0120744500750/0120744500750000g01011.jpg","price":"13,95 €","price_unit":"(33,61 € / 100 gr.)","categories":["Supermercado","Dietéticos","Productos control de peso","Quemagrasas","CORPORE DIET perlas de CLA moldea y tonifica 60 unidades envase 41,5 g"],"general_information":["Denominación del alimento: Complemento alimenticio","Nombre del operador: WorldNut Nutricosmética Natural S.L.U.","Dirección del operador: C/ Grècia nº 3 (Pol. Ind. Recinte Firal) 17600 - Figueres (Girona)","Lugar de procedencia del alimento: Producido en la UE.","Cantidad Neta: 41.5 g","Número de raciones por envase: 60","Otras menciones obligatorias en la etiqueta: Los complementos alimenticios no deben utilizarse como sustitutos de una dieta variada y equilibrada ni de un modo de vida sano. No superar la dosis diaria expresamente recomendada. Mantener fuera del alcance de los niños. En caso de embarazo consulte con su médico antes de iniciar la toma del producto."],"ingredients":[" Por perla: CLA Clarinol A-80 (500 mg). Glicerina y Glicerol."],"conservation":" El Clarinol A-80 es estable durante al menos los 36 meses siguientes a su fecha de fabricación si se mantiene almacenado en un lugar seco a temperaturas de entre 15-25°C (59-77°F), lejos de olores fuertes y de la luz solar directa. Evitar el calentamiento.  Se deben tomar las precauciones habituales de seguridad siempre que se manipulen las perlas de Clarinol A-80.","ean":"8437012193079"},{"full_name":"CORPORE DIET café verde activador quemagrasas envase 60 cápsulas","name":"café verde activador quemagrasas envase 60 cápsulas","brand":"CORPORE DIET ","img":"https://sgfm.elcorteingles.es/SGFM/dctm/MEDIA02/CONTENIDOS/201409/03/00200344501283____1__600x600.jpg","price":"15,55 €","price_unit":"(59,58 € / 100 gr.)","categories":["Supermercado","Dietéticos","Productos control de peso","Quemagrasas","CORPORE DIET café verde activador quemagrasas envase 60 cápsulas"],"general_information":["Denominación del alimento: Complemento alimenticio","Nombre del operador: WorldNut Nutricosmética Natural S.L.U.","Dirección del operador: C/ Grècia nº 3 (Pol. Ind. Recinte Firal) 17600 - Figueres (Girona)","Lugar de procedencia del alimento: Producido en la UE.","Cantidad Neta: 26.10 g","Número de raciones por envase: 60","Otras menciones obligatorias en la etiqueta: Los complementos alimenticios no deben utilizarse como sustitutos de una dieta variada y equilibrada ni de un modo de vida sano. No superar la dosis diaria expresamente recomendada. Mantener fuera del alcance de los niños. En caso de embarazo consulte con su médico antes de iniciar la toma del producto."],"ingredients":[" Por cápsula: Café verde (Coffea arabica L.) 330 mg. Gelatina (envoltura) y Estearato de magnesio (antiaglomerante). Contiene 3% de cafeína (9.9 mg por cápsula)."],"conservation":" Conservar en un lugar fresco y seco, protegido de la luz solar directa.","ean":"8437012193239"},{"full_name":"CORPORE DIET Garcinia Cambogia activador de grasas acumuladas caja 71 g","name":"Garcinia Cambogia activador de grasas acumuladas caja 71 g","brand":"CORPORE DIET ","img":"https://sgfm.elcorteingles.es/SGFM/dctm/MEDIA02/CONTENIDOS/201410/03/00120744501352____1__600x600.jpg","price":"13,90 €","price_unit":"(19,58 € / 100 gr.)","categories":["Supermercado","Dietéticos","Productos control de peso","Quemagrasas","CORPORE DIET Garcinia Cambogia activador de grasas acumuladas caja 71 g"],"general_information":["Denominación del alimento: Complemento alimenticio","Nombre del operador: WorldNut Nutricosmética Natural S.L.U.","Dirección del operador: C/ Grècia nº 3 (Pol. Ind. Recinte Firal) 17600 - Figueres (Girona)","Lugar de procedencia del alimento: Producido en la UE.","Cantidad Neta: 30.6 g","Número de raciones por envase: 60","Otras menciones obligatorias en la etiqueta: Los complementos alimenticios no deben utilizarse como sustitutos de una dieta variada y equilibrada ni de un modo de vida sano. No superar la dosis diaria expresamente recomendada. Mantener fuera del alcance de los niños. En caso de embarazo consulte con su médico antes de iniciar la toma del producto."],"ingredients":[" Por cápsula: Extracto seco de Garcinia Cambogia (500 mg). Antiaglomerante: Estearato de Magnesio (10 mg). Cápsula: Gelatina (100 mg)."],"conservation":" Conservar en un lugar fresco y seco, protegido de la luz solar directa.","ean":"8437012193246"},{"full_name":"BICENTURY Devoragras galletas con frutos rojos 6 paquetes individuales estuche 160 g","name":"Devoragras galletas con frutos rojos 6 paquetes individuales estuche 160 g","brand":"BICENTURY ","img":"https://sgfm.elcorteingles.es/SGFM/dctm/MEDIA02/CONTENIDOS/201409/03/00120744300250____2__600x600.jpg","price":"2,19 €","price_unit":"(13,69 € / Kilo)","categories":["Supermercado","Dietéticos","Productos control de peso","Quemagrasas","BICENTURY Devoragras galletas con frutos rojos 6 paquetes individuales estuche 160 g"],"general_information":["Denominación del alimento: Galletas con arándanos rojos","País de origen: España","Nombre del operador: Biocentury S.L.U.","Dirección del operador: Ctra. N-II km 714. 17242 QUART-GIRONA","Cantidad Neta: 160 g","Otras menciones obligatorias en la etiqueta: Es importante seguir una dieta variada y equilibrada y un estilo de vida saludable. Se recomienda beber 2 L de agua al día."],"ingredients":[" Harina de trigo, grasa vegetal (antioxidantes: extracto rico en tocoferol, palmitato de ascorbilo), azúcar, arándanos rojos (9%), Devoragras® (7%) (fibras alimentarias: oligofructosa y fibra de avena, extracto de Camellia Sinensis (té verde) (10%)), jarabe de glucosa, sal, gasificantes (bicarbonato sódico, fosfato ácido sódico, citrato tripotásico), emulgente: lecitina de soja, aroma. Elaborado en una fábrica que también utiliza: soja, leche, frutos de cáscara y derivados de los mismos."],"conservation":" Conservar en un lugar fresco y seco.","ean":"8423207206471"},{"full_name":"BICENTURY Devoragras galletas de yogur al limón ricas en calcio y fibra envase 168 g","name":"Devoragras galletas de yogur al limón ricas en calcio y fibra envase 168 g","brand":"BICENTURY ","img":"https://sgfm.elcorteingles.es/SGFM/dctm/MEDIA02/CONTENIDOS/201409/03/00200344300199____2__600x600.jpg","price":"2,19 €","price_unit":"(13,69 € / Kilo)","categories":["Supermercado","Dietéticos","Productos control de peso","Quemagrasas","BICENTURY Devoragras galletas de yogur al limón ricas en calcio y fibra envase 168 g"],"general_information":["Denominación del alimento: Galletas sabor yogur con limón","País de origen: España","Nombre del operador: Biocentury S.L.U.","Dirección del operador: Ctra. N-II km 714. 17242 QUART-GIRONA","Cantidad Neta: 160 g","Otras menciones obligatorias en la etiqueta: Es importante seguir una dieta variada y equilibrada y un estilo de vida saludable. Se recomienda beber 2 L de agua al día."],"ingredients":[" Harina de trigo, aceites y grasas vegetales ((girasol, palma y coco en proporción variable) (antioxidantes: extracto rico en tocoferol, palmitato de ascorbilo)), azúcar, fibras alimentarias (fibra de avena y inulina), piel de limón escarchada (5%) (piel de limón, azúcar, jarabe de glucosa y fructosa, acidulante: ácido cítrico), aromas (contienen lactosa), jarabe de glucosa, extracto de Camellia sinensis (té verde) (1%), gasificantes (bicarbonato sódico, fosfato ácido sódico, citrato tripotásico), acidulantes (ácido láctico, ácido cítrico), sal, emulgente: lecitina de soja. Contiene cereales que contienen gluten, soja, leche y derivados de los mismos. Puede contener trazas de frutos de cáscara y sus derivados"],"conservation":" Conservar en un lugar fresco y seco.","ean":"8423207200875"},{"full_name":"BICENTURY Devoragras galletas de yogur y chocolate envase 160 g","name":"Devoragras galletas de yogur y chocolate envase 160 g","brand":"BICENTURY ","img":"https://sgfm.elcorteingles.es/SGFM/dctm/MEDIA02/CONTENIDOS/201409/03/00120744300060____3__600x600.jpg","price":"2,19 €","price_unit":"(13,69 € / Kilo)","categories":["Supermercado","Dietéticos","Productos control de peso","Quemagrasas","BICENTURY Devoragras galletas de yogur y chocolate envase 160 g"],"general_information":["Denominación del alimento: Galletas sabor yogur con chips de chocolate","País de origen: España","Nombre del operador: Biocentury S.L.U.","Dirección del operador: Ctra. N-II km 714. 17242 QUART-GIRONA","Cantidad Neta: 160 g","Otras menciones obligatorias en la etiqueta: Es importante seguir una dieta variada y equilibrada y un estilo de vida saludable. Se recomienda beber 2 L de agua al día."],"ingredients":[" Harina de trigo, aceites y grasas vegetales ((girasol, palma y coco en proporción variable) (antioxidantes? extracto rico en tocoferol, palmitato de ascorbilo)), azúcar, chips de chocolate (5%) (azúcar, pasta de cacao, manteca de cacao, emulgente: lecitina de soja, aromas), aromas (contiene lactosa), fibra alimentaria: inulina, jarabe de glucosa, gasificantes (bicarbonato sódico, fosfato ácido sódico, citrato tripotásico), extracto de Camellia sinensis (té verde)(1%)), acidulantes (ácido láctico, ácido cítrico), colorante: caramelo, sal, emulgente: lecitina de soja. Contiene cereales que contienen gluten, soja, leche y derivados de los mismos. Puede contener trazas de frutos de cáscara y sus derivados"],"conservation":" Conservar en lugar fresco y seco.","ean":"8423207203111"},{"full_name":"BICENTURY Devoragras galletas multivitaminadas de naranja y chocolate ricas en calcio y fibra estuche 160 g","name":"Devoragras galletas multivitaminadas de naranja y chocolate ricas en calcio y fibra estuche 160 g","brand":"BICENTURY ","img":"https://sgfm.elcorteingles.es/SGFM/dctm/MEDIA02/CONTENIDOS/201409/03/00120744300185____2__600x600.jpg","price":"2,19 €","price_unit":"(13,69 € / Kilo)","categories":["Supermercado","Dietéticos","Productos control de peso","Quemagrasas","BICENTURY Devoragras galletas multivitaminadas de naranja y chocolate ricas en calcio y fibra estuche 160 g"],"general_information":["Denominación del alimento: Galletas con naranja y chocolate","País de origen: España","Nombre del operador: Biocentury S.L.U.","Dirección del operador: Ctra. N-II km 714. 17242 QUART-GIRONA","Cantidad Neta: 160 g","Otras menciones obligatorias en la etiqueta: Es importante seguir una dieta variada y equilibrada y un estilo de vida saludable. Se recomienda beber 2 L de agua al día."],"ingredients":[" Harina de trigo, aceites y grasas vegetales ((girasol, palma y coco en proporción variable) (antioxidantes: extracto rico en tocoferol, palmitato de ascorbilo)), azúcar, fibras alimentarias (inulina, fibra de avena), chips de chocolate (4%) (azúcar, pasta de cacao, manteca de cacao, emulgente: lecitina de soja, aromas), copos de naranja (4%) (azúcar, pulpa de naranja (30%), manzana, dextrosa, fibra de piña, espesantes (E401, E341ii), corrector de la acidez: ácido cítrico, aroma), jarabe de glucosa, aromas, extracto de Camellia sinensis (té verde) (1%),  emulgente: lecitina de soja, sal, gasificantes (bicarbonato sódico, fosfato ácido sódico, citrato tripotásico). Contiene cereales que contienen gluten, soja y derivados de los mismos. Puede contener trazas de leche, frutos de cáscara y derivados de los mismos."],"conservation":" Conservar en un lugar fresco y seco.","ean":"8423207200882"},{"full_name":"INTEGRALIA Blocker bloqueador de grasa con chitosán gimnema y opuntia envase 60 cápsulas","name":"Blocker bloqueador de grasa con chitosán gimnema y opuntia envase 60 cápsulas","brand":"INTEGRALIA ","img":"https://sgfm.elcorteingles.es/SGFM/dctm/MEDIA03/201603/21/00120744501543____1__600x600.jpg","price":"15,35 €","categories":["Supermercado","Dietéticos","Productos control de peso","Quemagrasas","INTEGRALIA Blocker bloqueador de grasa con chitosán gimnema y opuntia envase 60 cápsulas"],"general_information":["Denominación del alimento: Complemento alimenticio","Nombre del operador: General Dietetica S.L.","Dirección del operador: C/ Encuny, 2 08038 Barcelona (España).","Cantidad Neta: 36 g","Otras menciones obligatorias en la etiqueta: No superar la dosis recomendada. Los complementos alimenticios no sustituyen una dieta variada, equilibrada y un estilo de vida saludable. Mantener fuera del alcance de los niños más pequeños."],"ingredients":[" Chitosan (derivado de crustaceos), cubieta (gelatina), agente de carga (celulosa) , extracto de gimnema, antiaglomertantes (magnesio estereato y dióxido de silicio), sulfato de zinc y sulfato de cromo"],"conservation":" Conservar en lugar fresco, seco y al amparo de la luz.","ean":"8436000543872"},{"full_name":"INTEGRALIA Exidiet Pack 10 días quemagrasa con garcinia cambogia y L-Carnitina 10 viales envase 200 ml","name":"Exidiet Pack 10 días quemagrasa con garcinia cambogia y L-Carnitina 10 viales envase 200 ml","brand":"INTEGRALIA ","img":"https://sgfm.elcorteingles.es/SGFM/dctm/MEDIA03/201606/28/00120737406262____1__600x600.jpg","price":"16,45 €","price_unit":"(8,22 € / 100 ml.)","categories":["Supermercado","Dietéticos","Productos control de peso","Quemagrasas","INTEGRALIA Exidiet Pack 10 días quemagrasa con garcinia cambogia y L-Carnitina 10 viales envase 200 ml"],"general_information":["Denominación del alimento: Complemento alimenticio","Nombre del operador: General Dietetica S.L.","Dirección del operador: C/ Encuny, 2 08038 Barcelona (España).","Cantidad Neta: 100 Mililitros","Otras menciones obligatorias en la etiqueta: No superar la dosis recomendada. Los complementos alimenticios no sustituyen una dieta variada, equilibrada y un estilo de vida saludable. Mantener fuera del alcance de los niños más pequeños."],"ingredients":[" Agua, L-Carnitina tartrato, extracto de garcinia (garcinia cambogia L., Fruto, 60% ácido hidroxicítrico), colina citrato, extracto de mango africano (lrvingia gabonensis, semilla), extracto de abedul (Betula alba L., Hoja), inositol, L-Arginina, L-Ornitina, aroma, conservadores (sorbato potasio y benzoato sódico), edulcorantes (sucralosa y esteviol (extracto de Stevia)) y cloruro de cromo."],"conservation":" Conservar en lugar fresco, seco y al amparo de la luz.","ean":"8436000544398"},{"full_name":"INTEGRALIA Originalia Slim jarabe quemagrasa con mango africano IGOB, café verde, L-Carnitina y cromo estuche 500 ml","name":"Originalia Slim jarabe quemagrasa con mango africano IGOB, café verde, L-Carnitina y cromo estuche 500 ml","brand":"INTEGRALIA ","img":"https://sgfm.elcorteingles.es/SGFM/dctm/MEDIA03/201707/17/00120744501733____1__600x600.jpg","price":"18,35 €","categories":["Supermercado","Dietéticos","Productos control de peso","Quemagrasas","INTEGRALIA Originalia Slim jarabe quemagrasa con mango africano IGOB, café verde, L-Carnitina y cromo estuche 500 ml"],"general_information":[],"ingredients":[],"ean":"8436000544930"},{"full_name":"YNSADIET garcinia y café verde ayuda a controlar el apetito y la acumulación de grasas 90 cápsulas bote 74 g","name":"garcinia y café verde ayuda a controlar el apetito y la acumulación de grasas 90 cápsulas bote 74 g","brand":"YNSADIET ","img":"https://sgfm.elcorteingles.es/SGFM/dctm/MEDIA03/201612/27/00120744501568____1__600x600.jpg","price":"18,95 €","price_unit":"(25,61 € / 100 gr.)","categories":["Supermercado","Dietéticos","Productos control de peso","Quemagrasas","YNSADIET garcinia y café verde ayuda a controlar el apetito y la acumulación de grasas 90 cápsulas bote 74 g"],"general_information":[],"ingredients":[],"ean":"8412016365806"},{"full_name":"YNSADIET Dietasol aceite de coco favorece la pérdida de grasa 60 perlas envase 85 g","name":"Dietasol aceite de coco favorece la pérdida de grasa 60 perlas envase 85 g","brand":"YNSADIET ","img":"https://sgfm.elcorteingles.es/SGFM/dctm/MEDIA02/CONTENIDOS/201504/09/00120744501386____2__600x600.jpg","price":"12,60 €","price_unit":"(14,82 € / 100 gr.)","categories":["Supermercado","Dietéticos","Productos control de peso","Quemagrasas","YNSADIET Dietasol aceite de coco favorece la pérdida de grasa 60 perlas envase 85 g"],"general_information":[],"ingredients":[],"ean":"8412016363215"},{"full_name":"NATURTIERRA Lipo Burner quemagrasa con fucus y té verde 60 cápsulas envase 240 g","name":"Lipo Burner quemagrasa con fucus y té verde 60 cápsulas envase 240 g","brand":"NATURTIERRA ","img":"https://sgfm.elcorteingles.es/SGFM/dctm/MEDIA02/CONTENIDOS/201407/21/00120744501212____1__600x600.jpg","price":"4,19 €","price_unit":"(1,75 € / 100 gr.)","categories":["Supermercado","Dietéticos","Productos control de peso","Quemagrasas","NATURTIERRA Lipo Burner quemagrasa con fucus y té verde 60 cápsulas envase 240 g"],"general_information":["Denominación del alimento: Complemento alimenticio elaborado a base de especies vegetales, aminoácidos, colina e inositol.","Nombre del operador: Ynsadiet S.A.","Dirección del operador: Isaac Peral, 3 ? Pol. Ind. Ntra. Sra. de Butarque. 28914 Leganés (Madrid).","Cantidad Neta: 30.9 g"],"ingredients":[" Antiaglomerantes (Almidón de maíz, Celulosa, Estearato magnésico, Talco, y Óxido de silicio), Fucus extracto seco (Fucus vesiculosus L, talos secos) (100 mg), Té verde extracto seco (Camellia sinensis Kuntze, hojas) (40 mg), Hierba Mate extracto seco (Ilex paraguariensis St-Hill, hojas) ( 40 mg), L-Metionina (25 mg), Bitartrato de Colina (25 mg, eq a 10,42 mg de Colina), Inositol (25 mg), Gluconato de Manganeso (4,35 mg, eq. a 0,5 mg de Manganeso). Componentes de la cubierta de la cápsula: Gelatina y agua."],"conservation":" Ambiente seco y fresco.","ean":"8412016359058"},{"full_name":"NATURTIERRA mango africano 30 cápsulas envase 120 g","name":"mango africano 30 cápsulas envase 120 g","brand":"NATURTIERRA ","img":"https://sgfm.elcorteingles.es/SGFM/dctm/MEDIA02/CONTENIDOS/201407/21/00120744501220____1__600x600.jpg","price":"4,49 €","price_unit":"(3,74 € / 100 gr.)","categories":["Supermercado","Dietéticos","Productos control de peso","Quemagrasas","NATURTIERRA mango africano 30 cápsulas envase 120 g"],"general_information":["Denominación del alimento: Complemento alimenticio elaborado a base de especies vegetales.","Nombre del operador: Ynsadiet S.A.","Dirección del operador: Isaac Peral, 3 ? Pol. Ind. Ntra. Sra. de Butarque. 28914 Leganés (Madrid).","Cantidad Neta: 15.5 g"],"ingredients":[" Mango africano extracto seco ?IGOB 131®? (Mangifera indica sub. gabonensis, semillas de las frutas) (200 mg), Almidón de maíz, Antiaglomerantes (Silicato de magnesio, Estearato magnésico, Celulosa, Óxido de silicio). Componentes de la cubierta de la cápsula: Gelatina y agua."],"conservation":" Ambiente seco y fresco.","ean":"8412016361235"},{"full_name":"NATURTIERRA L-Carnitina favorece la quema de grasas 60 cápsulas envase 240 g","name":"L-Carnitina favorece la quema de grasas 60 cápsulas envase 240 g","brand":"NATURTIERRA ","img":"https://sgfm.elcorteingles.es/SGFM/dctm/MEDIA02/CONTENIDOS/201407/21/00120744501303____1__600x600.jpg","price":"4,19 €","price_unit":"(1,75 € / 100 gr.)","categories":["Supermercado","Dietéticos","Productos control de peso","Quemagrasas","NATURTIERRA L-Carnitina favorece la quema de grasas 60 cápsulas envase 240 g"],"general_information":["Denominación del alimento: Complemento alimenticio elaborado a base de L-Carnitina","Nombre del operador: Ynsadiet S.A.","Dirección del operador: Isaac Peral, 3 ? Pol. Ind. Ntra. Sra. de Butarque. 28914 Leganés (Madrid).","Cantidad Neta: 38.7 g"],"ingredients":[" L-Carnitina tartrato (400 mg, eq. a 266,7 mg de Carnitina), Antiaglomerantes (Fosfato bicálcico, Celulosa, Silicato de magnesio, Estearato de magnesio, Dióxido de silicio), Almidón de Maíz. Composición de la cubierta de la cápsula: gelatina y agua."],"conservation":" Ambiente seco y fresco.","ean":"8412016350871"},{"full_name":"NATURTIERRA garcinia camboina quemagrasa 30 cápsulas envase 120 g","name":"garcinia camboina quemagrasa 30 cápsulas envase 120 g","brand":"NATURTIERRA ","img":"https://sgfm.elcorteingles.es/SGFM/dctm/MEDIA02/CONTENIDOS/201409/09/00200344501275____1__600x600.jpg","price":"4,49 €","price_unit":"(3,74 € / 100 gr.)","categories":["Supermercado","Dietéticos","Productos control de peso","Quemagrasas","NATURTIERRA garcinia camboina quemagrasa 30 cápsulas envase 120 g"],"general_information":["Denominación del alimento: Complemento alimenticio elaborado a base de especies vegetales.","Nombre del operador: Ynsadiet S.A.","Dirección del operador: Isaac Peral, 3 ? Pol. Ind. Ntra. Sra. de Butarque. 28914 Leganés (Madrid).","Cantidad Neta: 18.7 g"],"ingredients":[" Garcinia extracto seco (Garcinia cambogia L, corteza del fruto) (500 mg), Antiaglomerantes (Estearato magnésico y Dióxido de silicio). Componentes de la cubierta de la cápsula: Gelatina, Colorantes (Óxido de hierro y Dióxido de titanio)."],"conservation":" Ambiente seco y fresco.","ean":"8412016362935"},{"full_name":"PRISMA NATURAL Adipo Block Total quemagrasas con mango africano envase 140 cápsulas","name":"Adipo Block Total quemagrasas con mango africano envase 140 cápsulas","brand":"PRISMA NATURAL ","img":"https://sgfm.elcorteingles.es/SGFM/dctm/MEDIA03/201702/01/00120737407351____1__600x600.jpg","price":"40,70 €","price_unit":"(535,53 € / Kilo)","categories":["Supermercado","Dietéticos","Productos control de peso","Quemagrasas","PRISMA NATURAL Adipo Block Total quemagrasas con mango africano envase 140 cápsulas"],"general_information":["Denominación del alimento: Suplemento alimentario","Nombre del operador: Nueva Dietética S.L.","Dirección del operador: P.I. Espaldillas. C/Espaldillas Diez 26-28,  41500 Alcalá de Guadaira, Sevilla.","Cantidad Neta: 65.52 g"],"ingredients":[" Irvingia Gabonensis, Celulosa Cristalina, Maltodextrina, Estearato de Magnesio, Dióxido de Silício."],"conservation":" Conservar en lugar fresco, seco y alejado de la luz. Conservar a temperatura no superior a 30°C.","ean":"8436048043570"},{"full_name":"PRISMA NATURAL Garcinia Cambogia inhibidor del apetito y quemagrasa envase 60 cápsulas","name":"Garcinia Cambogia inhibidor del apetito y quemagrasa envase 60 cápsulas","brand":"PRISMA NATURAL ","img":"https://sgfm.elcorteingles.es/SGFM/dctm/MEDIA03/201703/28/00120737407518____2__600x600.jpg","price":"17,45 €","price_unit":"(242,36 € / Kilo)","categories":["Supermercado","Dietéticos","Productos control de peso","Quemagrasas","PRISMA NATURAL Garcinia Cambogia inhibidor del apetito y quemagrasa envase 60 cápsulas"],"general_information":["Denominación del alimento: Suplemento alimentario","Nombre del operador: Nueva Dietética S.L.","Dirección del operador: P.I. Espaldillas. C/Espaldillas Diez 26-28,  41500 Alcalá de Guadaira, Sevilla.","Cantidad Neta: 72 g"],"ingredients":[" Composición por cada 2 Comprimidos: Extracto Seco de Garcinia Cambogia (Garcinia Cambogia Desr., Fruto, 60% Ácido Hidroxicítrico) 2400 mg."],"conservation":" Conservar en lugar fresco, seco y alejado de la luz. Conservar a temperatura no superior a 30°C.","ean":"8436048049220"},{"full_name":"PRISMA NATURAL Adipo Block Detox chocolate, avellanas y canela contribuye al metabolismo de las grasas 300 g y mantiene la función hepática normal sin gluten","name":"Adipo Block Detox chocolate, avellanas y canela contribuye al metabolismo de las grasas  300 g","brand":"PRISMA NATURAL ","img":"https://sgfm.elcorteingles.es/SGFM/dctm/MEDIA03/201703/28/00120737407419____2__600x600.jpg","price":"28,40 €","price_unit":"(94,67 € / Kilo)","categories":["Supermercado","Dietéticos","Productos control de peso","Quemagrasas","PRISMA NATURAL Adipo Block Detox chocolate, avellanas y canela contribuye al metabolismo de las grasas 300 g y mantiene la función hepática normal sin gluten"],"general_information":["Denominación del alimento: Suplemento alimentario","Nombre del operador: Nueva Dietética S.L.","Dirección del operador: P.I. Espaldillas. C/Espaldillas Diez 26-28,  41500 Alcalá de Guadaira, Sevilla.","Cantidad Neta: 300 g"],"ingredients":[" Proteína de leche concentrada, Aroma chocolate, Cacao desgrasado, Proteína hidrolizada de colágeno, Glicina, Colina bitartrato, Cloruro sódico, Café verde (Coffea arabica) 45 % ácido clorogénico, Cardo mariano (Silybum marianum ), Alcachofa (Cynara schollimus) 2,5%,Rabo de cereza extracto seco 4:1 (Prunus ceraseus ) rabos, Ulmaria (Spiraea ulmaria) 5:1 flores, Goma guar, Goma xantana."],"conservation":" Conservar en lugar fresco, seco y alejado de la luz. Conservar a temperatura no superior a 30°C.","ean":"8436048048551"},{"full_name":"PRISMA NATURAL Adipo Block Detox chocolate sublime contribuye al metabolismo de las grasas 300 g y mantiene la función hepática normal sin gluten","name":"Adipo Block Detox chocolate sublime contribuye al metabolismo de las grasas  300 g","brand":"PRISMA NATURAL ","img":"https://sgfm.elcorteingles.es/SGFM/dctm/MEDIA03/201703/28/00120737407393____2__600x600.jpg","price":"28,40 €","price_unit":"(9,47 € / 100 gr.)","categories":["Supermercado","Dietéticos","Productos control de peso","Quemagrasas","PRISMA NATURAL Adipo Block Detox chocolate sublime contribuye al metabolismo de las grasas 300 g y mantiene la función hepática normal sin gluten"],"general_information":["Denominación del alimento: Suplemento alimentario","Nombre del operador: Nueva Dietética S.L.","Dirección del operador: P.I. Espaldillas. C/Espaldillas Diez 26-28,  41500 Alcalá de Guadaira, Sevilla.","Cantidad Neta: 300 g"],"ingredients":[" Proteína de leche concentrada, Aroma chocolate, Cacao desgrasado, Proteína hidrolizada de colágeno porcino, Glicina, Colina bitartrato, Cloruro sódico, Café verde (Coffea arabica) 45 % ácido clorogénico, Cardo mariano (Silybum marianum ) polvo semilla, Alcachofa (Cynara schollimus) 2,5%, Rabo de cereza extracto seco 4:1 (Prunus ceraseus ) rabos, Ulmaria (Spiraea ulmaria) 5:1 flores, Goma guar, Goma xantana."],"conservation":" Conservar en lugar fresco, seco y alejado de la luz. Conservar a temperatura no superior a 30°C.","ean":"8436048048568"},{"full_name":"DIETA DUKAN tagliatelle de konjac sabor natural envase 200 g","name":"tagliatelle de konjac sabor natural envase 200 g","brand":"DIETA DUKAN ","img":"https://sgfm.elcorteingles.es/SGFM//00/25/6/0120744000256/0120744000256000g01011.jpg","price":"4,45 €","price_unit":"(22,25 € / Kilo)","categories":["Supermercado","Dietéticos","Productos control de peso","Complementos Diversos","DIETA DUKAN tagliatelle de konjac sabor natural envase 200 g"],"general_information":[],"ingredients":[],"ean":"3760151012570"},{"full_name":"DUKAN arroz de Konjac paquete 100 g","name":"arroz de Konjac paquete 100 g","brand":"DUKAN ","img":"https://sgfm.elcorteingles.es/SGFM/dctm/MEDIA03/201709/14/00120755000054____1__600x600.jpg","price":"4,49 €","price_unit":"(44,90 € / Kilo)","categories":["Supermercado","Dietéticos","Productos control de peso","Complementos Diversos","DUKAN arroz de Konjac paquete 100 g"],"general_information":[],"ingredients":[],"ean":"3760151013669"},{"full_name":"DUKAN cacao en polvo 1% de grasa y azúcares bolsa 200 g","name":"cacao en polvo 1% de grasa y azúcares bolsa 200 g","brand":"DUKAN ","img":"https://sgfm.elcorteingles.es/SGFM/dctm/MEDIA03/201709/14/00120716600349____1__600x600.jpg","price":"6,95 €","price_unit":"(34,75 € / Kilo)","categories":["Supermercado","Dietéticos","Productos control de peso","Complementos Diversos","DUKAN cacao en polvo 1% de grasa y azúcares bolsa 200 g"],"general_information":[],"ingredients":[],"ean":"3760151013812"},{"full_name":"DIETA DUKAN salsa tipo ketchup envase 320 g","name":"salsa tipo ketchup envase 320 g","brand":"DIETA DUKAN ","img":"https://sgfm.elcorteingles.es/SGFM//00/16/2/0200306700162/0200306700162000g01011.jpg","price":"3,61 €","price_unit":"(11,28 € / Kilo)","categories":["Supermercado","Dietéticos","Productos control de peso","Complementos Diversos","DIETA DUKAN salsa tipo ketchup envase 320 g"],"general_information":[],"ingredients":[],"ean":"3760151012006"},{"full_name":"DIETA DUKAN crema de chocolate y avellanas para untar con edulcorante envase 220 g","name":"crema de chocolate y avellanas para untar con edulcorante envase 220 g","brand":"DIETA DUKAN ","img":"https://sgfm.elcorteingles.es/SGFM/00/27/3/0120716600273/0120716600273000g01011.jpg","price":"3,55 €","price_unit":"(16,14 € / Kilo)","categories":["Supermercado","Dietéticos","Productos control de peso","Complementos Diversos","DIETA DUKAN crema de chocolate y avellanas para untar con edulcorante envase 220 g"],"general_information":[],"ingredients":[],"ean":"3760151011412"}]